2684 4140
856 278 1223 325 THEODORUS
1256 279 1632 326 METOCHITA.
2195 278 2295 326 331

208 423 393 474 ἐνίοτε
430 425 522 474 καὶ
571 422 639 471 τὰ
689 424 909 492 ῥήματα
961 424 1099 474 αὐτοὶ
1146 425 1239 475 καὶ
1286 427 1384 495 τὴν
1436 427 1704 476 σύνθεσιν
1754 418 1938 475 ἔπειτ’
1984 426 2152 495 αὐτὴν
2201 432 2303 476 τοῦ

207 494 391 574 λόγου,
428 509 501 577 μὴ
547 504 945 573 συγκαλύπτων
984 510 1213 576 ὁπῃοῦν,
1253 511 1330 570 ὡς
1357 511 1465 578 ἄρα
1494 507 1813 577 ἀλλοτρίοις
1843 512 2142 578 χρώμενος.
2205 511 2299 560 καὶ

211 593 342 660 ὁρᾶν
379 592 533 641 ἔστιν
583 592 789 641 οὑτωσὶ
838 589 1078 642 πλεῖστα
1115 590 1362 658 μάλιστα
1400 596 1493 644 καὶ
1539 588 1665 644 κατ’
1710 592 1851 644 ἄλλα
1900 601 2010 645 τῶν
2058 591 2294 661 βιβλίων

208 675 449 744 ἀμφοῖν,
500 676 530 723 ὁ
580 667 634 724 δ’
681 675 774 725 οὖν
818 674 1110 741 βασιλικὸς
1146 679 1440 741 Συνεσίου,
1493 678 1677 744 οἶμαι,
1726 681 1820 729 καὶ
1865 673 2034 748 ρ’ᾆστ>
2079 677 2293 742 ἔξεστιν

205 759 368 826 ὁρᾶν,
417 753 564 824 <ὁτι>
612 759 708 808 οὐκ
757 757 915 826 ὀλίγα
964 767 1074 811 τῶν
1111 763 1334 823 Δίωνος
1371 761 1679 829 βασιλικῶν
1728 764 2083 832 ἀποφέρεται
2126 782 2294 814 κατα-
2334 773 2357 812 5

207 838 482 904 σκευάζων
521 844 618 912 τὴν
658 845 941 912 πρόθεσιν
981 846 1173 907 αὐτοῖς
1210 848 1439 916 ῥήμασι,
1478 850 1571 898 καὶ
1608 849 1842 918 τίθησιν
1882 850 1958 909 ὡς
1988 842 2152 899 οἰκεῖ’
2199 851 2291 898 αύ-

202 932 305 976 τοῦ
338 928 633 990 Συνεσίου,
684 921 808 978 ἀλλ’
854 930 915 978 ού
954 932 1062 999 μήν
1103 932 1180 991 ὡς
1218 929 1388 982 ἄλλου
1426 933 1566 982 κατὰ
1613 933 1805 1000 χρείαν
1855 930 1919 1000 δή
1969 950 2094 984 τινα
2148 935 2293 1002 πρὸς

204 1011 486 1061 πίστωσιν
524 1017 635 1062 τῶν
675 1009 1172 1079 σπουδαζομένων,
1224 1017 1301 1077 ὡς
1346 1018 1440 1067 καὶ
1485 1010 1639 1067 τοῦτ>
1684 1017 1963 1068 εἰώθασιν
2002 1010 2190 1068 ἐνίοθ’
2238 1019 2293 1068 οἱ

204 1091 469 1161 λέγοντες.
547 1089 672 1146 ἀλλ>
715 1099 746 1147 ὁ
793 1113 852 1162 γε
892 1095 954 1167 δὴ
995 1100 1291 1162 Συνέσιος,
1340 1093 1488 1169 ᾗπερ
1528 1100 1776 1169 εἴρηται,
1815 1099 1988 1170 μηδὲν
2028 1099 2291 1168 εὐλαβού-

201 1195 384 1242 μενος,
425 1179 484 1230 εἴ
513 1198 600 1241 τις
638 1182 704 1231 ἂν
745 1178 1009 1250 ξυνορῴη,
1052 1184 1381 1252 συνυφαίνει
1418 1187 1514 1234 τὸν
1555 1182 1745 1251 λόγον,
1787 1187 1863 1246 ὡς
1904 1184 2133 1236 οἴκοθεν
2171 1191 2290 1255 τρέ-
2334 1195 2379 1236 10

196 1281 327 1327 χων,
368 1265 482 1329 ἅμα
523 1266 723 1333 πρόσω
766 1267 910 1334 φασὶ
945 1267 1039 1315 καὶ
1077 1268 1264 1316 ὀπίσω
1304 1269 1399 1317 καὶ
1438 1275 1631 1337 συνεχῆ
1660 1269 1799 1333 μετὰ
1839 1275 1949 1318 τῶν
1989 1271 2155 1330 αὐτὸς
2196 1273 2289 1321 αὑ-

199 1354 302 1397 τοῦ
334 1350 427 1398 καὶ
463 1350 705 1417 γνησίων
743 1349 844 1409 τὰς
884 1350 1081 1418 φωράς
1113 1353 1468 1415 ποιούμενος.
1531 1353 1625 1402 καὶ
1651 1358 1816 1401 τοῦτο
1842 1354 1944 1417 μὲν
1973 1354 2132 1403 οὕτω.
2197 1357 2292 1405 καὶ

197 1434 356 1483 κοινά
395 1448 454 1498 γε
495 1434 711 1502 ἀμφοῖν
748 1440 846 1502 τῆς
886 1440 1078 1503 φωνῆς
1117 1435 1213 1484 οὐκ
1251 1432 1426 1503 ὀλίγα,
1466 1438 1529 1486 τὸ
1572 1434 1634 1487 δέ
1658 1453 1718 1502 γε
1745 1434 2015 1487 πλεῖστον
2040 1435 2287 1502 μάλιστα

195 1518 436 1576 καὶτοῖς
463 1513 759 1578 πλείστοις
798 1514 991 1587 δῆλον·
1030 1518 1145 1567 ἀπὸ
1187 1525 1297 1569 τῶν
1336 1521 1603 1570 ἐναντίων
1633 1518 1798 1571 ἰδεῶν
1835 1522 1929 1571 καὶ
1969 1519 2288 1575 διαθέσεων

196 1602 327 1661 τοὺς
366 1598 562 1668 λόγους
601 1602 782 1653 αὐτῶν
815 1599 1249 1671 χρωματίζουσι.
1313 1606 1406 1655 καὶ
1430 1606 1697 1656 Συνεσίου
1737 1607 1838 1670 μὲν
1878 1605 2098 1676 εἴρηται
2137 1611 2286 1675 πέρι,
2328 1617 2373 1658 15

194 1689 396 1755 μέτρια
435 1690 562 1751 μέν,
613 1680 740 1736 ἀλλ’
786 1685 924 1748 ἴσως
961 1703 1021 1754 γε
1058 1689 1157 1757 τὴν
1197 1689 1450 1740 εὐτονίαν
1499 1691 1880 1758 ἀποχρώντως
1919 1698 2284 1759 παριστῶντα

195 1772 295 1839 τὴς
334 1772 629 1839 ἑρμηνείας
666 1777 778 1821 τῶν
819 1769 1011 1838 λόγων,
1049 1774 1143 1823 καὶ
1180 1776 1283 1836 ὅτι,
1323 1775 1374 1824 εἰ
1413 1772 1477 1844 δή
1518 1793 1605 1836 τις
1641 1777 1734 1825 καὶ
1772 1773 1957 1838 ἄλλος,
2000 1779 2194 1846 φεύγει
2221 1781 2283 1828 τὸ

196 1851 418 1922 ἀφελές,
450 1856 500 1904 εἰ
518 1857 611 1906 καὶ
629 1857 701 1926 μὴ
729 1853 910 1917 δεινός
931 1857 1055 1906 ἐστι
1072 1858 1211 1926 μήτε
1230 1858 1370 1907 κατὰ
1396 1861 1566 1928 φύσιν
1584 1861 1722 1929 μήτε
1752 1854 1878 1910 κατ’
1904 1860 2282 1931 ἐπιτήδευσιν.

199 1941 392 2007 φεύγει
431 1933 484 1989 δ’
529 1939 639 2003 οὖν,
681 1942 757 2001 ὡς
796 1942 955 2011 ἔφην,
997 1943 1169 1992 παντὶ
1206 1945 1397 2010 τρόπῳ
1440 1946 1502 1993 τὸ
1542 1941 1765 2013 ἀφελές,
1803 1947 1896 1995 καὶ
1924 1943 2156 1996 δύναται
2192 1950 2285 1997 καὶ

194 2025 441 2091 αἱρεῖται
487 2017 612 2073 κατ’
656 2025 797 2086 ἔθος
843 2023 1108 2094 ἐπίτηδες
1155 2028 1248 2077 καὶ
1302 2028 1370 2076 τοὶ
1426 2026 1705 2091 καθάπαξ
1759 2028 2116 2099 εὐτελέστερα
2170 2038 2281 2081 τῶν
2322 2043 2367 2083 20

192 2111 539 2176 πραγμάτων
577 2125 637 2158 τε
674 2111 768 2160 καὶ
805 2111 1160 2179 ἐννοημάτων
1199 2109 1496 2180 ἐπιμελείᾳ
1546 2115 1658 2163 τινὶ
1701 2121 1799 2183 τῆς
1851 2112 2098 2184 γλώττης
2136 2113 2283 2178 ἐξαί-

190 2208 309 2259 ρειν
348 2194 561 2261 ὁπῃοῦν
599 2195 693 2244 καὶ
733 2192 1033 2261 λογοειδῶς
1072 2194 1459 2262 ἀπαγγέλλειν.
1535 2200 1718 2249 Δίωνι
1758 2197 1816 2249 δὲ
1857 2197 2093 2269 πλείστη
2137 2203 2282 2251 πάνυ

188 2292 279 2326 τοι
315 2284 413 2347 τῆς
452 2276 722 2348 ἀφελείας
760 2277 1056 2345 ἐπιμέλεια
1095 2276 1216 2347 <ἐν>
1253 2280 1331 2348 τῷ
1373 2279 1577 2349 λέγειν,
1624 2285 1717 2334 καὶ
1766 2285 1907 2334 κατὰ
1960 2287 2131 2354 φύσιν
2183 2287 2282 2350 μὲν

189 2362 334 2411 οὕτω
374 2366 500 2424 ταῖς
539 2361 843 2433 ἀληθείαις
876 2366 1080 2433 χαίρει,
1121 2362 1262 2415 ἀλλὰ
1300 2367 1394 2416 καὶ
1432 2365 1578 2417 πολύ
1615 2360 1770 2418 τοῦτ’
1803 2369 1961 2436 ἔργον
2003 2369 2151 2436 αὐτῷ
2190 2372 2283 2421 καὶ

191 2444 443 2517 σπουδῆς
481 2450 670 2518 πάσης
719 2451 795 2510 ὡς
844 2451 1028 2500 εἰπεῖν
1081 2447 1438 2515 ἀξιούμενον,
1488 2451 1755 2522 ἐπίτηδες
1805 2451 2168 2504 πλάττεσθαι
2216 2456 2278 2504 τὸ
2321 2465 2366 2505 25

188 2529 397 2600 ἀφελές
434 2549 492 2582 τε
531 2535 624 2583 καὶ
660 2535 864 2585 ὕπτιον
902 2536 996 2584 καὶ
1033 2536 1339 2604 ἀποίητον·
1385 2538 1479 2587 καὶ
1519 2538 1710 2605 ὥσπερ
1753 2536 1816 2607 δή
1856 2556 1912 2589 τι
1951 2536 2087 2588 ἀλλο
2127 2536 2274 2605 ἄλλῳ

186 2633 282 2677 τω,
322 2618 415 2666 καὶ
454 2616 605 2684 αὐτῷ
632 2619 916 2686 πρόθεσίς
955 2621 1078 2670 ἐστι
1116 2622 1179 2670 τὸ
1220 2622 1499 2689 ἄκομψον,
1538 2624 1632 2673 καὶ
1668 2625 1731 2673 τὸ
1770 2625 2124 2688 θαυμάσιον·
2167 2621 2275 2673 δει-

186 2703 350 2769 νότης
378 2703 529 2752 ἐστὶν
558 2701 707 2770 αὐτῷ
743 2705 884 2753 κατὰ
911 2702 1165 2769 μέθοδον
1190 2709 1222 2775 ἠ
1252 2704 1509 2775 ἀφέλεια,
1547 2709 1641 2757 καὶ
1666 2708 1806 2757 κατὰ
1836 2710 2006 2777 φύσιν
2035 2705 2274 2757 δοκοῦσα

186 2782 331 2833 πολὺ
358 2783 570 2851 μᾶλλόν
599 2789 752 2839 ἐστιν
779 2790 1132 2856 ὑποκρίσεως
1160 2791 1337 2857 ἔργον,
1376 2793 1469 2841 καὶ
1494 2793 1556 2840 τὸ
1587 2793 1877 2841 πειστικὸν
1905 2793 2038 2840 αὐτὸ
2062 2788 2272 2855 μᾶλλον

185 2875 424 2937 πράττει
462 2879 530 2941 τῇ
570 2870 807 2942 δοκούσῃ
846 2890 906 2940 γε
945 2871 1235 2941 ἀπλαστίᾳ
1272 2877 1365 2924 καὶ
1402 2874 1483 2940 τῴ
1522 2878 1840 2943 φαινομένῳ
1882 2872 2058 2941 ῥᾳδίῳ
2099 2891 2158 2923 τε
2183 2876 2276 2924 καὶ
2310 2884 2357 2925 30

185 2952 542 3023 ἀτημελήτῳ,
591 2959 684 3007 καὶ
730 2958 832 3017 τὰς
882 2959 1166 3026 ἐννοήσεις
1214 2955 1411 3016 ἁπλῶς
1458 2958 1534 3016 ὡς
1582 2958 1764 3006 εἰπεῖν
1822 2960 2127 3025 προφέρων
2174 2959 2270 3006 καὶ

184 3037 459 3103 ἀκόμψως
483 3042 786 3107 χρώμενος,
817 3042 894 3101 ὡς
920 3042 1028 3108 ἄρα
1054 3034 1189 3108 μηδ’
1221 3042 1297 3089 ὢν
1324 3041 1381 3088 ἐν
1411 3037 1672 3108 φροντίδι
1702 3042 1812 3089 τινὶ
1835 3038 2088 3104 μεθόδου
2115 3043 2267 3101 τινὸς

183 3121 276 3169 καὶ
324 3118 679 3189 διοικήσεως,
740 3124 802 3172 εὖ
852 3115 989 3187 μάλ’
1042 3119 1448 3191 ἐπηλυγάζεται
1503 3125 1596 3173 καὶ
1645 3121 1947 3174 λανθάνειν
1996 3131 2265 3193 πειρᾶται

187 3201 458 3253 συνέλκων
498 3205 775 3266 ἀσείστως
812 3223 870 3255 τε
907 3208 1000 3256 καὶ
1038 3207 1382 3267 ἀνυπόπτως
1419 3208 1515 3256 τὸν
1555 3208 1829 3278 ἀκροατήν
1867 3200 2026 3278 <ἐφ’>
2065 3211 2099 3258 ὁὶ
2135 3211 2262 3276 βού-

186 3286 357 3351 λεται,
396 3290 468 3357 μή
511 3292 1006 3357 προσποιούμενος
1033 3287 1428 3357 ἀγωνίζεσθαι.
1492 3293 1585 3341 καὶ
1624 3289 1789 3361 δῆλός
1814 3294 1937 3343 ἐστι
1960 3295 2061 3357 μὲν
2090 3296 2266 3356 οὕτως
2301 3303 2349 3343 35

183 3367 278 3442 ἄρ’
324 3375 477 3438 ἔχων,
518 3373 575 3423 εἴ
606 3391 692 3434 τις
733 3374 827 3438 οὐχ
866 3372 1152 3435 ἁπλοϊκῶς
1190 3376 1491 3439 ἐμπίπτων
1531 3375 1594 3424 εὖ
1615 3369 1750 3440 μάλ’
1783 3374 1944 3438 ἀξιοῖ
1967 3382 2263 3444 προσέχειν

326 3585 350 3625 5
383 3573 457 3627 ὅτι
486 3580 653 3624 inserui
770 3584 819 3623 10
851 3581 1120 3637 συνυφαίνει
1149 3579 1325 3635 scripsi,
1356 3582 1656 3638 συνυφαίνων
1675 3582 1805 3637 vulgo
1897 3587 1947 3626 12
1978 3579 2064 3636 τὰς
2093 3580 2262 3643 φωρὰς

183 3652 358 3709 scripsi,
389 3655 470 3711 τῆς
500 3654 658 3710 φορᾶς
686 3652 815 3706 vulgo
955 3654 1008 3693 23
1038 3648 1091 3695 ἐν
1119 3651 1288 3694 inserui
1433 3654 1485 3694 32
1515 3646 1626 3709 μηδ’
1657 3647 1727 3697 ὢν
1756 3652 1930 3708 scripsi,
1960 3652 2102 3711 μηδὲν
2131 3654 2258 3707 vulgo

185 3727 238 3766 34
268 3717 353 3780 ἐφ’
383 3723 553 3767 inserui
