2684 4140
1037 298 1264 345 ORATIO
1293 297 1544 344 LXXVIII.
2226 297 2330 347 213

238 443 366 496 οὐδὲ
405 449 516 496 τῶν
552 446 761 496 κύκνων
800 444 1163 511 ἐπιβοώντων
1211 446 1304 496 καὶ
1356 444 1871 514 συμφθεγγομένων
1923 444 2226 513 φροντίσαι
2265 445 2331 495 ἂν

0 448 3 601 Ι
241 528 428 594 οὐδέν,
481 532 569 580 ὅτι
619 531 714 580 οὐκ
762 528 911 595 εἶχον
959 533 1152 600 τέχνην
1202 527 1329 580 οὐδὲ
1379 529 1696 599 ἐπιστήμην
1748 528 1881 596 περὶ
1927 529 1991 578 τὸ
2041 526 2328 596 μελῳδεῖν.

241 609 390 684 [εἷεν]
463 615 521 665 τί
559 612 648 677 δέ,·
699 616 913 682 ὑγιείας
948 617 1202 684 μάρτυρα
1239 615 1334 665 καὶ
1369 615 1670 683 ἐπαινέτην
1717 605 1972 679 βούλοιτ’
2028 614 2095 664 ἂν
2135 615 2166 663 ὁ
2201 620 2331 665 νοῦν

238 700 377 764 ἔχων
416 699 552 768 ἀνὴρ
591 701 685 749 ἕνα
716 696 922 765 λαβεῖν,
962 701 1119 760 ὅστις
1146 700 1395 767 ἰατρικὸς
1419 700 1514 748 καὶ
1539 698 1672 767 περὶ
1713 699 1974 763 σώματος
2010 698 2334 768 θεραπείας

181 791 207 832 5
243 784 530 852 ἔμπειρος,
568 783 600 852 ἢ
642 780 858 844 πολλάς
894 781 1174 853 μυριάδας
1212 784 1540 853 ἀνθρώπων
1580 780 1740 833 οὐδὲν
1777 783 2113 846 ἐπαϊόντων,
2155 783 2227 847 οἵ,
2267 784 2334 834 ἂν

14 915 15 923 ,
241 868 386 918 οὕτω
426 868 586 936 τύχῃ,
636 871 999 937 πεπρημένον
1047 869 1284 937 ὁρῶντες
1333 860 1501 918 αὐτὸν
1548 868 1660 917 ὑπὸ
1712 869 1881 917 νόσου
1929 869 2023 918 καὶ
2072 865 2333 919 οἰδοῦντα
2409 884 2417 893 ”

14 943 334 1034 ἶαξξὸίζέῧκαὶ
379 949 657 1016 ὕπουλον,
716 949 1075 1022 μακαρίζοιεν
1126 954 1202 1014 ὡς
1249 949 1701 1017 Πουλυδάμαντα
1761 953 1858 1002 τὸν
1911 948 2192 1003 Θετταλὸν
2241 954 2335 1003 καὶ

235 1034 486 1087 Γλαῦκον
523 1038 619 1087 τὸν
646 1037 968 1107 Καρύστιον
1006 1039 1306 1106 ἡγούμενοι
1344 1034 1637 1106 διαφέρειν
1675 1028 1893 1104 εὗεξίᾳ,·
1931 1033 2072 1086 ἀλλά
2112 1037 2194 1098 εἰς
2230 1038 2331 1103 μὲν
2352 1039 2415 1091 21

242 1119 474 1190 αὔλησιν
515 1123 608 1172 καὶ
632 1119 988 1191 κιθαρῳδίαν
1012 1123 1106 1172 καὶ
1129 1116 1254 1187 <τὸ>
1279 1124 1562 1190 περιεῖναι
1588 1117 1905 1170 παλαίοντα
1930 1122 1963 1190 ἢ
1993 1123 2336 1172 πυκτεύοντα

159 1213 208 1256 10
242 1211 354 1256 τῶν
393 1204 578 1257 ἄλλων
610 1207 877 1256 ἁπάντων
905 1199 1205 1274 [οὐδαμῶς]
1233 1207 1263 1255 ὁ
1287 1211 1398 1255 τῶν
1425 1205 1819 1268 ἐπισταμένων
1846 1205 2082 1265 ἔπαινος
2107 1203 2339 1274 ἥδιστος

176 1331 181 1335 .
239 1295 362 1352 τοῖς
400 1288 584 1341 εἰδόσι
620 1291 714 1340 καὶ
751 1287 1026 1359 πλείστης
1067 1287 1320 1359 σπουδῆς
1358 1286 1549 1351 ἄξιος·
1591 1288 1672 1348 εἰς
1712 1284 1771 1337 δὲ
1814 1291 2088 1357 φρόνησιν
2124 1291 2218 1340 καὶ
2258 1287 2338 1340 δι-

235 1377 539 1444 καιοσύνην
577 1375 671 1425 καὶ
710 1371 1010 1439 ξύμπασαν
1050 1374 1250 1443 ἀρετὴν
1292 1374 1481 1434 ἱκανὸς
1521 1363 1802 1442 εὗφρᾶναι
1839 1373 1936 1423 τὸν
1974 1377 2103 1423 νοῦν
2141 1374 2336 1438 ἔχοντα

234 1462 329 1511 καὶ
366 1457 789 1529 ἀποπληρῶσαι
835 1461 934 1530 τὴν
975 1457 1232 1510 διάνοιαν
1281 1454 1374 1524 <ὁ>
1419 1464 1530 1509 τῶν
1582 1455 1828 1528 ἠλιθίων
1865 1459 1960 1509 καὶ
1996 1463 2106 1509 τῶν
2145 1459 2337 1508 ἐπιτυ-

230 1547 477 1610 χόντων,·
513 1572 583 1580 -—
618 1538 981 1612 <Οὐδαμῶς.>
1018 1571 1084 1579 -
1110 1545 1178 1596 Δ.
1208 1545 1324 1595 Καὶ
1362 1546 1604 1613 πότερον
1645 1542 1754 1593 οἴει
1792 1544 1888 1593 τὸν
1927 1543 2198 1612 ἔμπειρον
2237 1550 2334 1613 τῆς
2355 1546 2423 1596 22

156 1635 207 1680 15
241 1636 557 1700 τεκτονικῆς
594 1633 804 1699 τέχνης,
843 1623 984 1680 εἰθύ
1023 1646 1080 1680 τι
1117 1629 1477 1699 ἐργάσασθαι
1503 1625 1860 1695 βουλόμενον,
1901 1629 1982 1679 ἑνὶ
2009 1630 2336 1697 προσαρμό-

242 1727 416 1775 σαντα
453 1717 647 1765 κανόνι
682 1716 777 1766 καὶ
813 1713 921 1783 μιᾷ
962 1715 1190 1784 στάθμῃ
1235 1715 1713 1783 σταθμησάμενον
1750 1710 1911 1782 ἥδιον
1938 1713 2082 1778 ἔχειν
2106 1714 2201 1763 καὶ
2238 1727 2337 1762 πε-

238 1801 518 1862 ποιθέναι
557 1801 689 1869 περὶ
725 1807 824 1870 τῆς
864 1799 1180 1869 ὀρθότητος
1216 1797 1425 1865 μᾶλλον
1462 1800 1494 1869 ἢ
1537 1795 1774 1858 πολλοῖς
1812 1814 1871 1848 τε
1896 1799 1991 1848 καὶ
2017 1794 2339 1863 ἀνωμάλοις

239 1882 428 1948 ξύλοις
477 1884 874 1935 ἀπευθύνοντα
921 1886 1016 1935 καὶ
1067 1890 1518 1953 καταμετροῦντα
1532 1902 1552 1946 ,·
1613 1887 1750 1954 φέρε
1810 1883 1956 1952 πρὸς
2004 1883 2176 1946 Διός,
2230 1882 2337 1950 ἄρα

239 1967 479 2036 ἀκήκοας
506 1961 802 2036 ζωγράφου
836 1967 1129 2035 χαρίεντος
1155 1967 1331 2035 ἔργον,
1370 1967 1591 2035 γραφήν
1629 1983 1755 2016 τινα
1794 1968 2117 2033 προθέντος
2155 1968 2237 2029 εἰς
2273 1968 2337 2016 τὸ

157 2062 208 2104 20
246 2054 490 2121 φανερὸν
542 2052 725 2101 ἵππου
774 2052 1113 2120 θαυμαστήν
1160 2068 1220 2101 τε
1267 2053 1360 2102 καὶ
1410 2051 1654 2120 ἀκριβῶς
1712 2052 1979 2116 ἔχουσαν,·
2040 2053 2183 2121 φασὶ
2230 2052 2333 2120 γὰρ
2357 2053 2424 2103 23

241 2130 409 2187 αὐτὸν
445 2133 704 2187 κελεῦσαι
730 2133 1195 2206 παραφυλάττειν
1222 2138 1319 2186 τὸν
1346 2133 1527 2186 παῖδα
1556 2137 1687 2196 τοὺς
1726 2137 1990 2205 ὁρῶντας,
2032 2138 2082 2187 εἰ
2108 2140 2339 2203 ψέγοιεν

236 2223 269 2291 ἢ
311 2223 627 2284 ἐπαινοῖεν,
673 2222 767 2272 καὶ
801 2222 1263 2290 μνημονεύσαντα
1305 2218 1646 2288 ἀπαγγεῖλαι
1683 2222 1829 2286 πρὸς
1868 2214 2053 2272 αὐτόν.
2129 2227 2239 2272 τῶν
2281 2220 2339 2272 δὲ

239 2308 472 2357 ἕκαστον
510 2303 679 2357 ἄλλον
719 2303 855 2356 ἄλλο
895 2323 953 2357 τι
994 2303 1171 2373 λέγειν
1210 2308 1343 2375 περὶ
1379 2313 1479 2376 τῆς
1503 2313 1725 2376 γραφῆς
1761 2307 1856 2357 καὶ
1883 2307 2204 2370 αἰτιᾶσθαι,
2244 2309 2341 2357 τὸν

13 2403 214 2447 v242321311)
236 2395 338 2457 μέν
375 2409 500 2442 τινα
542 2390 703 2457 οἶμαι
741 2393 839 2461 τὴν
887 2388 1162 2461 κεφαλήν,
1212 2392 1308 2442 τὸν
1350 2388 1408 2441 δὲ
1447 2391 1516 2440 τὰ
1558 2391 1741 2455 ἰσχία,
1791 2393 1888 2441 τὸν
1939 2389 1997 2442 δὲ
2046 2393 2181 2461 περὶ
2230 2397 2341 2442 τῶν

157 2486 207 2528 25
247 2474 471 2540 σκελῶν,
511 2478 603 2540 ὡς,
643 2478 694 2527 εἰ
719 2482 953 2527 τοιαῦτα
979 2465 1237 2544 ἐγεγόνει,
1278 2473 1423 2526 πολὺ
1449 2473 1677 2527 κάλλιον
1704 2477 1771 2526 ἂν
1798 2475 1957 2541 εἶχεν.
2022 2478 2339 2527 ἀκούσαντα

243 2558 301 2611 δὲ
340 2563 436 2612 τὸν
472 2565 694 2631 γραφέα
733 2568 836 2612 τοῦ
871 2559 1108 2625 παιδός,
1159 2563 1539 2631 ἐργασάμενον
1590 2558 1762 2631 ἄλλην
1800 2563 2021 2632 γραφὴν
2064 2562 2205 2612 κατὰ
2244 2563 2342 2631 τὴν

239 2652 350 2697 τῶν
390 2644 617 2697 πολλῶν
658 2645 825 2710 δόξαν
862 2649 956 2698 καὶ
994 2648 1281 2710 ἐπίνοιαν,
1329 2644 1589 2698 κελεῦσαι
1635 2647 1833 2697 θεῖναι
1871 2646 2028 2715 παρὰ
2066 2648 2165 2716 τὴν
2203 2648 2342 2715 πρό-

240 2747 416 2799 τερον.
506 2731 653 2782 εἶναι
703 2732 797 2783 οὖν
847 2729 994 2782 πολὺ
1044 2734 1107 2782 τὸ
1161 2729 1463 2802 διαφέρον·
1514 2733 1613 2801 τὴν
1660 2733 1761 2796 μὲν
1809 2732 1913 2800 γάρ
1967 2732 2341 2800 ἀκριβέστατα
2425 2752 2427 2756 ⁴

240 2817 410 2881 ἔχειν,
459 2819 557 2888 τὴν
610 2815 667 2868 δὲ
710 2817 973 2883 αἴσχιστα
1010 2819 1104 2868 καὶ
1139 2815 1472 2884 γελοιότατα
1520 2818 1614 2867 καὶ
1653 2822 1799 2866 πᾶσι
1835 2813 2045 2880 μᾶλλον
2091 2817 2123 2884 ἢ
2178 2816 2339 2880 ἵππῳ

159 2910 210 2954 30
246 2903 503 2953 ἐοικέναι.
591 2900 757 2974 δῆλον
808 2903 902 2953 οὖν
952 2904 1028 2964 ὡς
1067 2904 1118 2953 εἰ
1158 2899 1381 2972 σφόδρα
1421 2898 1839 2970 προσδεήσεται
1886 2905 1989 2949 τοῦ
2033 2899 2189 2967 παρὰ
2226 2904 2337 2949 τῶν
2359 2899 2429 2950 24

243 2985 469 3038 πολλῶν
508 2989 763 3052 ἐπαίνου,
803 2995 901 3057 τῆς
941 2989 1114 3038 αὑτοῦ
1143 2988 1365 3054 γνώμης
1390 2987 1696 3052 ἡγούμενος
1720 2985 2056 3052 κυριώτερον
2082 2985 2178 3033 τὸν
2206 2983 2342 3034 ἑκεί-

243 3088 353 3121 νων
391 3074 574 3138 ψόγον
611 3089 670 3122 τε
707 3074 801 3123 καὶ
846 3073 1109 3134 ἔπαινον,
1163 3072 1340 3130 οὕτως
1389 3072 1594 3119 ἕκαστα
1644 3065 1851 3137 πράξει
1899 3069 1993 3118 καὶ
2042 3068 2342 3137 προθυμή-

400 3240 417 3279 1
454 3235 883 3295 συμφθειρομένων
912 3234 1031 3290 libri,
1063 3246 1180 3278 corr.
1213 3232 1387 3277 Selden.
1523 3236 1547 3276 3
1580 3228 1675 3278 εἷεν
1704 3231 1890 3286 seclusi3
1919 3233 2070 3289 potuit
2098 3246 2180 3289 per
2209 3232 2343 3278 ditto-

252 3307 490 3363 graphiam
522 3306 629 3351 oriri
772 3308 818 3352 τί
847 3308 923 3352 δαὶ
952 3305 1031 3349 UB
1175 3299 1310 3364 ὗγίας
1339 3303 1389 3347 Μ
1531 3302 1876 3374 §gramma-M
2010 3307 2038 3348 4
2067 3300 2151 3351 ἕνα
2182 3307 2348 3363 λαβεῖν

244 3377 294 3421 Μ
327 3372 590 3436 ἀναλαβεῖν
620 3377 701 3421 UB
823 3381 847 3421 5
881 3374 928 3422 οἳ
958 3373 1018 3423 ἀ’ν
1050 3375 1258 3431 Οαεαιιὶ).,
1291 3370 1337 3420 οἷ
1367 3371 1428 3420 ἄν
1457 3373 1506 3418 Μ
1537 3376 1596 3420 ώι
1625 3370 1686 3421 ἄν
1715 3374 1754 3419 U
1786 3375 1824 3419 ὠ
1857 3370 1917 3421 ἄν
1945 3375 1984 3418 Β
2109 3379 2134 3419 6
2165 3390 2346 3435 πεπρη-

247 3476 397 3533 μένον
427 3476 517 3521 ΒΜ
547 3448 849 3535 πεπλῖμὲνον
878 3478 922 3527 (λ
951 3478 996 3518 et
1025 3489 1054 3520 σ
1084 3486 1112 3518 a
1142 3476 1276 3526 corr.)
1306 3472 1347 3517 U
1477 3477 1502 3518 9
1533 3469 1591 3520 τὸ
1624 3473 1725 3518 add.
1757 3473 1927 3518 Reiske
2043 3467 2089 3519 δ’
2120 3468 2149 3529 ἢ
2179 3472 2259 3518 UB

249 3553 301 3592 10
335 3543 553 3605 οὐδαμῶς
584 3548 658 3592 hic
688 3546 873 3592 seclusit
893 3545 1074 3600 Reiske‚
1106 3544 1276 3589 addidit
1303 3544 1333 3588 1.
1363 3547 1414 3588 14
1507 3548 1550 3588 11
1586 3541 1791 3602 πλήστης
1811 3544 1859 3587 Μ
1948 3544 1992 3591 εἰ
2018 3556 2100 3600 pro
2132 3543 2198 3597 εἰς
2218 3543 2260 3589 U

249 3623 299 3664 13
332 3617 357 3666 ὃ
392 3620 494 3665 add.
527 3619 695 3663 Reiske
815 3621 866 3662 14
898 3611 1116 3674 σι’-δαμῶς
1145 3616 1234 3660 huc
1263 3616 1547 3672 transposuit
1575 3615 1766 3671 Reiske3
1799 3615 1855 3659 cf.
1887 3616 1944 3659 ad
1974 3614 2003 3659 l.
2031 3620 2081 3659 10
2193 3618 2243 3659 15
2275 3608 2344 3660 εύ-

246 3687 336 3744 θύς
364 3690 416 3734 Μ
505 3694 557 3735 16
589 3686 779 3748 στάθμῃ
812 3702 897 3734 om.
928 3688 977 3733 M
1064 3684 1157 3745 ἔχει
1179 3688 1216 3730 Β
1304 3689 1357 3730 22
1387 3682 1418 3746 ἢ
1446 3685 1691 3733 ἐπαινοῖεν
1719 3686 1790 3731 bis
1821 3685 2021 3732 exaravit
2050 3685 2090 3730 U
2110 3699 2167 3731 m.
2189 3698 2257 3742 pr.

250 3764 303 3804 27
336 3764 479 3821 θῆναι
509 3760 551 3806 U
580 3774 638 3806 m.
669 3773 737 3818 pr.
857 3763 909 3804 28
942 3753 1288 3819 ἀκριβεστάτην
1318 3757 1366 3800 M
1482 3760 1531 3801 31
1567 3752 1716 3804 αὐτοῦ
1744 3756 1860 3812 libri,
1892 3769 2008 3802 corr.
2039 3756 2174 3802 Dind.
