2684 4140
383 283 449 331 60
1046 257 1250 306 DIONIS
1279 253 1361 298 AD
1390 243 1753 295 APAMENSES

382 422 517 480 chg·
587 407 687 483 ὑφ,
738 411 802 479 ἧς
850 405 1008 472 δεῦρο
1057 395 1391 466 ἐπέμφθητε
1443 387 1604 460 φίλοι
1662 385 1724 456 δὴ
1778 383 1933 453 παρὰ
1986 377 2187 452 φίλους
2236 374 2437 449 [δεῦρο]

386 457 719 569 οἰκήσοντες·
759 491 790 559 ἢ
828 491 1092 538 τοσοῦτον
1119 478 1337 544 εὐτυχίᾳ
1365 472 1713 543 διαφέρουσα
1752 474 1863 519 τῶν
1903 463 2086 516 ἄλλων
2114 464 2441 532 ἀνθρώπων

375 586 465 636 καὶ
503 579 726 642 δυνάμει
763 569 933 623 πλέον
973 566 1281 634 διενήνοχεν
1330 557 1607 624 ἐπιεικείᾳ
1653 555 1746 605 καὶ
1785 549 2227 623 φιλανθρωπίᾳ,
2276 555 2442 600 τοῦτο

374 669 473 733 μὲν
520 660 790 731 ἀφθόνως
844 647 1218 719 μεταδιδοῦσα
1265 645 1358 695 καὶ
1409 639 1703 700 πολιτείας
1744 638 1837 687 καὶ
1881 638 2065 701 νόμων
2107 635 2201 685 καὶ
2243 635 2443 703 ἀρχῶν,

375 737 551 799 οὐδέν’
592 739 881 807 ἀλλότριον
918 736 1186 802 ἡγουμένη
1227 734 1336 779 τῶν
1363 724 1551 789 ἀξίων,
1590 729 1754 773 τοῦτο
1784 719 1842 772 δὲ
1871 721 2082 786 ὁμοίως
2109 720 2296 770 ἅπασι
2334 737 2437 790 φυ-
2473 726 2501 769 5

290 835 350 885 10
371 829 639 880 λάττουσα
680 823 741 873 τὸ
789 818 1015 871 δίκαιον.
1085 816 1149 884 ἢν
1193 812 1467 882 προσήκει
1503 810 1881 875 μιμουμένους
1917 807 2057 870 ὑμᾶς
2094 797 2316 873 πρᾴους
2351 805 2446 856 καὶ

369 908 786 979 μεγαλόφρονας
826 901 1139 974 φαίνεσθαι
1174 899 1267 948 καὶ
1303 900 1423 956 τοῖς
1461 895 1618 961 ἐγγύς
1657 893 1801 943 οὕτω
1826 888 1978 958 (καὶ)
2006 889 2286 950 συνοίκοις
2325 903 2444 954 σχε-

369 996 462 1048 δὸν
498 996 568 1064 μὴ
610 987 890 1057 χαλεπούς
925 982 1063 1054 μηδὲ
1102 982 1499 1051 ὑπερηφάνους
1537 979 1817 1046 γείτονας,
1867 976 2012 1045 πρὸς
2051 975 2147 1035 οὓς
2184 974 2314 1039 ὑμῖν
2351 975 2446 1026 καὶ

368 1082 535 1148 γάμοι
570 1076 746 1127 κοινοὶ
781 1073 873 1123 καὶ
910 1074 1068 1121 τέκνα
1106 1069 1199 1118 καὶ
1237 1063 1527 1117 πολιτεῖαι
1568 1064 1661 1115 καὶ
1698 1062 1904 1113 θυσίαι
1943 1061 2096 1111 θεῶν
2133 1060 2227 1110 καὶ
2266 1075 2444 1130 πανη-

290 1169 293 1171 ’
367 1166 546 1232 γύρεις
581 1161 673 1212 καὶ
707 1159 997 1222 θεάματα,
1046 1154 1139 1204 καὶ
1178 1147 1641 1217 συμπαιδεύεσθε
1678 1151 1799 1209 τοῖς
1834 1138 1975 1197 καθ’
2019 1148 2114 1197 ἕνα
2150 1146 2244 1196 καὶ
2284 1159 2436 1197 συνε-
2477 1153 2525 1196 10

371 1246 608 1298 στιᾶσθε
644 1245 735 1294 καὶ
771 1237 1039 1309 ἀλλήλους
1077 1234 1432 1302 ὑποδέχεσθε
1468 1235 1562 1286 καὶ
1588 1226 1890 1303 [ἀλλήλοις]
1917 1233 2012 1282 τὸν
2040 1228 2219 1282 πλείω
2243 1233 2444 1301 χρόνον

371 1329 778 1398 συνδιατρίβετε
814 1326 904 1376 καὶ
935 1321 1128 1388 σχεδὸν
1157 1322 1237 1383 εἷς
1264 1323 1390 1371 ἐστε
1419 1322 1593 1390 δῆμος
1618 1319 1710 1369 καὶ
1735 1318 1838 1383 μία
1866 1314 2035 1378 πόλις
2061 1318 2119 1367 ἐν
2147 1317 2208 1367 οὐ
2248 1313 2443 1384 πολλῷ

370 1416 717 1484 διαστήματι.
766 1412 857 1462 καὶ
881 1410 1066 1460 τοίνυν
1094 1404 1326 1468 πλείους
1347 1411 1456 1456 τῶν
1478 1405 1698 1456 ἐκεῖθεν
1718 1404 1811 1454 καὶ
1831 1399 2073 1464 πολίτας
2093 1403 2444 1472 πεποίησθε,

370 1503 461 1552 καὶ
497 1496 695 1568 βουλῆς
741 1492 1112 1563 μετεδώκατε,
1161 1493 1255 1543 καὶ
1303 1493 1579 1560 ἄρχοντας
1631 1490 1726 1539 οὐκ
1771 1485 2136 1554 ἀπηξιώσατε
2173 1491 2446 1557 γενέσθαι

368 1578 506 1654 παρ’
553 1585 691 1649 ὑμῖν,
728 1582 819 1632 καὶ
856 1585 965 1630 τῶν
1006 1582 1221 1643 σεμνῶν
1259 1578 1489 1638 τούτων,
1530 1576 1564 1624 ἃ
1602 1581 1700 1643 τῆς
1729 1565 2015 1639 Ῥωμαίων
2053 1575 2173 1626 ἐστὶ
2199 1572 2437 1640 πόλεως,
2481 1586 2525 1627 ¹5

289 1669 780 1738 11ἐκοινωνήσατε.
874 1670 996 1725 πῶς
1058 1662 1152 1713 οὖν
1213 1662 1360 1722 εἰκὸς
1407 1652 1548 1711 καθ’
1603 1661 1697 1710 ἕνα
1746 1661 1846 1724 μὲν
1896 1661 2128 1710 ἕκαστον
2174 1660 2446 1728 ἡγεῖσθαι

369 1752 530 1825 φίλον
575 1753 666 1803 καὶ
711 1756 902 1816 τιμᾶν,
951 1754 1107 1817 κοινῇ
1161 1744 1218 1797 δὲ
1267 1747 1364 1816 τὴν
1415 1742 1582 1796 πόλιν
1632 1744 1844 1813 ἐχθρὰν
1882 1740 2155 1809 νομίζειν,
2205 1746 2345 1811 ὑμᾶς
2381 1763 2442 1798 τε
2468 1756 2661 1800 (184311)

366 1840 571 1907 ἐκείνην
599 1837 880 1896 κάκείνους
905 1835 1002 1904 τὴν
1027 1834 1296 1901 ὑμετέραν
1309 1849 1328 1894 ,·
1369 1832 1424 1880 οἱ
1449 1831 1552 1899 γὰρ
1581 1831 1712 1890 τοὺς
1739 1829 2087 1897 ἀνθρώπους
2114 1830 2445 1896 ἀγαπῶντες

366 1925 458 1974 καὶ
494 1923 918 1989 ἐπιμιγνύμενοι
955 1920 1176 1978 τούτοις
1211 1917 1305 1970 καὶ
1341 1917 1763 1984 προσαγόμενοι
1797 1911 2038 1975 πολίτας
2076 1915 2133 1964 τί
2171 1912 2373 1966 λοιπὸν
2410 1917 2442 1986 ἢ

367 2011 461 2060 τὸν
500 2003 694 2076 ἀέ<ρα>
727 2005 1058 2073 ἐχθαίρουσι
1093 2003 1186 2053 καὶ
1222 2003 1352 2062 τοὺς
1390 2003 1628 2063 τόπους,
1673 2000 1722 2069 ἤ,
1774 1999 1804 2049 ὃ
1851 1996 1991 2068 μηδὲ
2042 1999 2225 2051 εἰπεῖν
2262 2002 2438 2064 ὅσιον,
2475 2010 2527 2052 20

367 2097 485 2154 τοῖς
523 2093 684 2153 θεοῖς
722 2091 1141 2155 ἀπεχθάνονται
1153 2106 1172 2150 ,·
1207 2087 1300 2137 καὶ
1324 2087 1510 2137 τοίνυν
1538 2087 1736 2136 ἅπασα
1762 2086 1863 2151 μὲν
1889 2085 2068 2154 ἔχθρα
2096 2087 2242 2154 πρὸς
2268 2087 2447 2137 ἀπαν-

369 2194 468 2237 τας
505 2173 739 2245 ἐργῶδες
773 2175 865 2225 καὶ
886 2170 1158 2238 χαλεπόν·
1201 2168 1381 2232 οὐδεὶς
1419 2171 1522 2239 γὰρ
1565 2171 1742 2231 οὕτως
1769 2169 2019 2240 ἀσθενὴς
2045 2170 2252 2239 ἐχθρὸς
2290 2173 2447 2233 ὅστις

377 2263 471 2311 οὐκ
507 2258 778 2329 ἐλύπησεν
817 2261 913 2310 ἐπὶ
948 2264 1144 2326 καιροῦ
1177 2258 1269 2307 καὶ
1304 2258 1400 2307 τὸν
1439 2257 1577 2323 ἄγαν
1608 2257 1950 2326 φαινόμενον
1989 2256 2214 2321 ἰσχυρὸν
2251 2256 2344 2306 καὶ
2382 2259 2444 2307 τὸ

371 2350 536 2412 μῖσος
573 2342 878 2407 ἐνεδείξατο
917 2345 948 2413 ἢ
990 2341 1148 2410 λόγον
1186 2342 1309 2393 τινὰ
1339 2342 1516 2392 εἰπὼν
1556 2338 1804 2410 λυπηρὸν
1841 2341 1873 2410 ἢ
1914 2341 2074 2410 ἔργον
2113 2341 2446 2413 ἀσύμφορον

293 2429 355 2479 12
377 2428 607 2499 πράξας.
683 2430 743 2479 οὐ
781 2431 881 2497 γάρ
920 2430 1097 2491 ἐστιν,
1137 2429 1212 2488 ὡς
1250 2428 1460 2489 εἰπεῖν,
1502 2422 1776 2476 οὐδέποτε
1813 2422 1950 2494 ἡδὺς
1989 2423 2116 2477 οὐδὲ
2156 2425 2446 2497 ὠφέλιμος
2483 2437 2679 2483 25(522m

373 2518 400 2565 ὁ
438 2521 537 2565 τοῦ
569 2516 767 2580 μίσους
803 2516 1042 2582 καρπός,
1093 2509 1231 2562 ἀλλά
1282 2512 1606 2562 τούναντίον
1657 2511 1926 2562 ἁπάντων
1967 2509 2315 2581 ἀηδέστατος
2351 2516 2447 2566 καὶ

372 2602 731 2669 πικρότατος,
785 2596 908 2649 οὐδὲ
959 2599 1130 2667 βάρος
1181 2598 1324 2647 οὕτω
1370 2593 1620 2662 χαλεπὸν
1661 2593 1788 2646 οὐδὲ
1828 2597 2109 2648 ἐπίπονον
2149 2599 2227 2660 ὡς
2264 2599 2444 2670 ἔχθρα

374 2689 575 2755 φέρειν.
649 2689 771 2745 ταῖς
806 2686 904 2749 μὲν
945 2683 1037 2734 οὑν
1076 2684 1351 2748 εὐτυχίαις
1389 2683 1478 2733 ἀεὶ
1515 2678 1866 2752 παρενοχλεῖ,
1905 2682 2007 2743 τὰς
2049 2680 2108 2733 δὲ
2149 2685 2446 2754 συμφορὰς

373 2768 549 2833 αὔξει,
604 2771 695 2820 καὶ
741 2767 817 2837 ‘eq'
865 2771 963 2834 μὲν
1013 2765 1147 2820 ἄλλο
1198 2786 1254 2819 τι
1304 2765 1632 2835 λυπουμένῳ
1690 2768 1788 2836 τὴν
1838 2763 2018 2836 λύπην
2069 2764 2446 2837 ἀπεργάζεται

374 2852 734 2918 διπλασίονα,
794 2856 921 2916 τούς
971 2852 1027 2905 δὲ
1077 2853 1138 2904 εὖ
1195 2855 1547 2923 πράττοντας
1597 2844 1694 2903 οὑκ
1754 2850 1822 2919 ἑᾷ
1873 2853 2091 2922 χαίρειν
2147 2855 2288 2904 κατὰ
2337 2857 2435 2926 τὴν
2472 2865 2524 2907 30

517 3077 535 3117 1
568 3074 754 3119 alterum
784 3076 919 3133 δεῦρο
951 3074 1056 3119 secl.
1088 3073 1279 3118 Casaub.
1459 3075 1483 3116 2
1517 3069 1794 3131 οἰκήσοντες
1824 3073 1861 3117 Β
1894 3073 2173 3134 οἰκήσαντες
2203 3074 2283 3121 UT
2316 3072 2442 3135 οἰκή-

377 3158 550 3197 σαντας
580 3143 628 3188 Μ
738 3142 767 3202 ἦ
795 3157 876 3200 pro
907 3140 932 3202 ἦ
964 3144 1013 3188 Μ
1127 3148 1150 3188 3
1182 3144 1440 3202 διενίνοχεν
1470 3143 1519 3188 Μ
1620 3149 1644 3188 5
1679 3138 1814 3192 οὐδὲν
1844 3146 1934 3191 ΒΜ
2050 3150 2075 3191 6
2104 3142 2163 3206 ἣν
2192 3161 2279 3193 om.
2311 3148 2362 3192 M

378 3210 590 3272 προσήκη
610 3214 647 3258 Β
761 3219 782 3258 7
816 3223 915 3269 τοῖς
943 3213 978 3262 ἐ.
1002 3207 1126 3262 οὕτω
1144 3214 1283 3273 (καὶ)
1304 3216 1542 3268 συνοίκοις
1563 3215 1686 3272 wil„
1716 3211 1829 3271 τοὺς
1857 3214 1892 3264 ἐ.
1917 3209 2043 3265 οὕτω
2065 3220 2316 3274 συνοίκους
2342 3219 2449 3264 libri

379 3278 517 3341 (πρὸς
545 3280 654 3337 τοὺς
682 3296 794 3330 corr.
825 3284 882 3339 U)
1001 3290 1048 3330 10
1079 3285 1476 3342 συμπαιδεύεσθαι
1505 3286 1597 3333 MU
1626 3300 1685 3331 m.
1715 3301 1783 3345 pr.
1882 3293 1931 3334 11
1963 3284 2283 3349 ὑποδέχεσθαι
2312 3290 2362 3334 Μ

381 3346 595 3410 ἀλλήλοις
624 3353 784 3400 seclusi
895 3357 1059 3402 πλείον
1088 3356 1127 3402 U
1158 3359 1204 3409 (α
1234 3368 1457 3413 superscr.
1487 3369 1516 3402 a
1543 3370 1601 3401 m.
1624 3362 1731 3413 sec.)
1761 3361 1961 3407 πλείονα
1992 3360 2030 3405 Τ
2123 3365 2173 3406 13
2203 3363 2448 3414 πολιτείας

380 3421 510 3468 BMU
530 3435 588 3467 m.
609 3436 676 3480 pr.
697 3424 758 3476 (in
778 3439 884 3482 mrg.
904 3427 1064 3480 λίταις)
1148 3423 1437 3485 πεποιήκατε
1454 3428 1491 3471 Β
1581 3432 1632 3472 15
1663 3427 1780 3488 παρ’
1813 3426 1922 3487 ὑμῖν
1942 3430 1981 3475 Τ
2079 3434 2130 3476 19
2158 3427 2189 3490 ἢ
2217 3428 2306 3478 τὸν
2325 3426 2447 3487 ἀέρα

381 3491 544 3537 Reiske
571 3489 600 3551 ἢ
618 3491 754 3541 τόνδε
775 3495 892 3540 UBT
913 3488 1055 3554 ἦττον
1084 3497 1131 3543 δὲ
1149 3498 1199 3542 Μ
1283 3501 1338 3542 20
1367 3495 1421 3544 ἐκ
1441 3499 1663 3559 θαίρουσι
1683 3499 1731 3542 Μ
1814 3497 1929 3555 τοὺς
1950 3502 1986 3545 Β
2093 3505 2138 3546 21
2176 3503 2257 3547 καὶ
2285 3502 2450 3547 τοίνυν

382 3573 419 3605 e.
443 3575 484 3618 q.
506 3576 541 3607 s.
571 3563 786 3609 simillima
813 3566 1015 3622 leguntur
1045 3580 1108 3612 or.
1140 3571 1193 3611 40
1222 3570 1247 3622 ξ
1279 3571 1332 3612 20
1475 3573 1527 3614 27
1560 3562 1714 3624 οὕτως
1741 3571 1784 3617 U
1928 3567 2110 3630 ἔχθραν
2137 3572 2263 3625 libri,
2293 3566 2446 3631 ἔχθρα

381 3631 545 3677 Reiske
656 3637 709 3679 28
740 3632 824 3690 τὰς
851 3637 937 3693 μὲν
967 3629 1049 3683 οὖν
1078 3632 1290 3695 εὐτυχίας
1318 3638 1438 3684 UBT
1531 3644 1821 3701 παρενοχλεῖ
1848 3640 2039 3694 ΒεΙᾱθιι.,
2070 3638 2233 3702 παρὸν
2261 3639 2449 3700 ἐνοχλεῖ

381 3701 429 3744 Μ
460 3703 627 3760 παρών
655 3702 837 3763 ἐνοχλεῖ
864 3707 981 3752 UBT
1095 3704 1334 3766 ξυμφορὰς
1364 3709 1402 3753 Β
1516 3714 1569 3756 29
1600 3709 1898 3773 λοιπουμένῳ
1926 3711 1969 3756 U
1997 3723 2054 3754 m.
2084 3725 2153 3770 pr.
