2684 4140
1056 265 1283 313 ORATIO
1314 266 1496 313 LXXX.
1580 281 1588 304 f
2223 273 2328 321 225

27 428 211 483 Ιῑιιοῑιῌ)
234 418 331 468 τὸν
355 408 678 484 (Ἠφαιστον
728 403 948 479 αὗτὸν],·
994 412 1153 477 ὑμεῖς
1205 409 1262 462 δὲ
1314 413 1578 482 στερροὺς
1626 415 1719 465 καὶ
1767 411 2178 480 ἀδαμαντίνους
2227 433 2327 469 πε-

27 550 29 573 J
234 500 489 570 ποίησθε
528 499 683 566 πάσῃ
711 502 927 566 μηχανῇ
964 493 1320 562 πλεξάμενοι,
1357 499 1451 548 καὶ
1486 499 1582 548 τὸν
1624 495 1913 550 Δαίδαλον
1954 500 2120 552 αὐτὸν
2157 503 2326 570 ὑπερ-

26 579 28 646 ἷ
233 583 569 655 βεβλημένοι
622 589 690 653 τῇ
745 586 903 650 τέχνῃ
959 598 1020 632 τε
1067 583 1162 632 καὶ
1219 579 1440 651 σπουδῇ
1487 583 1632 650 πρὸς
1677 584 1740 633 τὸ
1778 588 1903 634 πᾶν
1951 586 2106 650 ὑμῶν
2152 589 2323 655 μέρος

25 676 27 691 ⁴
230 678 331 740 τῆς
368 676 551 737 ψυχῆς
589 664 1011 718 καταδεδέσθαι
1057 668 1150 717 καὶ
1198 664 1371 735 μηδὲν
1421 663 1722 736 ἐλεύθερον
1772 666 1918 719 εἶναι
1967 666 2108 738 μηδὲ
2161 670 2322 720 αὐτό-

167 765 191 805 5
226 770 414 819 νομον.
509 752 569 801 τί
611 752 714 820 γὰρ
765 748 830 820 ἦν
889 755 921 818 ή
972 751 1248 801 Κνωσίων
1307 752 1489 821 εἱρκτὴ
1537 753 1632 802 καὶ
1677 753 1741 802 τὸ
1790 759 1893 803 τοῦ
1938 754 2315 822 Λαβυρίνθου
2355 762 2391 814 9

228 835 455 888 σκολιὸν
493 837 640 903 πρὸς
688 837 787 906 τὴν
839 833 1171 904 σκολιότητα
1219 837 1313 887 καὶ
1359 837 1423 887 τὸ
1465 834 1793 904 δυσεύρετον
1832 845 1930 908 τῆς
1969 840 2323 908 ἀφροσύνης,·

227 924 286 973 τί
323 915 379 973 δ’
421 925 453 988 ή
479 918 732 990 Σικελικὴ
765 921 984 990 φρουρὰ
1022 926 1134 971 τῶν
1154 913 1421 971 Ἀττικῶν
1448 919 1836 986 αἰχμαλώτων,
1880 924 1974 984 οὓς
2001 925 2082 984 εἰς
2109 927 2321 991 πέτραν

226 1007 352 1058 τινὰ
391 1002 686 1071 ἑνέβαλον,·
733 1006 790 1054 τί
839 997 893 1054 δ’
938 1006 970 1054 ὁ
1006 1007 1299 1056 Λακώνων
1337 1003 1563 1066 Κεάδας
1609 1008 1703 1057 καὶ
1749 1009 1812 1057 τὸ
1863 1008 2019 1077 παρὰ
2066 1009 2322 1077 Πέρσαις

227 1090 430 1160 οἴκημα
467 1091 673 1155 μεστὸν
711 1093 941 1159 τέφρας,
979 1091 1011 1160 ἢ
1052 1092 1114 1160 νὴ
1143 1091 1258 1141 Δία
1298 1088 1356 1140 εἴ
1385 1107 1544 1151 τινας
1578 1093 1748 1160 κόρας
1781 1090 2025 1157 χαλεποὶ
2062 1097 2320 1162 πατέρες,

137 1181 187 1226 10
223 1178 300 1238 ὡς
321 1177 352 1226 ὁ
371 1180 482 1225 τῶν
503 1179 757 1243 ποιητῶν
780 1171 957 1240 λόγος,
987 1172 1247 1239 (χαλκέων
1267 1172 1600 1243 περιβόλων’
1628 1176 1985 1245 ἐφρούρησαν
2014 1174 2316 1246 (εἱρκταῖςῖ

225 1253 345 1312 οὐδ’
390 1260 496 1327 ἐγὼ
546 1260 746 1328 νήφειν
794 1260 852 1308 ἑν
901 1262 1023 1319 τοῖς
1075 1255 1263 1325 λόγοις
1310 1259 1395 1308 ἔτι
1443 1275 1545 1324 μοι
1594 1257 1736 1309 δοκῶ
1787 1259 1896 1311 τῶν
1935 1262 2320 1330 ἀνθρωπίνων

18 1401 23 1420 ‚-
225 1344 528 1416 συμφορῶν
565 1344 843 1414 μνησθεὶς
880 1344 979 1394 ἐπὶ
1016 1340 1190 1394 πλέον
1226 1344 1321 1394 καὶ
1356 1350 1455 1413 τῆς
1491 1344 1722 1414 αἰσχράς
1746 1346 1840 1396 καὶ
1868 1342 2166 1414 δυσχεροῦς
2194 1343 2319 1395 δου-

17 1440 20 1453 ’
53 1442 134 1485 (669
147 1441 198 1484 Μ)
222 1429 391 1493 λείας,
429 1431 495 1500 ἢν
535 1427 896 1481 δεδούλωσθε
923 1430 1158 1490 πάντες·
1199 1429 1336 1480 ὅθεν
1364 1429 1427 1479 οὐ
1455 1431 1716 1498 νημάτων
1755 1431 1879 1481 ἔστι
1907 1427 2125 1483 λεπτῶν
2152 1431 2319 1481 εὐπο-

18 1522 19 1526 ’
220 1518 502 1586 ρήσαντας
539 1512 796 1578 ἐξελθεῖν
834 1514 1081 1584 βοηθείᾳ
1117 1516 1286 1584 κόρης
1317 1515 1592 1584 ἄφρονος,
1641 1515 1833 1584 ὥσπερ
1873 1517 2083 1567 ἐκεῖνον
2125 1514 2317 1585 Θησέα

142 1608 189 1650 15
229 1602 403 1671 φασὶν
442 1602 501 1654 ἐκ
536 1601 763 1670 Κρήτης
804 1600 1092 1670 σωθῆναι,
1147 1593 1216 1667 [εἰ
1252 1600 1326 1669 μή
1366 1594 1471 1667 τις]
1520 1600 1690 1669 αὐτῆς
1739 1598 1900 1666 οἶμαι
1937 1608 2036 1671 τῆς
2067 1593 2318 1670 Ἀθηνᾶς

217 1690 642 1756 παρισταμένης
676 1686 771 1736 καὶ
810 1680 1095 1754 σῳζούσης
1133 1686 1264 1750 ἅμα.
1354 1685 1405 1735 εἰ
1441 1685 1544 1754 γὰρ
1595 1682 1860 1750 ἐθέλοιμι
1898 1687 2090 1747 πάσας
2127 1687 2311 1738 εἰπεῖν
2336 1691 2403 1742 10

216 1772 318 1833 τὰς
356 1772 576 1841 εἰρκτάς
611 1772 706 1822 καὶ
741 1771 810 1821 τὰ
851 1767 1029 1836 δεσμὰ
1067 1769 1178 1820 τῶν
1216 1771 1467 1839 ἀνοήτων
1505 1787 1567 1821 τε
1590 1771 1684 1821 καὶ
1725 1768 1948 1821 ἀθλίων
1987 1771 2315 1841 ἀνθρώπων

219 1857 306 1918 οἷς
359 1855 740 1924 ἐγκλείσαντες
786 1857 994 1917 αὐτοὺς
1043 1856 1219 1921 ἔχετε,
1267 1857 1340 1926 μή
1397 1853 1619 1925 σφόδρα
1668 1857 1798 1922 ὑμῖν
1847 1857 2067 1926 ἀπηνής
2114 1873 2175 1907 τε
2223 1857 2318 1907 καὶ

220 1940 436 2012 φαῦλος
486 1939 631 2005 δόξω
682 1943 951 2011 ποιητής,
1002 1943 1060 1992 ἐν
1108 1942 1339 2002 οἰκείοις
1386 1939 1687 2011 τραγῳδῶν
1740 1941 2011 1993 πάθεσιν.
2100 1942 2162 1991 οὐ
2209 1942 2314 2010 γὰρ

137 2034 185 2076 20
220 2031 409 2094 μόνον,
449 2029 526 2089 ὡς
565 2029 622 2077 οἱ
659 2025 923 2090 δόξαντες
959 2028 1089 2092 ὑμῖν
1126 2033 1422 2095 κακοῦργοι
1461 2022 1771 2091 πιέζονται,
1796 2024 2085 2096 τραχήλου
2123 2043 2183 2077 τε
2219 2027 2315 2077 καὶ

20 2122 199 2166 441311)
210 2112 412 2182 χειρῶν
438 2114 531 2163 καὶ
557 2110 768 2175 ποδῶν,
797 2109 937 2161 ἀλλὰ
964 2107 1114 2177 <καὶ>
1137 2113 1378 2180 γαστρὸς
1402 2113 1496 2162 καὶ
1522 2110 1598 2161 τιῖ
1602 2129 1631 2162 ν
1658 2109 1842 2162 ἄλλων
1868 2109 2017 2181 μεριῖ
2022 2128 2050 2162 ν
2077 2112 2312 2163 ἑκάστου

215 2196 341 2265 ἰδίῳ
385 2195 573 2264 δεσμῷ
608 2214 669 2248 τε
709 2198 803 2247 καὶ
845 2197 1049 2265 ἀνάγκῃ
1088 2194 1522 2265 κατειλημμένοι
1562 2197 1674 2247 εἰσὶ
1713 2193 1942 2264 ποικίλῃ
1983 2213 2042 2246 τε
2078 2196 2172 2245 καὶ
2209 2210 2313 2244 πο-

215 2278 537 2352 λυτρόπωι·
574 2283 671 2332 καί
707 2298 808 2348 μοι
843 2279 1008 2333 δοκεῖ
1037 2299 1124 2343 τις
1163 2282 1230 2332 ἂν
1271 2279 1407 2332 ἰδὼν
1445 2275 1573 2351 (τῇ)
1611 2282 1746 2348 ὄψει
1770 2281 2097 2351 τερφθῆναί
2125 2296 2185 2330 τε
2221 2280 2315 2329 καὶ

216 2366 440 2438 σφόδρα
480 2368 739 2435 ἄγασθαι
764 2369 863 2438 τήν
889 2368 1165 2419 ἐπίνοιαν.
1233 2369 1428 2437 πρώτη
1457 2369 1558 2433 μὲν
1584 2367 1687 2435 γάρ
1717 2365 1879 2432 οἶμαι
1906 2367 2051 2435 πρὸς
2081 2367 2312 2415 ἕκαστον
2332 2369 2392 2418 11

137 2459 184 2501 25
220 2455 352 2523 ἔστη
399 2451 681 2504 δέσποινα
727 2450 944 2523 χαλεπὴ
995 2455 1096 2519 μὲν
1148 2450 1332 2514 ἄλλως
1374 2454 1472 2511 ,καὶ
1522 2450 1796 2522 δυσμενὴς
1843 2453 1938 2502 καὶ
1991 2447 2312 2518 ἐπίβουλος,

217 2536 359 2589 ἰδεῖν
388 2535 447 2588 δὲ
490 2535 655 2607 ἱλαρὰ
690 2540 785 2590 καὶ
819 2535 1098 2605 μειδιᾶσα
1132 2540 1277 2608 πρὸς
1317 2540 1575 2599 ἅπαντας
1615 2535 1939 2607 (σαρδάνιον
1964 2533 2115 2602 μάλα
2142 2532 2313 2586 τοῖον’

359 2749 376 2787 1
413 2748 706 2805 πεποιῆσθαι
725 2747 776 2791 Μ
891 2750 916 2790 2
948 2745 1038 2794 τὸν
1059 2749 1298 2794 Δαίδαλον
1327 2746 1443 2800 libri,
1474 2737 1835 2804 ‘cbv‘Ticpocmz-ov
1855 2743 1989 2800 EmP.
2078 2749 2102 2788 5
2134 2739 2196 2790 ἄν
2225 2756 2310 2799 pro

209 2807 269 2875 ἦν
297 2815 346 2858 Μ
463 2820 486 2860 7
518 2817 567 2864 δὲ
595 2812 622 2876 ἦ
655 2818 694 2861 Β
809 2817 962 2879 πέραν
991 2814 1096 2866 τινὰ
1128 2820 1166 2863 Β
1257 2822 1281 2862 8
1312 2834 1379 2865 πα
1411 2821 1509 2874 (pro
1539 2814 1688 2876 παρὰ)
1719 2817 1768 2861 Μ
1798 2830 1855 2859 ιιι.
1889 2828 1958 2870 pr·
2045 2817 2070 2857 9
2104 2811 2155 2859 οἵ
2179 2828 2311 2865 τινας

210 2887 260 2929 Μ
292 2886 342 2933 εἴ
363 2904 487 2942 τινες
515 2888 610 2942 UB,
643 2901 758 2933 corr.
791 2889 897 2934 editi
1033 2894 1082 2933 10
1112 2889 1171 2934 ad
1199 2889 1310 2933 Eur.
1333 2890 1522 2933 Danaen
1551 2889 1634 2944 frg.
1664 2886 1806 2931 refert
1825 2885 1933 2929 Wil.
2024 2889 2069 2927 11
2108 2877 2214 2928 οὐδέ
2242 2885 2312 2941 τῳ

211 2958 328 3012 libri,
361 2971 477 3004 corr.
503 2959 684 3004 Geelius
804 2964 854 3004 13
887 2952 1007 3007 ὅθεν
1037 2957 1261 3019 νημάτων
1290 2959 1419 3006 ἐστὶν
1441 2953 1497 3006 οὗ
1519 2961 1707 3005 λεπτῶν
1727 2955 1824 3010 UB,
1851 2955 1958 2999 item
1979 2953 2043 3009 M,
2072 2952 2159 2997 nisi
2189 2951 2310 3007 quod

211 3026 487 3088 μνημάτων,
519 3025 575 3076 οὐ
605 3033 712 3075 ante
741 3028 964 3090 νημάτων
992 3032 1273 3087 transposuit
1300 3031 1662 3087 Emp.15
1694 3028 1739 3074 εἰ
1763 3022 1826 3085 μή
1858 3041 1928 3078 τις
1963 3022 2151 3075 seclusi,
2193 3033 2311 3076 quae

208 3100 360 3144 locum
389 3101 684 3155 genuinorum
713 3101 875 3146 Dionis
912 3102 1150 3146 verborum
1188 3112 1437 3157 occupasse
1474 3102 1607 3157 puto:
1648 3094 1787 3154 (ἀλλ’
1819 3091 1955 3151 οὗδὲ)
1995 3087 2138 3151 αὐτῆς
2178 3086 2310 3147 οἶμαι

209 3169 268 3213 cf·
294 3183 360 3214 or
381 3170 404 3213 I
425 3171 452 3225 ξ
474 3174 498 3214 3
589 3175 643 3214 17
670 3169 891 3230 ἀνοήτων
919 3172 1068 3230 Emp.,
1097 3174 1288 3231 θνητων
1315 3171 1414 3228 UB,
1443 3184 1528 3215 om.
1555 3171 1604 3215 M
1701 3172 1750 3213 18
1783 3163 1956 3220 αὐτους
1984 3163 2074 3209 ΒΜ
2158 3160 2311 3205 mahm

208 3237 371 3299 ἔχουσι
399 3246 584 3298 propter
614 3245 713 3288 τῶν
743 3268 797 3274 -
824 3238 1127 3303 ἀνθρώπων,
1156 3242 1289 3287 etiam
1320 3254 1434 3299 quae
1465 3245 1698 3297 secuntur,
1727 3240 1794 3285 sic
1823 3236 2003 3282 facilius
2034 3231 2222 3291 expedio

214 3315 263 3355 19
298 3308 484 3365 οἰκόοις
512 3313 561 3356 Μ
593 3315 726 3367 (corr
762 3312 946 3368 οἰκίοις)
1034 3317 1313 3373 τραγωιδιῦν
1341 3315 1386 3374 (ρ
1417 3325 1445 3356 a
1475 3317 1612 3367 corr.)
1642 3313 1685 3358 U
1805 3315 1860 3395 20>
1889 3308 2160 3364 πιεζοῦνται
2185 3301 2310 3357 libri,

208 3394 326 3427 corr.
358 3382 593 3427 Morellius
710 3387 761 3427 21
792 3387 874 3430 καὶ
902 3384 1006 3431 add.
1037 3385 1170 3441 Emp.
1299 3382 1430 3444 ὁρῶν
1457 3396 1539 3440 pro
1569 3400 1732 3443 μερων
1762 3383 1800 3427 Β
1833 3376 1963 3440 ὀρῶν
1991 3378 2032 3424 U
2061 3389 2119 3419 m
2150 3386 2217 3430 Pr·

207 3450 418 3500 ἑκάστου
448 3454 655 3508 Oasaub„
687 3451 893 3501 ἕκαστον
921 3455 1025 3500 libri
1113 3460 1166 3500 22
1195 3456 1558 3515 κατειλημμένοι
1591 3456 1680 3502 εἰσὶ
1710 3453 1889 3512 scripsi,
1919 3443 2305 3506 κατειλημμένον

206 3540 255 3570 οι
284 3519 332 3569 δ’
356 3525 446 3570 εἰσὶ
474 3525 577 3569 libri
694 3527 887 3585 ποικίλῃ
918 3544 970 3574 τε
1000 3530 1082 3574 καὶ
1111 3523 1403 3589 πολυτρόπῳ
1433 3527 1611 3584 scripsi,
1641 3527 1853 3572 ποικίλοι
1883 3539 1935 3571 τε
1964 3522 2045 3567 καὶ
2073 3510 2307 3573 πολύτρο·

205 3611 291 3641 ποι
320 3595 425 3640 libri
541 3599 594 3641 23
626 3600 683 3656 τῇ
715 3597 813 3641 add.
846 3599 977 3655 Emp.
1065 3602 1120 3642 24
1149 3594 1357 3645 ἕκαστόν
1386 3597 1488 3645 ἐστι
1517 3597 1636 3651 libri,
1667 3609 1783 3641 corr.
1809 3593 2042 3679 'Reiskiuffi
2073 3586 2131 3632 cf·
2160 3578 2308 3645 ἦλθεν

204 3679 255 3720 p.
277 3669 374 3721 226,
396 3670 420 3710 5
564 3671 617 3711 26
650 3669 792 3714 εἰδεῖν
821 3669 871 3712 Μ
988 3670 1101 3716 ἰδεῖν
1132 3670 1180 3716 δὲ
1209 3665 1352 3730 ιλαρὰ
1380 3669 1504 3725 Wil.,
1536 3670 1670 3717 ἰδεῖν·
1703 3670 1746 3716 εἰ
1774 3660 1822 3716 δ’
1854 3664 1886 3714 δι’
1889 3661 2071 3725 palibn
2184 3669 2309 3713 πθθς

210 3727 427 3791 ἅπαντας
456 3738 505 3782 Μ
535 3743 864 3805 προσαπαντᾷ
891 3740 974 3786 UB
1121 3734 1379 3797 σαρδόνιον
1409 3741 1460 3785 Μ
1490 3745 1624 3796 (corr.
1654 3740 1713 3791 U)
1744 3739 1802 3784 cf.
1833 3739 1965 3785 Ηοιιι.
1995 3733 2078 3779 Od.
2105 3726 2194 3775 XX
2223 3727 2306 3768 302

289 3813 385 3849 DIO.
412 3815 463 3851 II.
1913 3815 1963 3856 15
