2684 4140
1057 293 1283 339 ORATIO
1312 294 1456 342 XXV.
1873 320 1877 323 >
2200 302 2303 352 279

219 433 438 497 ἐλαίαις
482 438 926 507 κατεφύτευσαν,
985 439 1404 509 Πεισιστράτου
1466 441 1916 511 προστάξαντος’
1973 447 2068 497 καὶ
2123 443 2300 498 τᾶλλα

218 521 376 581 ὅπως
413 521 621 582 ἐκεῖνος
657 519 934 587 ἐβούλετο,
974 523 1150 584 οὕτως
1187 525 1482 594 ἔπραττον.
1550 529 1781 597 ὕστερον
1821 527 1879 580 δὲ
1921 529 2058 591 ἴσως
2096 527 2300 593 ἄλλους
2338 532 2371 581 4

219 620 278 654 τε
317 605 458 673 φαίη
498 621 586 665 τις
623 606 689 655 ἂν
735 607 830 656 καὶ
871 605 1252 672 Θεμιστοκλέα
1302 611 1396 661 καὶ
1431 608 1709 680 Περικλέα
1757 614 2029 680 γενέσθαι
2076 614 2159 678 (οὐ
2196 616 2301 684 γὰρ

220 688 454 757 ἀνήκοος
504 686 686 758 δήπου
736 692 1021 756 τυγχάνεις
1069 693 1201 760 περὶ
1245 698 1365 745 τοῖν
1416 693 1662 765 ἀνδροῖν)
1709 697 1806 747 τὸν
1852 701 1980 762 μέν,
2040 700 2128 749 ὅτι
2175 717 2303 750 ναυ-

162 778 186 818 5
221 775 417 836 μαχεῖν
430 764 772 842 Ἀθηναίους
791 777 1063 843 ἠνάγκασε
1085 772 1288 839 πεζοὺς
1305 781 1580 848 πρότερον
1601 781 1763 842 ὄντας
1781 782 1874 831 καὶ
1893 783 1990 851 τήν
2006 783 2192 852 χώραν
2211 784 2306 834 καὶ

50 863 132 904 (282
154 865 206 908 Μ)
217 857 314 926 την
335 854 504 907 πόλιν
530 862 874 926 προεμένους
900 864 1022 921 τοῖς
1039 861 1350 931 βαρβάροις
1368 865 1461 914 καὶ
1484 865 1682 916 θεῶν“
1661 866 1781 935 ιερὰ
1807 867 1900 916 και
1918 868 2135 935 τάφους
2161 882 2301 936 προ-

217 942 395 1007 γόνων
433 942 490 991 ἐν
528 946 653 1003 ταῖς
690 945 854 994 ναυσὶ
890 946 1258 1014 ποιήσασθαι
1296 949 1481 998 πάντα
1519 949 1588 998 τὰ
1622 953 1864 1018 σφέτερα
1892 951 2193 1019 πράγματα
2230 977 2301 986 —-

215 1026 309 1076 καὶ
343 1026 575 1095 ὕστερον
612 1028 708 1076 τὸν
744 1028 997 1097 Πειραιᾶ
1027 1031 1271 1094 τειχίσαι
1311 1029 1588 1083 πλειόνων
1624 1034 1656 1102 ἢ
1695 1035 2016 1103 ἐνενήκοντα
2059 1032 2303 1086 σταδίων

215 1111 310 1159 καὶ
329 1107 469 1160 ἄλλα
499 1117 732 1161 τοιαῦτα
759 1110 1105 1180 προσέταξεν
1138 1115 1345 1178 αὐτοῖς,
1375 1115 1451 1166 ὧν
1471 1117 1539 1166 τὰ
1559 1119 1660 1181 μὲν
1687 1119 1785 1168 ἐπὶ
1810 1124 2077 1169 τοσοῦτον
2098 1119 2303 1187 ἔπρατ-

139 1200 187 1242 10
222 1210 319 1244 τον
354 1187 454 1264 ἐφ’
495 1197 627 1245 ὅσον
663 1196 871 1257 ἐκεῖνος
906 1204 1108 1266 παρῆν,
1147 1198 1216 1248 τὰ
1255 1196 1313 1248 δὲ
1349 1201 1443 1249 καὶ
1483 1203 1755 1269 φυγόντος
1793 1203 1963 1252 αὐτοῦ
1995 1204 2088 1253 καὶ
2124 1200 2305 1253 τελευ-

216 1280 504 1348 τήσαντος.
589 1280 682 1329 καὶ
728 1281 869 1344 μετὰ
922 1287 1096 1331 ταῦτα
1146 1279 1349 1344 ἄλλους
1396 1284 1554 1344 τινὰς
1603 1284 1743 1345 ἴσως
1792 1287 1993 1355 φήσεις
2033 1284 2303 1351 δαίμονας

214 1367 500 1431 γεγονέναι
559 1369 670 1413 τῶν
721 1355 1074 1433 Ἀθηναίων,
1142 1365 1263 1416 οἷον
1313 1360 1671 1438 Ἀλκιβιάδην
1730 1370 1826 1419 τὸν
1888 1366 2150 1420 Κλεινίου
2212 1371 2307 1421 καὶ

216 1450 422 1499 Νικίαν
458 1449 553 1498 καὶ
577 1445 810 1498 Κλέωνα
848 1450 941 1499 καὶ
971 1441 1323 1518 Ὑπέρβολον,
1363 1454 1494 1514 τοὺς
1518 1457 1619 1518 μέν
1645 1470 1803 1514 τινας
1828 1454 2097 1515 ἐπιεικεῖς
2123 1456 2301 1519 τυχόν,

215 1535 346 1594 τοὺς
385 1530 443 1582 δὲ
483 1534 631 1583 πάνυ
670 1534 953 1602 πονηρούς
989 1551 1048 1584 τε
1085 1536 1179 1585 καὶ
1218 1533 1517 1599 χαλεπούς.
1605 1539 1691 1588 ἔτι
1739 1535 1798 1588 δὲ
1837 1539 2023 1607 Κῦρον
2059 1539 2297 1607 Περσῶν
2337 1541 2368 1590 5

138 1626 185 1668 15
222 1618 338 1668 ἀπὸ
372 1619 573 1686 χρόνου
612 1619 765 1677 τινὸς
802 1614 1041 1683 δαίμονα
1078 1620 1350 1685 γενέσθαι
1387 1615 1514 1689 [καὶ]
1539 1619 1830 1689 βασιλικόν
1868 1640 1992 1673 τινα
2029 1624 2123 1674 καὶ
2158 1620 2306 1674 ἐλευ-

213 1704 444 1772 θέριον,
497 1702 559 1763 ὂς
599 1699 964 1763 δουλεύοντας
1013 1703 1215 1764 αὐτούς
1252 1703 1482 1774 Μήδοις
1531 1709 1806 1776 πρότερον
1857 1708 1939 1768 εἰς
1976 1704 2304 1776 ἐλευθερίαν

215 1786 481 1859 ἀφείλετο
530 1788 623 1837 καὶ
671 1789 899 1837 πάντων
949 1787 1206 1857 ἀπέφηνε
1256 1786 1539 1851 δεσπότας
1589 1797 1699 1841 τῶν
1755 1792 1896 1841 κατὰ
1945 1793 2042 1861 τήν
2089 1785 2303 1844 Ἀσίαν.

215 1875 301 1924 ἔτι
339 1871 398 1923 δὲ
437 1873 747 1940 Καμβύσην
784 1873 878 1922 καὶ
914 1873 1160 1941 Δαρεῖον
1197 1875 1290 1924 καὶ
1327 1876 1458 1935 τούς
1495 1872 1698 1936 ἄλλους
1746 1877 1876 1936 τούς
1924 1873 2155 1946 ἐφεξῆς,
2206 1877 2302 1926 τὸν

215 1960 316 2024 μὲν
354 1958 665 2026 Καμβύσην
703 1959 771 2006 τά
809 1974 869 2007 τε
901 1958 1158 2026 χρήματα
1199 1959 1381 2009 αὐτῶν
1420 1957 1790 2010 ἀναλίσκοντα
1840 1960 1934 2009 καὶ
1972 1960 2172 2020 αὐτοὺς
2207 1976 2304 2009 κα-

14 2038 184 2124 ἶῧξῖὖῖὲθ
221 2040 591 2106 τατοξεύοντα
640 2043 734 2092 καὶ
786 2043 1082 2110 στρατείας
1129 2045 1565 2111 προστάσσοντα
1622 2041 1875 2107 χαλεπάς
1921 2044 2014 2093 καὶ
2064 2046 2307 2107 συνεχεῖς

215 2129 310 2178 καὶ
344 2124 630 2195 μηδέποτε
677 2127 856 2175 ἐῶντα
908 2125 1054 2175 οἴκοι
1102 2130 1316 2191 μένειν·
1367 2129 1463 2178 τὸν
1515 2126 1574 2178 δὲ
1611 2129 1857 2196 Δαρεῖον
1901 2129 2156 2196 χρήματα
2206 2128 2307 2191 μὲν

217 2214 294 2274 ὡς
343 2211 463 2261 οἶόν
511 2227 573 2260 τε
619 2207 804 2259 πολλὰ
857 2212 1234 2276 συναγαγόντα
1292 2213 1386 2261 καὶ
1435 2218 1503 2280 τῇ
1555 2213 1711 2280 χώρα
1771 2213 2063 2278 γενόμενον
2124 2209 2306 2260 αἴτιον

217 2299 375 2357 ὅπως
412 2295 858 2365 ἐργασθήσεται,
909 2291 1197 2360 πολέμους
1247 2292 1306 2344 δὲ
1344 2297 1438 2345 καὶ
1485 2302 1682 2346 τοῦτον
1722 2290 2098 2361 ἀναγκάζοντα
2138 2291 2309 2344 πολε-

215 2385 342 2448 μεῖν
374 2378 659 2446 χαλεποῦς
694 2381 788 2430 καὶ
824 2377 1230 2443 ἐπικινδύνους,
1268 2380 1535 2448 καθάπερ
1578 2378 1739 2445 οἶμαι
1776 2380 1871 2429 τὸν
1912 2379 2057 2447 πρὸς
2082 2378 2309 2438 Σκύθας

130 2475 179 2517 25
214 2468 308 2517 καὶ
344 2468 440 2516 τὸν
479 2467 625 2535 πρὸς
645 2458 1004 2534 Ἀθηναίους.
1071 2465 1216 2515 οὕτω
1258 2462 1316 2515 δὲ
1342 2466 1436 2515 καὶ
1461 2467 1691 2531 Νουμᾶν
1716 2466 1817 2530 μὲν
1837 2457 2103 2528 Ῥωμαῖοι
2139 2464 2302 2527 τυχὸν
2343 2466 2374 2516 6

219 2553 286 2603 ἂν
326 2549 536 2618 λέγοιεν
576 2552 756 2601 αὐτῶν
797 2547 1064 2615 δαίμονα,
1114 2547 1497 2619 Καρχηδόνιοι
1536 2547 1595 2601 δὲ
1623 2542 1875 2601 ’Ἀννωνα
1912 2550 2007 2599 καὶ
2035 2541 2312 2614 Ἀννίβαν,

218 2634 545 2697 Μακεδόνες
585 2633 643 2686 δὲ
676 2628 1040 2704 Ἀλέξανδρον
1077 2636 1109 2703 ἢ
1153 2632 1478 2699 Φίλιππον,
1531 2636 1594 2697 ὃς
1631 2632 1969 2694 Μακεδόνας
2009 2632 2313 2692 ταπεινούς

220 2724 384 2783 ὄντας
419 2722 514 2772 καὶ
540 2721 822 2783 ἀσθενεῖς,
863 2714 992 2787 [καὶ]
1020 2726 1124 2770 τοῦ
1147 2721 1364 2789 πατρὸς
1391 2721 1564 2770 αὐτοῦ
1587 2720 2104 2788 παραχωρήσαντος
2127 2709 2311 2766 Ὀλυν-

364 2978 383 3017 1
418 2965 733 3029 πισιστράτου
762 2968 811 3012 Μ
841 2980 906 3012 or.
938 2967 1026 3012 VII
1057 2968 1083 3022 ξ
1109 2971 1187 3011 107
1219 2970 1451 3022 comparat
1479 2966 1610 3022 Emp.
1727 2961 1787 3012 τὰ
1818 2962 1938 3013 ἄλλα
1969 2966 2048 3010 UB
2173 2969 2197 3010 3
2227 2967 2310 3011 καὶ

221 3043 454 3105 Περικλέα
484 3055 569 3087 οιιι.
601 3039 651 3082 M
821 3037 1049 3097 γενέσθαι
1079 3036 1467 3094 εοὶ1.’-4θηναίων
1503 3038 1735 3093 δαίμονας
1895 3039 1924 3079 4
1963 3029 2157 3093 ἀνδροῖν
2184 3037 2247 3089 (οι
2277 3047 2307 3081 a

221 3117 356 3163 corr.)
384 3113 427 3158 U
542 3127 600 3156 το
629 3109 718 3166 μὲν
745 3109 789 3154 U
905 3111 930 3151 6
961 3106 1247 3167 προεμένοις
1278 3106 1327 3149 Μ
1472 3109 1496 3150 8
1527 3108 1737 3165 τειχῆσαι
1766 3105 1816 3150 Μ
1930 3103 2143 3152 πλιόνων
2172 3105 2223 3150 Μ

219 3180 533 3241 ἐννενήκοντα
553 3180 635 3224 UB
666 3179 778 3223 haec
807 3189 1011 3233 pugnare
1040 3176 1180 3221 videri
1210 3187 1313 3220 cum
1333 3175 1476 3221 Thuc.
1499 3175 1542 3219 ΙΙ
1565 3180 1614 3219 13
1646 3178 1733 3222 τοῦ
1753 3179 1988 3235 Πειραιῶς
2017 3171 2097 3230 ξυν
2119 3179 2307 3222 Μουνυ-

216 3256 300 3317 χία
330 3249 556 3310 εξήκοντα
585 3249 673 3306 μὲν
702 3249 909 3294 σταδίων
940 3242 967 3293 ὃ
999 3262 1128 3300 απας
1157 3247 1419 3305 περίβολος
1447 3246 1701 3291 observavit
1727 3245 1861 3303 Emp.
1893 3247 1958 3297 (in
1995 3245 2191 3299 schedis)

226 3330 273 3370 11
307 3325 534 3380 δαίμονας
564 3315 727 3379 φήσεις
756 3318 859 3372 (hoc
890 3317 1004 3372 ord.)
1025 3317 1065 3362 U
1157 3321 1207 3361 15
1238 3311 1336 3364 ἀπὸ
1368 3317 1484 3370 libri,
1514 3314 1592 3363 ἐπὶ
1620 3317 1749 3375 Emp.
1779 3316 1898 3372 quod
1917 3316 2025 3360 mihi
2052 3329 2146 3361 non
2177 3315 2306 3360 suffi-

222 3408 323 3442 cere
351 3394 526 3439 videtur
639 3392 718 3436 καὶ
749 3388 931 3434 seclusit
961 3387 1170 3433 Reiskius
1290 3391 1339 3431 17
1373 3382 1574 3445 ἀφίλετο
1605 3387 1656 3431 Μ
1741 3383 1977 3446 δεσπότην
1995 3386 2127 3432 BMU
2146 3400 2206 3433 ιιι.
2236 3399 2306 3443 pr.

217 3470 463 3523 (superscr.
495 3464 588 3517 -ας)
728 3463 777 3504 19
804 3451 1014 3518 χρήματ’
1046 3457 1095 3500 Μ
1236 3455 1645 3512 κατατοξεύονται
1675 3458 1876 3503 Herodot
1903 3456 1971 3500 111
1992 3462 2044 3502 35
2076 3458 2310 3514 comparat

220 3538 353 3592 Emp.
442 3538 494 3579 20
527 3532 755 3592 στρατίας
786 3530 833 3572 Μ
864 3524 1092 3589 στρατιὰς
1121 3528 1201 3574 UB
1233 3530 1485 3587 στρατείας
1514 3528 1553 3572 Τ
1639 3525 2128 3600 προστάσσοντανΰΜ
2157 3540 2309 3585 προσ-

220 3604 460 3655 τάττοντα
491 3606 529 3649 Β
617 3607 666 3647 21
703 3618 779 3649 σοι
807 3603 888 3647 καὶ
917 3613 999 3657 pro
1033 3597 1159 3645 οἴκοι
1187 3598 1236 3641 Μ
1323 3602 1378 3643 22
1409 3594 1475 3653 ὥς
1505 3596 1689 3646 οἴονται
1717 3598 1863 3653 ΠΒΜ,
1894 3593 1960 3651 ὥς
1990 3593 2098 3644 οἷόν
2126 3613 2179 3643 τε
2208 3595 2247 3641 Τ

222 3680 275 3721 26
308 3670 464 3724 αὐτῶν
494 3676 541 3719 Μ
574 3670 722 3722 αὐτὸν
750 3673 844 3727 UB,
876 3685 990 3717 corr.
1012 3671 1145 3727 Emp.
1348 3673 1400 3714 27
1434 3671 1672 3724 Φίλιππος
1699 3670 1787 3728 μὲν
1814 3672 1918 3724 (om.
1952 3665 2022 3722 ὃς)
2054 3667 2102 3711 Μ
2134 3666 2254 3713 unde
2282 3660 2313 3725 ἢ

220 3747 494 3804 <Φίλιππον
523 3738 611 3803 ὧν)
644 3750 746 3792 Φιλ.
776 3745 865 3803 μὲν
894 3742 1002 3789 Wil.
1120 3744 1172 3785 28
1203 3742 1286 3786 καὶ
1315 3740 1478 3786 seclusi
