2684 4140
403 237 506 286 334
1245 229 1563 276 APPENmX
1591 230 1673 275 111.

402 379 690 448 sophorum
729 375 1016 430 cummuni.
1056 403 1126 410 —
1161 372 1246 425 An
1286 371 1502 427 Salvius
1540 372 1869 428 Cocceianus
1907 378 1960 427 et
1996 374 2186 432 Dionis
2236 382 2492 446 patronus

403 469 456 516 et
481 477 671 516 caussa
694 459 798 513 fuit
824 458 1018 513 exilii?
1067 457 1247 511 Habet
1270 456 1408 510 illud
1433 457 1639 526 aliquid
1666 474 1695 512 e
1720 460 1951 514 nominis
1975 460 2204 528 paritate
2224 463 2496 531 praesidii.

399 547 535 599 Nam
574 543 719 613 quod
756 543 1066 597 existimant
1102 559 1137 597 a
1172 542 1357 596 Nerva
1395 541 1679 597 Cocceiani
1716 560 1912 598 nomen
1949 546 2224 614 accepisse
2252 547 2498 617 Dionem,

396 630 589 684 idoneo
612 632 923 696 argumento
953 627 1135 682 doceri
1163 626 1364 695 nequit.
1410 625 1483 680 At
1502 626 1718 683 Salvius
1746 628 2073 684 Cocceianus
2101 631 2243 698 quod
2272 631 2498 686 Othonis

399 713 759 782 Imperatoris,
803 712 980 781 patrui
1018 712 1118 780 sui,
1157 711 1301 765 diem
1326 711 1561 765 natalem
1587 712 1895 781 celebravit,
1933 713 2005 767 ad
2030 721 2253 769 mortem
2278 716 2499 771 adactus

397 803 477 851 est
498 798 546 861 ¹).
620 797 810 864 Itaque
853 812 903 849 v.
953 800 1081 848 τότε
1132 795 1460 863 εὐδαίμονες
1508 795 1888 866 adversantur,
1940 814 2078 866 quae
2125 816 2231 853 non
2277 807 2500 868 possunt

398 899 503 936 non
553 881 741 934 referri
791 880 862 935 ad
901 882 1075 949 gentis
1113 881 1337 935 Flaviae
1375 881 1749 949 Imperatores.
1831 882 1946 936 Nec
1998 900 2032 936 a
2080 899 2294 937 suorum
2333 885 2500 938 caede

396 969 472 1020 ita
519 967 621 1020 sibi
661 965 984 1034 temperavit
1021 965 1385 1033 Domitianus,
1438 972 1494 1019 ut
1541 982 1646 1034 quo
1693 982 2067 1021 revocaremus
2106 967 2295 1022 Dionis
2332 969 2500 1023 verba

397 1069 502 1105 non
529 1050 866 1117 haberemus,
905 1048 1002 1103 sed
1027 1051 1205 1119 potius
1236 1050 1379 1104 facta
1405 1049 1641 1119 eligendi
1669 1051 1885 1119 optione
1912 1049 2320 1106 haesitationem
2345 1054 2499 1108 nobis

398 1136 605 1190 adtulit.
662 1135 802 1188 Nam
831 1150 861 1188 e
885 1135 1216 1203 patruelibus
1244 1136 1354 1189 suis
1381 1134 1515 1189 duos
1541 1136 1771 1203 necavit,
1799 1136 1860 1188 Τ.
1890 1135 2137 1189 Flavium
2163 1136 2421 1192 Sabinum
2448 1147 2500 1192 et

402 1221 646 1275 Flavium
667 1219 1061 1282 Clementem2).
1106 1219 1311 1274 Horum
1331 1220 1559 1274 alterum
1585 1225 1759 1273 utrum
1788 1220 2195 1288 intelligendum
2223 1239 2340 1278 esse
2368 1223 2498 1277 mihi

399 1306 713 1374 persuadeo.
778 1305 1134 1372 Exploremus
1161 1310 1335 1358 utrum
1359 1305 1462 1359 Dio
1490 1304 1702 1358 dixerit.
1763 1304 1925 1358 Haud
1951 1312 2151 1359 temere
2181 1310 2496 1380 οἰκειότητα

398 1391 672 1460 copulavit
714 1395 766 1443 et
806 1394 1140 1457 συγγένειαν,
1181 1405 1405 1456 quorum
1443 1389 1578 1442 illud
1616 1388 1948 1458 affinitatem,
1989 1389 2090 1444 hoc
2126 1395 2497 1460 cognationem

398 1475 665 1545 significat
682 1477 739 1539 3).
825 1475 897 1528 At
934 1473 1058 1529 hinc
1107 1473 1242 1527 nihil
1290 1475 1471 1543 colligi
1521 1479 1713 1543 potest.
1802 1476 1941 1529 Nam
1990 1475 2212 1532 Flavius
2251 1478 2496 1533 Clemens

399 1579 619 1616 uxorem
670 1559 905 1614 habebat
951 1560 1197 1613 Flaviam
1248 1560 1610 1629 Domitillam,
1656 1560 1950 1614 Domitiani
2001 1563 2196 1617 sororis
2242 1562 2409 1617 filiam
2428 1563 2496 1630 4);

395 1647 457 1699 T.
495 1646 746 1699 Flavium
784 1643 1042 1697 Sabinum
1080 1643 1303 1710 occidit,
1356 1645 1620 1712 collegam
1659 1644 1967 1713 Cosulatus,
2021 1662 2126 1714 quo
2175 1664 2343 1702 uxore
2382 1649 2496 1702 eius

392 1731 547 1798 Iulia,
586 1729 930 1797 Imperatoris
958 1729 1068 1781 Titi
1105 1727 1234 1795 filia,
1272 1729 1551 1796 potIretur.
1607 1730 1721 1783 Iam
1751 1729 1983 1784 Sabinus
2021 1732 2067 1785 si
2104 1737 2360 1799 patronus
2398 1731 2497 1785 fuit

394 1816 600 1883 Dionis,
641 1831 690 1867 v.
732 1815 1135 1875 ἀποθανόντος
1176 1812 1269 1864 διὰ
1310 1817 1407 1884 τὴν
1452 1808 1675 1866 ἐκείνων
1719 1817 2035 1885 οἰκειότητα
2063 1819 2156 1867 καὶ
2185 1815 2496 1885 ξυγγένειαν

396 1918 555 1968 quam
594 1915 723 1953 vere
762 1898 907 1953 dicta
945 1899 1050 1953 sint
1086 1915 1191 1952 non
1230 1900 1376 1953 latet.
1442 1898 1552 1953 Sed
1580 1899 1770 1954 eadem
1809 1917 1876 1954 ne
1915 1917 1948 1954 a
1975 1899 2252 1955 Clemente
2280 1900 2497 1969 quidem

395 1988 575 2041 aliena
623 1989 759 2039 sunt.
844 1984 1009 2038 Aliud
1058 1984 1246 2053 igitur,
1296 2001 1402 2053 quo
1451 2002 1536 2039 res
1587 1984 1922 2054 conficiatur,
1971 1985 2228 2041 indicium
2278 1987 2496 2041 circum-

395 2072 698 2141 spiciamus.

537 2156 757 2210 Flavius
786 2154 1032 2209 Clemens
1072 2156 1279 2210 occisus
1311 2161 1392 2210 est
1417 2173 1465 2209 a.
1493 2157 1577 2225 95,
1617 2172 1722 2210 uno
1759 2161 1884 2209 ante
1923 2156 2099 2224 ipsum
2130 2156 2496 2209 Domitianum

398 2259 567 2310 ann03
594 2241 815 2294 Flavius
844 2239 1074 2295 Sabinus
1100 2258 1148 2294 a.
1178 2242 1260 2294 82.
1324 2242 1428 2296 Αἰο
1455 2242 1617 2310 igitur
1643 2240 1901 2294 Sabinum
1928 2240 2336 2310 intelligendum
2363 2257 2495 2295 esse.

403 2328 539 2381 Nam
576 2326 644 2380 de
684 2325 1028 2379 diuturnitate
1068 2327 1218 2379 exilii
1257 2343 1423 2396 saepe
1463 2331 1783 2395 conquestus
1822 2331 1904 2381 est
1941 2326 2046 2380 Dio
2066 2327 2119 2390 ⁵).

542 2412 646 2465 Illa
684 2411 845 2478 igitur
882 2427 1072 2466 caussa
1096 2412 1195 2466 fuit
1222 2413 1387 2466 exilii.
1439 2413 1552 2467 Iras
1579 2418 1757 2466 autem
1783 2412 2128 2481 Imperatoris
2154 2428 2349 2479 magna
2376 2428 2498 2465 con-

395 2498 592 2552 stantia
619 2496 754 2562 tulit,
787 2496 877 2563 qui
905 2494 1247 2550 furibundum
1276 2496 1544 2552 hominem
1571 2499 1709 2552 ultro
1736 2499 2025 2552 lacesseret
2051 2502 2103 2551 et
2129 2513 2220 2551 ore
2247 2497 2496 2565 styloque

398 2584 512 2637 eius
538 2581 831 2649 nequitiam
858 2581 1159 2649 castigaret.
1227 2580 1377 2646 Quae
1397 2583 1659 2637 libertatis
1686 2599 1815 2638 suae
1842 2588 2185 2637 monumenta
2214 2598 2493 2650 superesse

398 2668 474 2721 ait
513 2672 565 2721 et
603 2666 838 2720 omnium
875 2666 1119 2720 manibus
1158 2668 1285 2732 te1·i;
1334 2666 1405 2719 ad
1455 2684 1552 2720 nos
1597 2683 1724 2721 vero
1762 2683 1868 2721 non
1905 2671 2278 2735 pervenerunt.
2353 2667 2491 2719 Nam

400 2752 570 2805 oratio
619 2749 845 2804 Athenis
896 2750 964 2804 de
1012 2751 1176 2805 exilio
1225 2750 1412 2804 habita
1459 2750 1622 2812 (Orat.
1673 2751 1818 2815 XII.)
1870 2752 2085 2805 serioris
2133 2750 2279 2804 haud
2332 2750 2494 2804 dubie

399 2835 653 2904 temporis
693 2840 789 2889 est.
851 2835 937 2888 An
975 2834 1120 2890 Orat.
1149 2835 1238 2889 VI.
1280 2836 1349 2890 de
1387 2835 1670 2905 tyrannide
1709 2835 1998 2904 significari
2025 2835 2493 2889 existimabimus?

536 2920 789 2989 Sequitur
825 2926 885 2974 ut
914 2922 968 2974 in
994 2937 1162 2990 genus
1190 2921 1341 2975 exilii
1368 2923 1721 2990 inquiramus:
1761 2921 1828 2975 de
1857 2938 1962 2989 quo
1991 2921 2083 2988 qui
2110 2921 2298 2974 Dionis
2325 2920 2492 2973 vitam

395 3007 658 3075 scripsere
696 3005 1063 3061 diversissima
1101 3023 1345 3075 quaeque
1383 3011 1675 3061 narrarunt.
1766 3007 1833 3059 Et
1870 3005 2225 3060 Philostratus
2275 3004 2493 3073 quidem

394 3108 499 3145 non
549 3091 858 3145 damnatum
905 3091 1096 3161 tradit,
1157 3092 1254 3146 sed
1302 3093 1602 3146 voluntario
1653 3092 1818 3146 exilio
1869 3107 1938 3145 ex
1994 3090 2269 3145 hominum
2326 3088 2494 3143 oculis

398 3178 712 3244 excessisse,
740 3181 902 3244 atque
923 3195 1061 3232 nunc
1087 3177 1323 3246 palando
1350 3195 1489 3232 nunc
1514 3177 1775 3232 latitando
1803 3177 1964 3232 saluti
1990 3191 2118 3231 suae
2147 3174 2494 3230 consuluisse.

546 3348 585 3397 1)
616 3345 799 3389 Sueton.
832 3345 1000 3390 Domit.
1033 3358 1072 3389 c.
1109 3349 1175 3391 10.

540 3418 582 3467 2)
614 3415 796 3460 Sueton.
829 3415 960 3461 Dom.
993 3430 1030 3460 c.
1067 3420 1117 3460 10
1149 3419 1196 3461 et
1229 3421 1294 3461 15.

541 3490 584 3541 3)
613 3486 714 3531 Vid.
747 3487 879 3531 Dion.
914 3487 1038 3532 Orat.
1072 3487 1124 3532 T.
1157 3488 1187 3532 l.
1220 3502 1264 3545 p.
1301 3490 1396 3542 136,
1433 3491 1499 3532 10.
1532 3491 1576 3531 et
1612 3489 1704 3541 138,
1736 3489 1777 3529 5.
1809 3489 1854 3530 et
1883 3499 1927 3542 p.
1967 3487 2061 3538 169,
2092 3487 2133 3528 9.

541 3560 585 3611 4)
615 3557 715 3602 Vid.
748 3557 919 3613 Xiphil.
950 3557 1118 3602 Domit.
1150 3559 1267 3604 Don.
1301 3559 1427 3603 Cass.
1459 3557 1602 3602 Reim.
1633 3571 1678 3614 p.
1716 3559 1841 3602 1112.

538 3632 580 3682 5)
612 3628 665 3673 Τ.
708 3628 761 3673 11.
808 3642 851 3684 p.
890 3632 993 3681 159,
1036 3633 1104 3673 25.
1184 3627 1236 3674 ἐν
1277 3626 1529 3683 τοσούτοις
1570 3624 1694 3675 ἔτεσι
1738 3630 1901 3687 φυγῆς.
1945 3625 2063 3672 conf.
2103 3624 2163 3670 11.
2208 3627 2316 3677 208,
2351 3626 2414 3668 15.
2453 3628 2498 3667 et

394 3700 431 3744 1.
467 3703 536 3755 59,
568 3703 639 3744 40.

2643 263 2648 299 1

2648 412 2651 460 1

2649 462 2652 489 Ι
