2684 4140
330 238 434 285 212
1075 221 1280 270 DIONIS
1310 223 1395 268 DE
1424 221 1667 268 INVIDIA

245 383 310 435 16
331 379 394 449 δὴ
430 378 572 443 χθὲς
609 374 742 440 περὶ
778 368 1025 420 πλούτου
1064 366 1340 435 ἐλέγομεν.
1406 366 1550 416 ὥστε
1591 359 1713 416 οὐδ’
1756 367 1825 417 ἂν
1853 367 2200 437 φθονήσειεν
2239 365 2424 419 οὐδενὶ

318 466 531 530 χρυσοῦ
563 460 594 528 ἢ
636 457 875 526 ἀργύρου
913 455 945 523 ἢ
984 453 1357 522 βοσκημάτων
1393 451 1426 520 ἢ
1469 450 1651 511 οἰκίας
1686 452 1718 520 ἢ
1760 448 1931 502 ἄλλου
1970 457 2082 502 τῶν
2128 454 2420 516 τοιούτων,

321 547 462 613 ὑπὲρ
502 542 578 592 ὧν
616 538 903 607 ἐλέγομεν·
956 539 1032 599 ὥς
1071 551 1247 608 φησιν
1296 539 1485 605 ἕτερος
1523 537 1795 605 ποιητής,
1847 529 1943 601 οὐχ
1993 537 2167 587 αὐτοῦ
2200 539 2422 606 γνώμην

324 628 804 697 ἀποφαινόμενος,
845 620 987 673 ἀλλὰ
1026 624 1125 693 τὴν
1163 627 1275 673 τῶν
1315 621 1644 690 ἀνθρώπων
1683 618 2052 690 ἐξηγούμενος
2091 618 2286 683 δόξαν·

664 709 813 760 οἷσίν
850 702 903 759 τ’
948 708 1012 759 εὖ
1046 703 1254 771 ζώουσι
1289 707 1384 757 καὶ
1421 707 1651 776 ἀφνειοὶ
1685 704 2008 758 καλέονται·
2457 715 2483 757 5

326 799 402 859 ὡς
439 798 611 862 μόνον
647 791 1004 859 καλουμένων
1049 786 1233 844 αὐτῶν
1272 793 1549 863 ἀφνειῶν,
1604 783 1729 842 ἀλλ’
1776 785 1874 843 οὐκ
1914 795 2089 843 ὅντων
2126 786 2251 843 κατ’
2297 791 2429 863 ἀλή-

244 887 306 936 17
329 883 514 933 θειαν.
590 879 728 932 εἶεν·
772 872 968 930 οὐκοῦν
1001 880 1304 949 χρημάτων
1340 879 1442 944 μὲν
1467 878 1734 947 κρείττων
1762 879 1793 928 ὁ
1816 882 2070 944 γενναῖος
2095 879 2188 929 καὶ
2213 875 2431 940 τέλειος

327 967 464 1036 ἀνὴρ
503 969 634 1034 ἡμῖν
675 963 852 1017 δοκεῖ·
905 966 1038 1034 περὶ
1076 962 1136 1015 δὲ
1177 961 1345 1034 δόξης
1383 965 1547 1028 τυχὸν
1586 959 1763 1032 ἐρίζοι
1801 964 1868 1014 ἂν
1905 964 1999 1013 καὶ
2039 963 2283 1033 φθονοῖ,
2336 965 2431 1025 οὓς

324 1053 392 1102 ἂν
429 1054 780 1117 τιμωμένους
817 1047 1030 1116 μᾶλλον
1070 1050 1227 1118 παρὰ
1266 1047 1346 1117 τῷ
1386 1046 1605 1119 πλήθει
1630 1046 1813 1118 βλέπῃ
1839 1049 1934 1099 καὶ
1956 1043 2229 1113 μειζόνων
2267 1048 2432 1098 ἐπαί-

324 1154 437 1187 νων
475 1138 876 1204 τυγχάνοντας,·
912 1137 944 1205 ἢ
988 1136 1084 1186 οὐκ
1121 1136 1342 1202 ἀγνοεῖν
1384 1136 1639 1206 φήσομεν
1677 1136 1755 1195 ὡς
1782 1135 1937 1186 ἔστιν
1962 1137 1994 1203 ή
2026 1130 2162 1196 δόξα
2201 1135 2233 1183 ό
2270 1133 2426 1202 παρὰ
2465 1139 2512 1182 1ο

326 1227 438 1272 τῶν
477 1219 705 1272 πολλῶν
743 1222 1006 1282 ἔπαινος·
1046 1222 1097 1272 εἰ
1136 1218 1196 1271 δὲ
1235 1226 1346 1272 τῶν
1386 1217 1631 1283 πολλῶν,
1674 1216 1841 1290 δῆλον
1873 1221 1962 1270 ὅτι
1998 1224 2123 1270 τῶν.
2151 1219 2248 1269 οὐκ
2285 1215 2431 1268 εἰδό-

246 1307 311 1361 18
331 1324 442 1358 των
453 1325 473 1369 ,·
497 1305 569 1343 ’-
594 1304 872 1372 Οὐδαμῶς
896 1309 1063 1357 τοῦτό
1088 1323 1148 1374 γε
1176 1307 1324 1368 εἰκὸς
1353 1307 1519 1357 αὐτὸν
1548 1307 1784 1373 ἀγνοεῖν.
1808 1335 1878 1341 -
1903 1306 1972 1356 Δ.
2004 1307 2150 1373 Φέρε
2176 1298 2310 1372 [οὐκ]
2340 1303 2435 1355 οὖν
2452 1312 2531 1354 (655
2545 1310 2597 1354 Μ)

331 1390 493 1443 δοκεῖ
524 1405 617 1443 σοι
655 1392 877 1459 ἀγαθὸς
917 1390 1158 1462 αὐλητής
1195 1389 1446 1462 ἥδεσθαι
1484 1393 1584 1442 ἐπὶ
1621 1398 1689 1461 τῇ
1727 1395 1886 1461 τέχνῃ
1913 1392 2007 1441 καὶ
2031 1394 2172 1458 μέγα
2204 1393 2433 1460 φρονεῖν

327 1478 442 1528 ὑπὸ
483 1478 748 1543 ἀμούσων
773 1479 868 1528 καὶ
893 1478 1136 1542 ἀτέχνων
1163 1478 1588 1543 ἐπαινούμενος,
1626 1478 1727 1527 κᾶν
1766 1477 1817 1527 εἰ
1856 1478 2226 1546 περιστάντες
2266 1475 2434 1525 αὐτὸν

331 1560 537 1624 παῖδες
589 1555 870 1632 συφορβοὶ
914 1564 1011 1614 καὶ
1063 1566 1334 1628 ποιμένες
1381 1558 1733 1628 θαυμάζοιεν
1779 1563 1875 1613 καὶ
1919 1564 2200 1630 κροτοῖεν,
2266 1560 2430 1609 ἐπαί-
2469 1563 2515 1604 15

331 1648 544 1715 ρεσθαι
581 1639 680 1697 ἐπ’
727 1646 877 1715 αὐτῷ
915 1650 1095 1715 τούτῳ
1133 1649 1228 1699 καὶ
1263 1654 1368 1698 τοῦ
1402 1649 1618 1709 παντὸς
1645 1650 1805 1711 ἄξιον
1842 1647 2112 1715 ἡγεῖσθαι
2150 1647 2246 1695 τὸν
2285 1637 2429 1712 παρ’

328 1730 553 1780 ἐκείνων
591 1730 860 1791 ἔπαινον,·
898 1727 1040 1779 ἀλλὰ
1077 1731 1186 1800 μήν
1224 1727 1506 1799 ἐδήλωσεν
1545 1731 1577 1780 ό
1618 1729 1871 1800 Θηβαῖος
1911 1729 2152 1801 αὐλητὴς
2191 1727 2318 1780 οὐδὲ
2357 1727 2436 1795 τῴ

328 1814 556 1883 θεάτρῳ
598 1816 746 1866 πάνυ
787 1819 1084 1882 προσέχων
1122 1816 1219 1866 τὸν
1258 1821 1386 1866 νοῦν
1428 1812 1555 1866 οὐδὲ
1582 1819 1705 1877 τοῖς
1729 1820 1949 1886 κριταῖς
1976 1816 2241 1884 ἀπείροις
2280 1813 2439 1864 οὖσιν

332 1896 645 1969 αὐλήσεως,
694 1901 789 1951 καὶ
835 1906 1011 1951 ταῦτα
1060 1901 1195 1968 περὶ
1241 1898 1428 1951 ἄθλου
1475 1902 1571 1952 καὶ
1617 1902 1772 1972 νίκης
1821 1896 2256 1969 ἀγωνιζόμενος·
2308 1889 2433 1948 ἀλλ’
2456 1905 2652 1948 (420311)

330 1986 482 2049 ὅμως
521 1982 648 2036 οὐδὲ
686 1986 886 2054 μικρὸν
924 1986 1154 2056 ἐκβῆναι
1190 1992 1295 2036 τοῦ
1327 1987 1558 2056 ῥυθμοῦ
1592 1993 1695 2037 τοῦ
1738 1990 2064 2056 πρέποντος
2112 1983 2436 2055 ἐτόλμησεν,
2474 1989 2522 2032 20

250 2073 314 2125 19
337 2067 487 2136 αὐτῷ
529 2066 587 2120 δὲ
624 2071 719 2122 καὶ
755 2074 882 2131 ταῖς
920 2071 1190 2132 Μούσαις
1230 2068 1418 2122 αὐλεῖν
1457 2072 1585 2142 ἔφη.
1661 2073 1720 2122 τί
1758 2072 1887 2135 οὖν,
1936 2070 2046 2123 οἴει
2082 2073 2179 2122 τὸν
2210 2062 2440 2141 Ὀρφέα,

333 2156 430 2205 τὸν
468 2161 567 2218 τῆς
605 2156 848 2225 Μούσης
885 2157 1034 2221 υἱόν,
1076 2158 1125 2208 εἰ
1164 2154 1387 2227 ἀληθής
1427 2158 1457 2207 ὁ
1492 2150 1626 2208 κατ’
1671 2158 1839 2208 αὐτὸν
1876 2158 2082 2223 μῦθος,
2121 2154 2336 2223 μᾶλλον
2375 2156 2443 2205 ἂν

329 2240 549 2309 χαίρειν
586 2246 698 2291 τῶν
738 2241 988 2309 ὀρνίθων
1024 2246 1496 2309 καταπετομένων
1536 2245 1682 2312 πρὸς
1732 2244 1900 2294 αὐτὸν
1953 2235 2163 2312 ᾄδοντα
2201 2243 2296 2293 καὶ
2332 2246 2444 2290 τῶν

334 2325 559 2394 θηρίων
595 2322 950 2394 κηλουμένων
992 2329 1100 2377 ὑπὸ
1140 2334 1239 2397 τῆς
1279 2334 1472 2398 φωνῆς
1507 2329 1601 2379 καὶ
1639 2331 2076 2398 παρεστηκότων
2115 2323 2317 2398 πρᾴως
2352 2327 2447 2376 καὶ

337 2410 660 2480 ἀθορύβως,
700 2412 873 2462 ὁπότε
912 2409 1146 2481 ἄρξαιτο
1184 2410 1474 2480 μελῳδεῖν,
1514 2414 1600 2464 ἔτι
1640 2411 1699 2464 δὲ
1738 2420 1849 2465 τῶν
1889 2411 2132 2483 δένδρων
2171 2413 2439 2482 προσιόν-
2476 2417 2525 2458 25

340 2512 452 2546 των
492 2497 607 2561 ἅμα
646 2495 727 2563 τῷ
762 2495 963 2565 καρπῷ
1002 2515 1062 2548 τε
1098 2499 1192 2548 καὶ
1229 2499 1428 2563 ἄνθει,
1472 2500 1567 2550 καὶ
1603 2504 1714 2551 τῶν
1755 2497 1938 2550 λίθων
1975 2502 2317 2566 κινουμένων
2354 2498 2450 2547 καὶ

342 2575 660 2645 ξυνιόντων,
690 2582 835 2632 ὥστε
860 2580 1074 2649 μεγάλα
1096 2585 1307 2652 ἕρματα
1327 2580 1716 2654 ἀθροίζεσθαι
1743 2579 1965 2654 [λίθων]
1994 2582 2239 2655 πλησίον
2261 2583 2447 2643 αὐτοῦ,

342 2664 556 2732 μᾶλλον
593 2668 693 2718 ἐπὶ
729 2669 955 2729 τούτοις
992 2672 1342 2735 γιγνομένοις
1394 2671 1612 2737 ὁρῶντα
1663 2671 1989 2740 τέρπεσθαι
2035 2673 2130 2722 καὶ
2175 2666 2450 2737 μεγαλαυ-

338 2753 595 2817 χεῖσθαι,
635 2749 934 2818 νομίζοντα
972 2760 1071 2824 τῆς
1096 2761 1369 2825 μουσικῆς
1394 2756 1546 2824 ἥκειν
1573 2748 1672 2805 ἐπ’
1716 2757 1902 2825 ἄκρον,
1941 2757 1973 2826 ἢ
2015 2755 2177 2825 εἴπερ
2210 2760 2242 2824 ή
2268 2758 2449 2826 μήτηρ

345 2837 512 2888 αὐτὸν
549 2841 581 2907 ή
623 2835 925 2907 Καλλιόπη
964 2835 1336 2908 κιθαρίζοντα
1375 2837 1618 2908 ἐπῄνεσέ
1654 2858 1713 2891 τε
1749 2841 1844 2892 καὶ
1882 2839 2010 2891 εἷπε
2058 2842 2442 2910 καταψήσασα
2480 2844 2529 2886 30

344 2923 458 2988 ἅμα
498 2924 597 2992 τήν
647 2921 925 2993 κεφαλήν,
978 2926 1055 2985 ὡς
1107 2925 1310 2986 ἱκανῶς
1358 2926 1478 2990 ἔχοι
1524 2933 1797 2996 μουσικῆς
1844 2927 1938 2977 καὶ
1988 2928 2323 2997 σοφώτατος
2362 2923 2448 2993 εἴη

260 3010 327 3060 20
348 3008 416 3058 τά
455 3014 554 3078 τῆς
590 3011 814 3079 τέχνης,·
852 3010 958 3076 ἐγὼ
998 3011 1099 3075 μὲν
1136 3011 1240 3080 γὰρ
1283 3009 1445 3076 οἶμαι
1479 3009 1689 3077 μᾶλλον
1727 3013 1840 3062 ύπό
1871 3009 2254 3078 Φιλάμμωνος
2283 3011 2450 3061 αὐτὸν

348 3090 571 3144 ἐθέλειν
608 3095 991 3165 ἐπαινεθῆναι
1029 3098 1163 3166 περὶ
1197 3099 1470 3167 μουσικήν
1507 3098 1539 3166 ἢ
1582 3096 1640 3148 εἴ
1669 3114 1757 3158 τις
1794 3094 1860 3166 ἤν
1887 3103 1997 3148 τῶν
2024 3100 2152 3147 τότε
2180 3097 2452 3165 ἔμπειρος

346 3176 704 3247 κιθαρῳδίας
739 3181 771 3249 ἢ
814 3177 1152 3246 ξυμπάντων
1191 3180 1390 3244 ἁπλῶς
1428 3188 1539 3233 τῶν
1567 3183 1790 3253 θηρίων
1816 3199 1876 3233 τε
1913 3184 2007 3233 καὶ
2045 3184 2279 3252 ὀρνέων·
2318 3174 2446 3230 ἀλλ’

493 3346 518 3386 5
551 3337 677 3391 οἷσίν
707 3340 757 3392 τ’
788 3346 872 3392 Οᾶ.
908 3352 973 3402 17,
1004 3349 1110 3404 4233
1144 3343 1244 3394 οἷοί
1273 3341 1320 3394 τ’
1351 3348 1456 3393 libri
1485 3350 1550 3403 (at
1579 3348 1628 3392 M
1658 3349 1706 3393 in
1734 3349 1914 3401 rasura)
1944 3343 2109 3405 ἀφνιοι
2137 3347 2188 3392 Μ
2318 3352 2341 3390 7
2376 3343 2452 3393 οὔ·

351 3430 470 3460 κουν
497 3414 549 3459 Μ
635 3419 659 3461 8
689 3414 842 3477 ἐρίζοι
872 3414 935 3465 ἂν
963 3419 1110 3477 Emp.,
1141 3417 1358 3477 ἐριζοίαν
1387 3420 1437 3465 Μ
1466 3418 1621 3479 ἐρίζοι
1647 3422 1748 3475 (om.
1781 3413 1859 3474 ἄν)
1889 3418 1968 3464 UB
2063 3422 2089 3462 9
2119 3418 2285 3476 βλέπει
2314 3418 2365 3462 Μ

352 3480 565 3542 μιζόνων
593 3487 643 3531 Μ
734 3492 784 3532 10
815 3483 955 3548 ἔστην
984 3490 1034 3533 Μ
1124 3494 1174 3535 12
1206 3484 1366 3538 αὐτῶν
1385 3492 1428 3538 U
1449 3505 1506 3535 m.
1528 3504 1598 3548 pr.
1621 3491 1660 3536 B
1748 3482 1834 3537 οὖν
1863 3490 2035 3547 scripsi,
2068 3483 2243 3536 οὐκοῦν
2271 3488 2375 3533 libri

340 3559 410 3600 ‘13
441 3556 519 3603 ἐπὶ
548 3561 607 3617 τῇ
636 3558 776 3618 τέχνῃ
803 3559 1018 3606 Reiskius
1047 3563 1304 3619 transponit
1333 3564 1440 3620 post
1483 3570 1684 3622 φρονεῖν
1861 3565 1913 3605 14
1944 3554 2158 3618 ἀτέχνων
2186 3562 2268 3606 καὶ
2300 3553 2449 3616 ἀμού-

355 3643 455 3673 σων
482 3627 525 3673 U
644 3633 695 3674 16
726 3633 814 3677 τοῦ
841 3630 1023 3687 Reiske‚
1053 3635 1196 3679 τοῦτο
1228 3633 1279 3678 Μ
1310 3631 1466 3698 τούτῳ
1496 3635 1578 3680 UB
1723 3636 1777 3677 20
1808 3648 2013 3691 σμικρον
2041 3631 2080 3675 Β
2217 3634 2267 3674 27
2300 3632 2451 3677 λίθων

355 3699 444 3745 del.
466 3698 574 3745 Wil.
664 3704 717 3745 30
747 3701 1085 3763 καταψῶσασα
1116 3703 1159 3749 U
