2684 4140
1064 265 1290 312 ORATIO
1319 265 1438 311 LIV.
2195 263 2295 311 113

14 427 192 469 279R11)
215 418 480 467 ἁπάντων
521 417 727 465 ἐκεῖνον
764 409 1001 480 βασιλέα
1038 412 1131 461 καὶ
1167 408 1338 476 μόνον
1378 403 1545 459 αὐτὸν
1581 411 1958 475 ἐπιστάμενον
1983 410 2077 459 καὶ
2114 424 2296 477 παρα-

215 498 440 551 διδόντα
495 495 593 568 τὴν
639 493 933 566 βασιλικὴν
981 500 1202 564 τέχνην,
1249 495 1510 554 καὶτοὺς
1560 495 1816 561 ἀγαθοὺς
1852 490 2120 561 ’βασιλεῖς
2170 489 2295 543 δέον

212 579 358 651 πρὸς
394 585 603 634 ἐκεῖνον
640 579 955 648 βλέποντας
991 580 1354 630 κατευθύνειν
1378 575 1477 648 τὴν
1515 579 1700 649 ἀρχήν,
1740 580 2177 649 ἀφομοιοῦντας,
2218 579 2295 639 ὡς

213 664 448 716 δυνατόν
495 668 648 716 ἐστιν
697 666 1059 733 ἀνθρώποις,
1110 662 1232 730 θεῷ
1282 665 1378 714 τὸν
1427 664 1608 713 αὐτῶν
1655 660 1886 732 τρόπον.
1973 665 2035 712 τὸ
2090 659 2148 712 δὲ
2193 662 2380 712 τοῢ12

155 755 180 795 5
214 750 358 809 Διὸς
393 745 542 816 ἦθος
577 750 680 805 καὶ,
695 745 793 816 τὴν
809 746 1112 814 ’βασιλείαν
1140 749 1314 798 ὁποία
1341 765 1428 808 τις
1455 741 1573 816 [ἧν],
1612 749 1670 797 ἐν
1701 744 1938 808 πολλοῖς
1962 748 2063 812 μὲν
2102 743 2296 807 ἄλλοις

207 835 375 882 ποιεῖ
406 833 678 901 φανεράν,
730 833 807 892 ὡς
846 825 898 882 δ’
941 834 999 882 ἐν
1036 833 1240 900 βραχεῖ
1270 829 1650 900 περιλαβόντα
1700 832 1884 882 εἰπεῖν
1921 828 2020 900 τὴν
2060 829 2294 896 δύναμιν

208 910 381 967 αὐτοῦ
410 917 504 966 καὶ
538 911 636 984 τὴν
665 913 921 966 διάνοιαν
961 913 1132 985 δηλοῖ
1160 913 1449 978 πολλάκις,
1490 916 1581 965 ἀεί
1606 930 1746 965 ποτε
1775 908 1940 965 αὐτὸν
1970 916 2147 976 οὕτως
2173 916 2294 965 ὄνο-

204 996 393 1067 μάζων
418 995 624 1068 ,πατὴρ
647 996 864 1067 ἀνδρῶν
892 1016 952 1049 τε
977 1000 1133 1049 θεῶν
1159 1016 1219 1050 τε
1235 998 1275 1023 ‘·
1300 1001 1377 1059 ὡς
1399 997 1525 1048 δέον
1546 995 1644 1067 τὴν
1664 1004 1775 1048 τῶν
1795 996 2077 1064 βασιλέων
2097 1001 2294 1064 ἐπιμέ-

208 1083 361 1136 λειαν
398 1079 673 1152 πατρικὴν
710 1085 804 1133 καὶ
841 1079 1205 1152 κηδεμονικὴν
1244 1081 1391 1133 εἶναι
1426 1075 1550 1147 μετ’
1595 1075 1816 1143 εὐνοίας
1850 1085 1943 1133 καὶ
1971 1081 2167 1152 φιλίας
2202 1084 2296 1134 καὶ

128 1173 175 1216 10
207 1167 492 1240 μηδέποτε
530 1165 713 1229 ἄλλως
752 1174 1037 1237 προσῆκον
1078 1168 1406 1235 ἀνθρώπων
1444 1166 1845 1230 προΐστασθαί
1880 1184 1941 1216 τε
1975 1169 2070 1217 καὶ
2107 1169 2294 1234 ἄρχειν

203 1256 236 1325 ἢ
276 1255 581 1321 ἀγαπῶντα
618 1254 712 1303 καὶ
750 1258 1127 1321 προνοοῦντα,
1180 1249 1354 1301 ὁπότε
1400 1251 1431 1299 ὁ
1468 1252 1610 1311 Ζεύς
1660 1244 1757 1314 οὐχ
1804 1249 2057 1319 ὑπερορᾷ
2107 1248 2292 1320 πατὴρ

205 1339 530 1408 ἀνθρώπων
567 1334 895 1390 καλεῖσθαι.

0 1696 178 1758 mam
684 1672 804 1739 (37)
858 1669 1115 1738 ΠΕΡΙ
1153 1666 1804 1735 ΣΩΚΡΑΤΟΥΣ.

0 1910 5 1974 ξ’
338 1905 568 1976 Ἱππίας
617 1916 647 1964 ὁ
688 1906 908 1974 Ἠλεῖος
954 1914 1047 1963 καὶ
1082 1913 1324 1981 Γοργίας
1373 1914 1404 1962 ὁ
1449 1914 1762 1974 Λεοντῖνος
1806 1914 1900 1964 καὶ
1946 1910 2152 1974 Πῶλος
2194 1915 2288 1964 καὶ
2331 1916 2352 1964 1

0 1985 5 2137 Ι
199 1998 486 2070 Πρόδικος
526 2000 581 2050 οἱ
621 1999 895 2068 σοφισταὶ
914 1995 1118 2066 χρόνον
1144 1997 1269 2048 τινὰ
1308 1997 1569 2066 ἤνθησαν
1594 1998 1652 2048 ἐν
1678 2004 1746 2067 τῇ
1767 1990 2107 2048 Ἑλλάδι-καὶ
2144 1999 2288 2048 θαυ-

123 2091 170 2133 15
204 2093 422 2155 μαστῆς
460 2086 754 2152 ἐτύγχανον
795 2084 1000 2153 φήμης,
1043 2073 1106 2133 οὗ
1144 2080 1319 2147 μόνον
1357 2083 1414 2132 ἐν
1452 2085 1578 2142 ταῖς
1616 2079 1815 2144 ἄλλαις
1853 2074 2107 2146 πόλεσιν,
2147 2080 2288 2133 ἀλλὰ

197 2172 291 2223 καὶ
327 2171 385 2220 ἐν
423 2176 491 2239 τῇ
527 2171 759 2238 Σπάρτῃ
798 2169 892 2218 καὶ
930 2159 1072 2236 παρ’
1110 2159 1461 2236 Ἀθηναίοις,
1499 2167 1593 2216 καὶ
1612 2168 1870 2236 χρήματα
1910 2164 2094 2217 πολλὰ
2136 2171 2289 2218 συνέ-

1 2193 106 2318 susa?
127 2277 178 2319 Μ)
204 2252 390 2319 λεξαν,
438 2252 683 2324 δημοσίᾳ
731 2270 791 2303 τε
841 2252 997 2321 παρὰ
1046 2257 1157 2302 τῶν
1207 2248 1431 2302 πόλεων
1468 2252 1562 2302 καὶ
1599 2251 1755 2320 παρὰ
1797 2249 2083 2302 δυναστῶν
2120 2269 2288 2303 τινων

5 2324 7 2326 .
196 2342 290 2392 καὶ
325 2337 605 2407 βασιλέων
643 2340 737 2389 καὶ
776 2335 1036 2401 ἰδιωτῶν,
1076 2338 1153 2399 ὡς
1190 2339 1424 2398 ἕκαστος
1462 2338 1583 2402 ἔχοι
1621 2334 1922 2402 δυνάμεως.
1999 2334 2187 2404 ἔλεγον
2228 2335 2286 2388 δὲ

6 2427 9 2455 ²
199 2423 445 2486 πολλοὺς
492 2426 592 2490 μὲν
634 2420 856 2490 λόγους,
905 2428 1035 2474 νοῦν
1085 2419 1143 2472 δὲ
1185 2415 1282 2472 οὐκ
1330 2422 1559 2487 ἔχοντας
1599 2414 1726 2472 οὐδὲ
1775 2422 2009 2490 βραχύν·
2058 2415 2166 2492 ἀφ’
2212 2421 2287 2472 ὧν

6 2457 10 2598 1
119 2515 168 2557 20
204 2510 357 2560 ἔστιν
396 2504 557 2574 οἶμαι
589 2509 844 2578 χρήματα
883 2502 1136 2576 πορίζειν
1173 2508 1266 2558 καὶ
1314 2507 1661 2576 ἀνθρώπους
1711 2504 1977 2575 ἠλιθίους
2015 2507 2285 2575 ἀρέσκειν.

200 2591 369 2654 ἄλλος
426 2590 487 2643 δέ
535 2610 622 2654 τις
668 2593 803 2662 ἀνὴρ
836 2582 1171 2661 Ἀβδηρίτης
1221 2584 1317 2656 οὐχ
1367 2593 1525 2652 ὅπως
1574 2592 1837 2660 ἀργύριον
1885 2583 2025 2659 παρ’
2078 2594 2282 2660 ἑτέρων
2323 2594 2353 2643 2

8 2661 9 2667 ¹
197 2675 520 2744 ἐλάμβανεν,
561 2674 701 2726 ἀλλὰ
727 2678 821 2727 καὶ
848 2674 1146 2746 διέφθειρε
1173 2673 1271 2746 τὴν
1311 2669 1510 2727 οὐσίαν
1548 2672 1647 2745 τὴν
1688 2678 1862 2727 αὑτοῦ
1888 2671 2085 2745 συχνὴν
2115 2676 2286 2726 οὖσαν

6 2675 12 2855 ¹
194 2764 287 2814 καὶ
336 2760 596 2813 ἀπώλεσε
648 2759 985 2832 φιλοσοφῶν
1036 2763 1404 2832 ἀναισθήτως
1455 2759 1621 2832 δῆλον
1672 2763 1761 2811 ὅτι
1807 2763 1901 2812 καὶ
1939 2757 2115 2830 ζητῶν
2152 2758 2287 2827 <ὦν>

4 2863 9 2949 ῤ
198 2840 356 2898 οὐδὲν
405 2844 609 2917 ὄφελος
666 2839 832 2914 αὐτῷ.
916 2843 982 2916 ἦν
1033 2843 1092 2897 δὲ
1127 2848 1221 2897 καὶ
1257 2847 1558 2915 Σωκράτης
1595 2837 1878 2915 Ἀθήνησι
1933 2849 2106 2914 πένης
2145 2842 2282 2914 ἀνὴρ

339 3072 359 3111 1
394 3062 542 3114 αὐτόν
570 3063 621 3115 τ’
651 3070 690 3113 Β
721 3046 774 3122 (Β)
901 3042 1158 3124 ἐπιστάμεξ·
1186 3068 1309 3121 (sict)
1339 3067 1382 3110 H
1411 3063 1728 3120 ἐπιστάμενος
1757 3065 1793 3109 Ρ
1937 3069 1964 3109 4
1994 3059 2284 3125 ἀνθρώπους

195 3137 328 3182 UBM
442 3138 530 3184 τὸν
560 3133 709 3185 αὐτὸν
737 3138 828 3183 ΒΜ
856 3134 979 3184 τεὸν
1009 3134 1167 3185 αὐτῶν
1197 3143 1242 3191 (ο
1274 3138 1322 3181 in
1351 3139 1527 3190 rasura)
1557 3136 1598 3179 H
1629 3138 1727 3182 τῶν
1757 3130 1916 3183 αὐτῶν
1945 3136 1980 3180 Ρ
2083 3134 2283 3195 τρόπων

194 3208 230 3252 Ρ
262 3221 318 3251 m.
350 3220 387 3252 s.
525 3214 549 3252 5
579 3200 637 3267 ἦν
667 3208 846 3261 seclusi,
877 3207 1077 3252 Gasdam
1106 3211 1290 3252 secutus
1404 3209 1485 3252 καὶ
1515 3210 1620 3262 post
1648 3206 1737 3263 μὲν
1765 3206 1866 3251 add.
1899 3207 2059 3263 Pflugk
2176 3212 2201 3252 6
2233 3209 2282 3255 δὲ

194 3278 246 3324 ἐν
276 3278 310 3321 Ρ
487 3281 512 3320 9
542 3280 622 3324 καὶ
651 3274 960 3337 κηδεμονικὴν
988 3291 1017 3322 a
1045 3291 1102 3322 m.
1134 3291 1170 3322 s.
1202 3278 1237 3320 Ρ
1410 3276 1475 3330 ὠς
1504 3289 1586 3334 pro
1617 3279 1698 3322 καὶ
1725 3282 1831 3322 ante
1860 3278 2096 3337 μηδέποτε
2126 3279 2165 3324 U

198 3353 249 3392 10
279 3345 434 3402 ἄλλως
464 3361 519 3393 ex
548 3346 668 3395 ἄλλα
699 3348 734 3392 Ρ
765 3362 820 3392 m.
852 3362 888 3395 s.
1004 3343 1248 3410 ἀνθρώπῳ
1277 3347 1410 3393 UBM
1554 3341 1706 3406 ἀρχην
1738 3349 1770 3391 Ρ
1802 3361 1861 3392 m.
1892 3362 1959 3405 pr.
2099 3353 2149 3394 12
2181 3353 2280 3396 τῶν

195 3413 476 3479 ἀνθρώπων
506 3419 638 3465 UBM
786 3423 836 3463 13
872 3414 897 3465 ὃ
927 3412 1059 3478 ἥλιος
1087 3419 1137 3462 Μ
1277 3419 1502 3478 γοργείας
1534 3413 1560 3464 ὃ
1592 3422 1861 3473 λεοντεῑνος
1890 3419 1939 3462 Μ
2057 3425 2107 3464 17
2141 3421 2282 3479 δημό-

195 3487 328 3537 σιάτε
359 3491 440 3536 UB
555 3489 746 3536 πόλεων
775 3490 954 3543 Reiske,
985 3492 1196 3536 πολιτῶν
1224 3489 1330 3533 libri
1443 3492 1496 3533 20
1527 3483 1762 3547 ἧληθήους
1789 3489 1825 3533 Ρ
1943 3494 1993 3534 21
2027 3485 2281 3551 ἀβδηρίτης

195 3564 240 3613 (α
272 3565 316 3605 et
345 3564 506 3606 acutus
536 3574 565 3605 a
595 3566 725 3615 corr.)
757 3562 791 3605 P
909 3565 961 3605 22
993 3563 1288 3621 διαφθείρειν
1321 3562 1367 3605 Μ
1483 3555 1631 3608 αὐτοῦ
1661 3561 1739 3605 ΗΡ
1769 3575 1826 3605 m.
1857 3574 1924 3617 pr.
2061 3565 2114 3606 23
2147 3556 2279 3609 ἀπω-

8 3687 15 3726 [
195 3630 404 3747 ἐέσαᾶθῗῑ
420 3626 797 3747 Ἧῃοένεσθήτως
826 3635 890 3686 (αι
920 3644 1143 3689 superscr.
1174 3634 1306 3687 corr.)
1327 3632 1361 3676 P
1477 3624 1546 3678 ὦν
1575 3633 1677 3678 add.
1709 3631 1876 3677 Reiske
1991 3634 2046 3676 24
2079 3630 2281 3692 Σωκρά-

9 3726 17 3753 1<
223 3719 275 3761 ης
380 3738 389 3748 ·
517 3738 527 3748 -

8 3757 19 3841 f
278 3779 372 3816 DIO.
397 3780 446 3817 11.
1911 3776 1935 3817 8
