2684 4140
347 235 452 284 202
1136 222 1342 269 moms
1372 222 1455 267 DE
1487 221 1668 277 LEGE,

956 535 1075 604 (58)
1124 532 1380 602 ΠΕΡΙ
1426 530 1823 599 NOMOY.
2458 553 2641 599 Μοθω-

276 787 297 834 1
471 771 623 830 Ἔστι
662 777 721 830 δὲ
771 781 801 829 ό
847 781 1018 845 νόμος
1055 783 1159 828 τοῦ
1191 778 1319 845 βίου
1366 779 1468 843 μὲν
1505 779 1752 847 ἡγεμών,
1802 784 1913 830 τῶν
1952 777 2174 830 πόλεων
2213 778 2272 830 δὲ
2312 782 2437 831 ἑπι-

340 867 545 935 στάτης
580 867 784 928 κοινός,
824 870 936 915 τῶν
976 862 1035 914 δὲ
1063 865 1410 934 πραγμάτων
1435 864 1617 914 κανὼν
1645 861 1879 927 δίκαιος,
1923 865 2068 932 πρὸς
2104 863 2165 915 ὃν
2204 866 2437 915 ἕκαστον

335 950 681 1002 ἀπευθύνειν
729 947 822 1002 δεῖ
862 951 959 1000 τὸν
1010 951 1184 1001 αὑτοῦ
1230 951 1473 1019 τρόπον·
1530 950 1580 1000 εἰ
1620 946 1678 1000 δὲ
1718 950 1831 1019 μή,
1884 945 2108 1010 σκολιὸς
2145 950 2307 1000 ἔσται
2343 951 2438 1002 καὶ

336 1038 600 1106 πονηρός.
678 1037 735 1086 οἱ
770 1037 873 1102 μὲν
913 1036 1008 1087 οὖν
1047 1042 1246 1087 τοῦτον
1287 1033 1664 1106 φυλάττοντες
1714 1035 1936 1100 ἔχονται
1984 1041 2083 1105 τῆς
2123 1035 2433 1104 σωτηρίας·

338 1123 394 1173 οἱ
432 1119 491 1172 δὲ
531 1122 982 1192 παραβαίνοντες
1019 1127 1247 1192 πρῶτον
1284 1123 1386 1188 μὲν
1426 1122 1627 1183 αὐτοὺς
1667 1118 2068 1184 ἀπολλύουσιν,
2107 1120 2308 1170 ἔπειτα
2345 1120 2439 1170 καὶ
2474 1129 2499 1170 5

335 1208 468 1269 τούς
506 1204 726 1272 ἄλλους,
768 1205 1128 1278 παράδειγμα
1165 1209 1260 1258 καὶ
1299 1203 1461 1279 ζῆλον
1490 1207 1684 1268 αὐτοῖς
1711 1207 1951 1273 ἀνομίας
1987 1207 2082 1257 καὶ
2106 1206 2236 1273 βίας
2264 1210 2433 1274 παρέ-

330 1310 540 1359 χοντες.
607 1294 799 1363 ὥσπερ
842 1291 901 1344 δὲ
928 1299 1040 1345 τῶν
1067 1291 1354 1344 πλεόντων
1383 1295 1439 1343 οἱ
1465 1299 1568 1343 τοῦ
1592 1298 1816 1362 πυρσοῦ
1838 1294 1911 1363 μὴ
1943 1290 2437 1360 διαμαρτάνοντες,

338 1378 497 1430 οὗτοι
532 1376 781 1446 μάλιστα
824 1375 1101 1447 σῴζονται
1137 1381 1230 1430 καὶ
1267 1381 1399 1440 τούς
1452 1376 1680 1444 λιμένας
1718 1379 2100 1447 εὑρίσκουσιν,
2153 1377 2331 1438 οὕτως
2384 1376 2440 1426 οἱ

334 1467 475 1517 κατὰ
514 1467 611 1516 τὸν
653 1468 824 1531 νόμον
864 1461 1064 1528 ζῶντες
1091 1462 1497 1535 ἀσφαλέστατα
1526 1465 1869 1534 πορεύονται
1908 1460 2002 1514 διὰ
2041 1468 2144 1513 τοῦ
2178 1463 2305 1530 βίου
2343 1463 2437 1512 καὶ

268 1554 300 1604 2
338 1559 436 1623 τῆς
472 1559 795 1622 καταγωγῆς
833 1558 931 1622 τῆς
970 1549 1205 1621 δεούσης
1243 1553 1622 1618 τυγχάνουσιν.
1709 1549 2001 1619 ἀνθρώπῳ
2051 1550 2153 1614 μὲν
2193 1548 2288 1599 οὖν
2326 1545 2429 1618 ἤδη
2473 1555 2518 1599 10

335 1654 424 1699 τις
465 1634 758 1704 συμβούλῳ
783 1640 1136 1707 χρησάμενος
1161 1638 1513 1706 μετενόησεν,
1555 1636 1617 1686 οὐ
1644 1639 1838 1701 μέντοι
1866 1637 2035 1701 νόμῳ.
2182 1637 2433 1701 τοσούτῳ

337 1720 395 1772 δὲ
435 1728 546 1772 τῶν
584 1728 782 1787 τειχῶν
820 1726 946 1783 ταῖς
987 1719 1192 1773 πόλεσι
1225 1723 1650 1791 χρησιμώτερός
1698 1722 1882 1783 ἐστιν,
1934 1721 2077 1770 ὥστε
2127 1721 2439 1784 ἀτείχιστοι

332 1809 434 1873 μὲν
484 1805 695 1859 πολλαὶ
744 1813 855 1858 τῶν
906 1805 1129 1859 πόλεων
1180 1805 1538 1873 διαμένουσι,
1587 1809 1760 1872 νόμου
1813 1804 1871 1856 δὲ
1916 1807 2090 1874 χωρὶς
2140 1806 2236 1856 οὐκ
2284 1807 2438 1856 ἔστιν

337 1890 601 1959 οὐδεμίαν
642 1894 934 1944 οἰκεῖσθαι
972 1890 1157 1944 πόλιν,
1244 1893 1306 1943 ού
1354 1895 1527 1958 μόνον
1578 1889 1637 1942 δὲ
1690 1894 1966 1962 συμφέρει
2013 1895 2135 1953 τοῖς
2183 1892 2437 1961 θνητοῖς,

333 1976 474 2029 ἀλλὰ
511 1980 604 2030 καὶ
641 1982 763 2040 τοῖς
789 1979 969 2040 θεοῖς.
1036 1980 1066 2029 ό
1103 1984 1234 2046 γοῦν
1258 1981 1471 2044 κόσμος
1508 1979 1597 2028 ἀεὶ
1633 1979 1730 2028 τὸν
1769 1977 1937 2027 αὐτὸν
1964 1979 2135 2044 νόμον
2174 1978 2434 2047 ἀκίνητον
2472 1985 2518 2028 15

336 2062 607 2136 φυλάττει
642 2066 736 2116 καὶ
773 2071 884 2116 τῶν
925 2065 1171 2116 αἰωνίων
1212 2057 1372 2115 οὐδὲν
1411 2066 1479 2115 ἂν
1506 2064 1799 2133 παραβαίη
1827 2069 2042 2114 τοῦτον.
2107 2063 2245 2114 ὅθεν
2275 2062 2437 2130 οἶμαι

331 2153 426 2202 καὶ
461 2147 727 2217 βασιλεὺς
765 2151 996 2211 εἰκότως
1034 2150 1363 2219 ἀνθρώπων
1402 2151 1497 2200 καὶ
1522 2150 1677 2199 θεῶν
1714 2146 1990 2218 κέκληται,
2030 2150 2128 2219 τὴν
2166 2151 2267 2214 μὲν
2305 2151 2436 2217 βίαν

331 2233 639 2299 καταλύων,
679 2237 779 2305 τὴν
819 2232 878 2285 δὲ
905 2235 1066 2304 ὕβριν
1090 2235 1405 2304 καθαιρῶν,
1445 2236 1543 2304 τὴν
1585 2231 1643 2284 δὲ
1684 2235 1882 2285 ἄνοιαν
1912 2230 2295 2304 σωφρονίζων,
2337 2237 2435 2306 τὴν

335 2319 393 2373 δὲ
431 2322 627 2372 κακίαν
664 2317 930 2385 κολάζων,
972 2319 1091 2389 ἰδίᾳ
1132 2318 1190 2371 δὲ
1228 2322 1322 2371 καὶ
1357 2327 1517 2390 κοινῇ
1545 2321 1764 2381 πάντας
1790 2321 1921 2380 τοὺς
1961 2317 2258 2386 δεομένους
2286 2323 2434 2391 ὠφε-

335 2404 471 2472 λῶν,
521 2411 643 2470 τοῖς
689 2410 791 2474 μὲν
830 2405 1221 2473 ἀδικουμένοις
1257 2407 1516 2476 βοηθῶν,
1566 2409 1688 2467 τοῖς
1727 2403 1785 2456 δὲ
1837 2406 2255 2472 ἀπορουμένοις
2294 2408 2429 2476 περί
2466 2415 2512 2457 20

268 2498 297 2550 3
337 2510 491 2555 τινος
537 2496 762 2564 μηνύων
810 2495 874 2544 τὸ
925 2491 1068 2544 δέον.
1158 2495 1290 2544 ὅταν
1327 2494 1430 2562 γάρ
1470 2510 1557 2553 τις
1599 2492 1914 2559 συμβάντος
1960 2493 2114 2553 τινὸς
2153 2491 2304 2560 αὐτῷ
2344 2491 2433 2543 δυ-

336 2577 535 2630 σκόλου
563 2582 894 2650 πράγματος
922 2576 1055 2649 ζητῇ
1081 2581 1144 2630 τὸ
1176 2581 1479 2650 συμφέρον,
1521 2575 1681 2628 οὐδὲν
1720 2577 1881 2644 οἶμαι
1909 2575 2003 2628 δεῖ
2023 2574 2224 2648 φίλους
2250 2593 2434 2645 παρα-
2461 2589 2539 2630 (646
2561 2587 2613 2630 Μ)

331 2663 521 2716 καλεῖν
562 2664 689 2716 οὐδὲ
732 2670 1036 2733 συγγενεῖς,
1087 2662 1228 2715 ἀλλά
1277 2662 1523 2715 ἐλθόντα
1576 2664 1732 2733 παρὰ
1784 2664 1915 2724 τοὺς
1963 2665 2169 2728 νόμους
2210 2665 2432 2714 πυνθά-

331 2752 556 2802 νεσθαι.
619 2753 713 2802 καὶ
752 2752 848 2801 οὐκ
886 2752 953 2802 ἂν
992 2753 1054 2801 τὸ
1097 2752 1303 2801 οἰκεῖον
1346 2755 1572 2800 σκοπῶν
1598 2753 1787 2819 χεῖρον
1813 2749 2002 2815 ἐκείνῳ
2034 2752 2432 2818 παραινέσειεν
2449 2759 2643 2803 (407R11)

334 2835 461 2888 οὐδὲ
502 2838 781 2908 ἀγνοήσας
818 2839 881 2887 τὸ
921 2835 1144 2904 βέλτιον
1185 2835 1312 2887 οὐδὲ
1353 2827 1430 2886 δι’
1476 2832 1745 2901 ἀσχολίαν
1771 2834 1896 2885 τινὰ
1934 2835 2058 2903 ἢτό
2096 2835 2169 2904 μὴ
2202 2835 2429 2903 φροντί-
2467 2842 2514 2883 25

334 2918 445 2985 ζειν
483 2924 614 2984 τούς
643 2926 1056 2988 σκεπτομένους
1083 2914 1494 2992 παραιτήσαιτ’
1527 2922 1609 2972 ἄν.
1682 2920 2008 2970 τούναντίον
2032 2919 2134 2988 γὰρ
2163 2919 2431 2969 ἁπάντων

334 3009 546 3074 ὁμοίως
579 3005 810 3078 κήδεται
845 3009 940 3059 καὶ
980 3005 1180 3079 σχολὴν
1219 3009 1343 3075 ἄγει
1381 3008 1526 3077 πρὸς
1552 3007 1620 3056 τὰ
1648 3011 1759 3057 τῶν
1787 3002 1971 3055 ἄλλων
2009 3006 2312 3073 πράγματα
2340 3005 2433 3054 καὶ

264 3099 295 3146 4
335 3086 495 3145 οὐδὲν
535 3092 682 3145 ἴδιον
722 3086 850 3145 οὐδὲ
889 3091 1176 3163 ἐξαίρετόν
1215 3095 1369 3144 ἐστιν
1398 3085 1566 3160 αὐτῷ.
1713 3093 1807 3143 καὶ
1831 3093 1938 3162 μὴν
1965 3092 2216 3157 τοσούτῳ
2245 3105 2305 3158 γε
2333 3097 2431 3160 τῆς

473 3291 498 3332 3
520 3282 594 3335 ἀεὶ
610 3302 692 3345 pro
709 3292 780 3336 δεῖ
797 3290 840 3334 Η
856 3294 944 3345 (δεῖ
962 3303 1189 3349 superscr.
1212 3304 1240 3335 a
1263 3294 1393 3346 corr.)
1416 3285 1490 3338 ἀεὶ
1511 3294 1586 3337 δεῖ
1601 3291 1636 3334 Ρ
1725 3285 1873 3338 αὐτοῦ
1893 3290 1980 3337 UH
2097 3294 2123 3334 4
2144 3291 2289 3336 τοῦτο
2312 3289 2348 3333 Ρ

279 3422 282 3424 q
330 3364 354 3404 5
388 3353 559 3413 αὐτοὺς
588 3359 673 3404 ΜΡ
792 3365 817 3405 6
849 3356 1021 3416 αὐτους
1051 3362 1092 3405 Η
1124 3361 1297 3416 αὐτοὺς
1329 3363 1362 3405 P
1507 3356 1746 3419 ἀνομοίας
1777 3361 1824 3405 Μ
1941 3361 2243 3421 παρέχοντας
2274 3359 2310 3403 P

333 3436 385 3476 10
416 3426 693 3491 ἀνθρώπων
724 3433 764 3476 H
900 3438 945 3477 11
978 3431 1240 3493 μετενόησε
1269 3435 1351 3478 ΡΗ
1381 3435 1444 3489 (in
1473 3433 1515 3479 U
1547 3451 1573 3479 ν
1603 3437 1797 3487 erasum)
1915 3429 1971 3480 οὗ
2000 3433 2164 3490 μέντοι
2195 3426 2330 3491 νόμῳ
2363 3430 2425 3485 Μ,

332 3515 419 3547 om.
438 3503 576 3547 ceteri
661 3506 867 3550 τοσοῦτο
890 3504 971 3548 ΡΗ
1061 3509 1113 3549 12
1131 3501 1368 3564 ἀτίχιστοι
1389 3506 1436 3549 Μ
1537 3510 1585 3550 15
1617 3500 1842 3564 ἀκίνητον
1872 3517 1899 3548 a
1930 3517 2046 3549 corr.
2079 3513 2304 3559 superscr.
2327 3499 2371 3543 H

333 3577 386 3619 16
415 3571 603 3621 τούτων
633 3575 673 3621 U
704 3588 759 3619 m.
789 3588 859 3632 pr.
892 3576 982 3619 ΒΜ
1098 3580 1151 3620 22
1183 3578 1422 3637 ξυμφέρον
1452 3579 1489 3622 Β
1608 3580 1660 3621 23
1692 3581 1927 3635 ξυγγενεῖς
1948 3574 1982 3618 Β
2072 3576 2126 3617 24
2155 3573 2236 3618 καὶ
2267 3564 2428 3617 οὗκεὶν

330 3644 389 3693 τὸ
421 3648 480 3700 (ει
508 3650 618 3691 mut·
648 3646 695 3690 in
726 3650 765 3700 ε)
797 3647 832 3690 Ρ
977 3649 1282 3708 παραινέσιεν
1312 3649 1398 3693 ΜΡ
1543 3652 1596 3694 25
1629 3642 1736 3695 οὐδὲ
1766 3647 1910 3704 Emp.‚
1943 3642 2054 3694 οὔτε
2083 3642 2187 3687 libri
2321 3636 2428 3688 οὐδὲ

329 3718 475 3774 1³3me
507 3714 616 3765 οὔτε
646 3717 750 3763 libri
867 3722 919 3764 26
952 3718 1063 3775 τοὺς
1092 3723 1445 3779 κλεπτομένους
1474 3721 1592 3774 libri,
1624 3733 1742 3765 corr.
1774 3717 2006 3763 Motellius
