2684 4140
2672 138 2684 162 ..
2679 111 2684 126 „
2639 0 2684 41 ἰώ

438 281 539 329 170
1139 259 1143 263 ’
1190 271 1391 316 monis
1418 270 1503 315 DE
1537 269 1766 315 emam

435 423 537 489 γὰρ
576 423 662 470 ὅτι
702 415 972 468 οὐδέποτε
1018 417 1174 484 γνοίη
1226 415 1294 465 ἂν
1343 415 1541 463 ἑαυτὸν
1593 414 1738 463 οὕτω
1792 419 2034 464 σκοπῶν.
2084 441 2154 449 -
2198 413 2277 464 Οὐ
2315 415 2416 483 γὰρ
2457 417 2523 466 ἂν

368 507 398 557 3
436 504 608 571 γνοίη.
648 529 716 537 —
751 502 818 551 A.
845 493 1013 550 (Ὠστε
1052 500 1148 549 οὐκ
1185 500 1252 549 ἂν
1291 499 1377 548 ἔτι
1415 498 1687 548 πείθοιτο
1727 497 1807 564 τῷ
1843 496 2115 568 Δελφικῷ
2164 501 2525 569 προσρήματι

430 584 751 637 κελεύσαντι
789 585 1003 645 παντὸς
1042 581 1254 649 μᾶλλον
1292 584 1617 650 γιγνώσκειν
1645 584 1846 644 αύτόν,·
1885 611 1951 619 —
1978 584 2116 644 Πῶς
2152 585 2254 651 γὰρ
2295 586 2363 635 ἄν
2402 587 2525 635 πεί-
2550 594 2684 652 (elur

429 671 631 730 θοιτο,·
679 696 748 704 --
784 670 852 719 A.
900 668 1111 719 Οὔκουν
1152 665 1277 718 οὐδὲ
1327 673 1439 718 τῶν
1480 665 1665 718 ἄλλων
1715 666 1874 718 οὐδὲν
1925 667 2139 719 εἴσεται
2179 671 2524 738 πραγμάτων

430 756 595 805 αὑτὸν
633 754 846 820 ἀγνοῶν
876 751 1002 803 οὐδὲ
1032 751 1329 823 δυνήσεται
1367 754 1512 821 πρὸς
1551 749 1829 822 ἀλήθειαν
1856 749 2131 816 ἐξετάζειν
2159 755 2332 804 αὐτοῦ
2366 757 2519 822 πρώ-
2556 763 2580 802 5

427 855 524 889 του
564 836 947 908 ἐσφαλμένος,·
986 865 1054 873 -
1090 839 1443 889 Παντάπασι
1479 839 1580 903 μὲν
1620 838 1730 889 οὖν.
1761 865 1829 872 -
1854 840 1922 888 A.
1952 841 2192 908 Χαίρειν
2232 839 2327 889 οὖν
2365 840 2522 890 ἐάσει

428 924 595 989 τιμὰς
641 925 734 974 καὶ
782 924 1013 989 ἀτιμίας
1061 925 1155 974 καὶ
1206 926 1386 991 ψόγον
1424 940 1483 973 τε
1522 925 1616 974 καὶ
1654 924 1890 974 ἔπαινον
1929 926 2025 974 τὸν
2065 924 2220 993 παρὰ
2257 929 2369 974 τῶν
2404 922 2521 994 ἠλι-

426 1009 576 1058 θίων
615 1010 958 1078 ἀνθρώπων,
999 1011 1095 1060 ἐάν
1135 1026 1194 1060 τε
1234 1006 1439 1059 πολλοὶ
1476 1011 1718 1074 τύχωσιν
1757 1010 1911 1070 ὄντες
1949 1011 2047 1060 ἐάν
2085 1026 2144 1059 τε
2185 1006 2365 1074 ὀλίγοι
2401 1013 2518 1074 μέν,

427 1095 644 1162 ἰσχυροὶ
682 1091 741 1145 δὲ
779 1096 872 1145 καὶ
911 1092 1196 1145 πλούσιοι.
1284 1096 1382 1165 τὴν
1433 1092 1495 1145 δέ
1540 1110 1600 1162 γε
1646 1092 1991 1164 καλουμένην
2040 1091 2208 1157 δόξαν
2257 1096 2522 1164 ἡγήσεται

422 1177 597 1248 μηδὲν
636 1176 928 1250 διαφέρειν
969 1186 1143 1243 σκιᾶς,
1186 1182 1329 1248 ὁρῶν
1368 1182 1456 1231 ὅτι
1493 1181 1739 1247 γίγνεται
1777 1177 2181 1247 τῶν-μεγάλων
2218 1179 2387 1247 μικρὰ
2425 1181 2518 1230 καὶ
2557 1187 2603 1229 1ο

426 1269 537 1314 τῶν
574 1270 787 1334 μικρῶν
824 1263 1061 1335 μεγάλη·
1101 1263 1376 1326 πολλάκις
1416 1263 1474 1316 δὲ
1511 1267 1606 1316 καὶ
1642 1271 1753 1316 τῶν
1795 1266 1976 1316 αὐτῶν
2017 1267 2106 1316 ὁτὲ
2145 1265 2247 1332 μὲν
2291 1261 2520 1327 πλείων,

356 1355 389 1403 4
428 1351 517 1400 ὁτὲ
559 1347 617 1400 δὲ
657 1347 918 1401 ἐλάττων.
959 1378 1025 1385 -
1051 1350 1133 1400 Εὖ
1167 1353 1315 1401 πάνυ
1357 1348 1539 1411 δοκεῖς
1575 1367 1676 1416 μοι
1704 1353 2097 1420 προσεικάσαι.
2129 1379 2195 1387 -
2222 1351 2289 1400 A.
2319 1350 2387 1399 Εἰ
2427 1349 2521 1400 οὖν

423 1452 510 1496 τις
547 1434 632 1505 εἴη
672 1442 930 1497 τοιοῦτος
968 1437 1283 1505 ἄνθρωπος
1322 1436 1443 1497 οἶος
1482 1432 1575 1505 ζῆν
1616 1437 1761 1508 πρὸς
1799 1438 1897 1505 τὴν
1938 1438 2111 1487 αὑτοῦ
2149 1437 2334 1498 σκιάν,
2377 1436 2521 1485 ὥστε

424 1517 731 1589 αὐξομένης
756 1523 857 1586 μὲν
885 1521 1055 1590 αὐτῆς
1080 1522 1434 1589 ἐπαίρεσθαι
1458 1523 1551 1572 καὶ
1575 1518 2061 1588 μεγαλαυχεῖσθαι
2089 1523 2183 1572 καὶ
2208 1524 2330 1582 τοῖς
2355 1521 2521 1581 θεοῖς

421 1606 587 1655 θύειν
626 1606 792 1667 αὐτός
830 1623 889 1656 τε
925 1608 1020 1656 καὶ
1055 1608 1188 1667 τούς
1227 1604 1429 1676 φίλους
1464 1604 1733 1670 κελεύειν,
1783 1607 2126 1675 βραχυτέρας
2167 1604 2224 1656 δὲ
2263 1609 2514 1672 γιγνομέ-
2554 1612 2601 1654 15

423 1708 520 1760 νης
560 1688 878 1741 λυπεῖσθαί
913 1709 972 1742 τε
1010 1693 1103 1742 καὶ
1141 1692 1392 1759 ὁρᾶσθαι
1429 1695 1846 1760 ταπεινότερος,
1885 1693 1979 1742 καὶ
2015 1694 2265 1757 τοσούτῳ
2306 1687 2519 1756 μᾶλλον

421 1777 646 1844 ὅσῳπερ
686 1777 753 1826 ἂν
791 1773 1038 1827 ἐλάττων
1075 1777 1346 1846 γίγνηται,
1385 1777 1652 1844 καθάπερ
1690 1769 1857 1837 αὐτὸς
1898 1777 2143 1846 φθίνων,
2182 1777 2669 1844 θαυμαστὴν(362Β

421 1861 488 1911 ἂν
517 1859 678 1926 οἶμαι
707 1865 947 1930 παρέχοι
975 1859 1282 1932 διατριβήν.
1313 1890 1381 1897 -
1407 1859 1567 1912 Πολύ
1593 1877 1653 1928 γε
1681 1862 1747 1912 ἂν
1775 1860 1860 1931 εἴη
1889 1868 1991 1911 τοῦ
2015 1862 2313 1928 Μαργίτου
2340 1863 2523 1928 μωρό-

351 1950 382 1999 5
421 1963 596 2014 τερος,
626 1947 959 2014 ἀγνοοῦντος
978 1950 1085 2010 ὅ,τι
1099 1949 1200 2018 χρὴ
1224 1949 1474 2017 γήμαντα
1492 1947 1748 2017 χρῆσθαι
1767 1953 1835 2016 τῇ
1855 1947 2089 2014 γυναικί.
2110 1948 2260 1997 —A.
2290 1950 2401 2017 Τῆς
2420 1946 2523 2014 γὰρ

419 2023 588 2102 αὐτῆς
611 2036 821 2102 ἡμέρας
849 2034 940 2082 ὁτὲ
966 2034 1068 2098 μὲν
1097 2024 1322 2083 λυποῖτ’
1356 2034 1441 2096 ἄν,
1482 2034 1571 2083 ὁτὲ
1602 2030 1659 2083 δὲ
1683 2033 1891 2101 χαίροι.
1976 2032 2132 2100 πρωῒ
2155 2033 2256 2097 μὲν
2282 2028 2516 2081 ἐπειδὰν
2554 2039 2602 2080 20
2654 2020 2678 2061 ¹,

420 2115 509 2185 ἴδῃ
549 2119 648 2187 τὴν
689 2118 847 2168 σκιάν
886 2118 1134 2189 ἑωθινὴν
1174 2120 1322 2169 πάνυ
1361 2120 1594 2187 μακράν,
1634 2124 1745 2168 τῶν
1783 2135 1843 2167 τε
1880 2118 2241 2186 κυπαρίττων
2278 2117 2372 2166 καὶ
2409 2121 2520 2166 τῶν

420 2204 477 2252 ἐν
504 2206 625 2264 τοῖς
651 2204 861 2267 τείχεσι
883 2205 1109 2272 πύργων
1139 2201 1334 2268 σχεδὸν
1371 2199 1561 2269 μείζω,
1603 2201 1771 2274 δῆλον
1797 2205 1886 2253 ὅτι
1920 2203 2114 2271 χαίροι
2152 2203 2219 2252 ἂν
2248 2202 2325 2262 ὡς
2354 2194 2523 2261 αὐτὸς

420 2283 691 2356 ἐξαπίνης
727 2289 966 2355 γεγονὼς
1003 2293 1125 2350 τοῖς
1157 2282 1471 2356 Ἀλῳάδαις
1511 2288 1635 2350 ἴσος
1671 2290 1766 2339 καὶ
1802 2289 1885 2349 εἰς
1921 2289 2022 2358 τὴν
2050 2287 2258 2354 ἀγορὰν
2297 2283 2522 2353 βαδίζοι

420 2373 487 2422 ἂν
522 2374 616 2423 καὶ
653 2374 735 2434 εἰς
772 2374 841 2423 τὰ
879 2375 1099 2442 θέατρα
1137 2377 1230 2425 καὶ
1280 2377 1600 2440 πανταχόσε
1649 2381 1748 2444 τῆς
1797 2371 2045 2436 πόλεως,
2095 2375 2254 2432 ὅπως
2302 2372 2369 2421 ἀν
2407 2373 2519 2421 ὑπὸ

419 2455 649 2509 πάντων
687 2456 974 2524 βλέποιτο.
1039 2461 1171 2528 περὶ
1211 2458 1269 2510 δὲ
1298 2458 1637 2530 πλήθουσαν
1665 2459 1872 2527 ἀγορὰν
1899 2451 2119 2526 ἄρχοιτ’
2162 2458 2229 2506 ἂν
2258 2457 2513 2525 σκυθρω-
2552 2465 2600 2506 25

420 2545 661 2612 πότερος
701 2546 875 2594 αὑτοῦ
896 2545 1195 2611 γίγνεσθαι
1219 2547 1312 2596 καὶ
1339 2546 1675 2615 ἀναχωροίη.
1739 2551 1838 2615 τῆς
1866 2542 1925 2594 δὲ
1951 2542 2306 2612 μεσημβρίας
2334 2541 2522 2605 αἰσχύ-

418 2621 560 2678 νοιτ’
603 2629 670 2679 ἂν
699 2630 958 2699 ὀφθῆναι
991 2630 1318 2698 ἀνθρώπων
1345 2632 1456 2681 τινὶ
1491 2632 1585 2681 καὶ
1611 2628 1770 2680 ἔνδον
1795 2634 1958 2695 μένοι
1984 2630 2051 2679 ἂν
2079 2620 2520 2696 ἐγκλεισάμενος,

562 2826 579 2865 1
614 2821 759 2881 γνωίη
790 2822 828 2867 U
860 2837 914 2867 m.
947 2836 1013 2879 pr.
1047 2824 1135 2867 ΒΜ
1167 2824 1330 2883 γνοίης
1360 2824 1402 2867 Η
1562 2826 1587 2867 2
1619 2824 1815 2868 πίθοιτο
1850 2822 1937 2866 ΒΜ
2085 2824 2108 2864 3
2141 2816 2291 2867 αὐτὸν
2319 2820 2405 2863 ΡΜ

414 2889 476 2940 ἄν
505 2907 591 2939 om.
623 2894 727 2938 libri
758 2900 936 2950 praeter
965 2895 1014 2938 M
1158 2896 1355 2940 πίθοιτο
1391 2895 1425 2937 Β
1542 2898 1569 2937 4
1601 2889 1778 2939 οὐκοῦν
1807 2892 1908 2936 libri
2035 2896 2059 2934 5
2091 2886 2242 2936 αὑτὸν
2271 2893 2359 2935 τοῦ
2388 2886 2518 2949 πρώ·

415 2981 501 3010 του
529 2965 647 3017 libri,
679 2978 795 3009 corr.
829 2965 959 3021 Emp.
1079 2969 1104 3009 6
1137 2958 1222 3012 οὖν
1252 2968 1373 3022 (post
1390 2966 1594 3024 χαίρειν)
1624 2977 1711 3008 om.
1745 2963 1876 3007 UBM
2007 2958 2143 3020 ἐάσηι
2172 2961 2215 3007 U
2243 2974 2302 3005 m.
2334 2973 2404 3016 pr.

417 3038 440 3079 8
472 3033 767 3095 τυγχάνωσιν
797 3036 839 3080 Η
953 3033 1040 3083 ἐάν
1070 3054 1122 3083 τε
1154 3050 1238 3082 om.
1272 3037 1321 3079 M
1350 3034 1411 3083 ἀν
1440 3053 1493 3082 τε
1524 3036 1602 3081 UB
1749 3038 1774 3078 9
1804 3050 1858 3080 τε
1887 3046 1969 3090 pro
2000 3049 2055 3092 γε
2086 3033 2133 3076 Μ
2257 3036 2305 3076 10
2335 3033 2517 3090 γίνεται

413 3107 517 3150 iibri
546 3113 725 3163 praeter
757 3109 791 3150 B
908 3104 1084 3166 σμικρὰ
1115 3113 1160 3153 et
1190 3111 1405 3166 σμικρῶν
1435 3108 1472 3150 Β
1616 3110 1658 3149 11
1696 3106 1744 3152 δὲ
1777 3118 1863 3149 om.
1897 3104 2026 3149 UBM
2153 3094 2236 3148 ὅτε
2266 3103 2334 3146 bis
2367 3103 2401 3146 U

415 3178 573 3224 πλέων
602 3179 640 3221 Β
671 3179 819 3225 πλέον
849 3179 891 3223 Η
919 3194 977 3224 m.
1009 3194 1077 3237 pr.
1205 3183 1253 3223 12
1286 3177 1498 3225 ἔλαττων
1526 3178 1562 3221 Ρ
1594 3174 1795 3224 ἔλαττον
1825 3177 1866 3220 Η
1898 3189 1953 3219 m.
1985 3189 2054 3231 pr.
2150 3169 2205 3220 ού
2235 3170 2360 3219 πάνυ
2389 3177 2520 3220 δοκεῖ

415 3249 548 3292 ΡΗΜ
579 3241 616 3311 ᾧ
648 3247 772 3296 πάνυ
801 3254 934 3297 δοκεῖ
950 3251 1045 3304 UB,
1076 3242 1127 3297 εὖ
1157 3246 1283 3297 πάνυ
1313 3254 1470 3303 δοκεῖς
1500 3249 1675 3293 Selden.
1799 3251 1848 3292 13
1879 3245 1966 3304 τὴν
1997 3259 2084 3291 om.
2117 3245 2155 3288 B
2274 3248 2326 3289 16
2356 3260 2516 3291 ταπει-

414 3316 618 3378 νότερος
648 3321 710 3372 Μ,
742 3334 858 3366 corr.
889 3322 943 3377 U,
973 3322 1322 3382 ταπεινότερον
1351 3321 1491 3366 ceteri
1602 3325 1652 3364 17
1684 3321 1871 3379 γίνηται
1899 3318 2004 3362 libri
2102 3320 2152 3360 18
2184 3315 2389 3373 παρέχοι
2420 3314 2514 3359 Sel-

415 3390 530 3440 den.‚
560 3391 787 3450 παρέχων
816 3393 917 3436 libri
1031 3394 1295 3452 μαργείτου
1326 3394 1372 3436 Μ
1518 3388 1802 3451 μωρότερος
1833 3389 1954 3442 Wil„
1985 3384 2268 3445 σοφώτερος
2297 3386 2399 3429 libri

418 3465 469 3504 19
502 3453 578 3507 ὅτι
606 3462 724 3515 libri,
757 3476 871 3507 corr.
903 3464 1110 3508 Valesius
1227 3469 1280 3509 20
1314 3457 1398 3510 ὅτε
1429 3464 1499 3509 bis
1529 3463 1571 3507 H
1602 3477 1660 3508 m.
1691 3476 1760 3519 pr.
1864 3452 2017 3519 πρωέι
2040 3459 2087 3502 Μ
2205 3462 2251 3502 21
2288 3454 2361 3514 ἴδῃ
2392 3456 2513 3511 Wil.‚

413 3524 505 3577 ἴδοι
534 3532 636 3576 libri
779 3530 864 3591 τὴν
893 3531 1096 3592 ἑωθινὴν
1116 3535 1197 3579 UB
1341 3539 1393 3579 22
1425 3529 1653 3587 ὡσαύτως
1683 3533 1730 3577 Μ
1874 3534 1926 3575 23
1960 3526 2064 3583 ἶσος
2093 3528 2136 3572 Η
2269 3529 2513 3587 βαδίζοιεν

414 3606 516 3653 (om.
547 3598 622 3657 ἂν)
654 3604 700 3646 Μ
731 3599 793 3650 ἄν
823 3617 907 3648 om.
939 3605 1074 3648 etiam
1105 3605 1184 3649 ΠΒ
1323 3609 1376 3650 26
1409 3603 1557 3652 αὐτοῦ
1586 3603 1712 3649 ΒΜΡ
1827 3603 2048 3660 γίνεσθαι
2077 3598 2211 3643 ΜΡΗ
2325 3593 2511 3656 α’ναχω-

416 3680 499 3734 ροῑ
523 3674 603 3720 UB
635 3667 882 3734 ἀναχώροι
912 3675 959 3717 Μ
992 3670 1233 3735 α’ναχωρίη
1262 3676 1298 3719 Ρ
1417 3679 1498 3734 τῆς
1529 3675 1707 3728 Reiske‚
1739 3669 1826 3727 τὰς
1855 3673 1958 3716 libri
2053 3671 2104 3713 27
2139 3665 2200 3716 ἂν
2228 3682 2312 3713 om.
2346 3667 2424 3713 ΠΒ

413 3740 692 3807 ἀνθρώπων
721 3745 843 3798 Wi1.‚
876 3741 1122 3808 ἀνθρώπῳ
1150 3747 1256 3791 libri
1368 3745 1704 3803 ἐκλεισάμενος
1735 3745 1770 3788 Ρ
