2684 4140
1077 258 1304 305 ORATIO
1333 259 1531 305 XXVIII
2235 259 2341 309 293

61 418 385 468 (δεθΒΙΙ)νος,
424 405 551 474 ἔφη,
591 403 633 454 ὦ
661 401 932 470 βέλτιστε,
972 406 1198 455 πάντων
1225 404 1567 474 ἀνθρώπων,
1606 396 1727 469 οὐχὶ
1755 409 1865 454 τῶν
1890 405 2213 471 ἀγωνιστῶν
2235 407 2336 470 μό-

262 504 356 538 νον
406 480 788 555 εὐψυχότατος
831 490 925 540 καὶ
969 493 1232 556 μέγιστος
1269 490 1404 559 ἔφυ,
1453 489 1538 539 ἔτι
1577 486 1635 539 δὲ
1672 485 1983 550 κάλλιστος.
2055 490 2150 540 καὶ
2191 488 2250 540 εἴ
2277 505 2339 556 γε

261 569 494 642 ἰδιώτης
521 573 702 637 ἔμεινε
727 573 820 623 καὶ
842 570 1016 642 μηδὲν
1041 571 1184 634 ὅλως
1209 570 1434 643 ἔπραξε,
1463 566 1542 624 δι>
1575 566 1710 623 αὐτό
1737 588 1847 623 που
1868 575 1931 623 τὸ
1951 570 2152 634 κάλλος
2178 589 2336 643 περι-

261 656 468 725 βόητος
504 657 572 706 ἂν
608 653 698 725 ἦν·
737 658 865 707 ἐπεὶ
887 658 981 708 καὶ
1004 663 1097 708 νῦν
1132 659 1476 727 ἐπέστρεφεν
1503 659 1773 720 ἅπαντας,
1814 659 1986 707 ὁπότε
2013 659 2180 708 ἀπίοι
2206 673 2338 720 που,

197 753 223 792 5
258 740 353 790 καὶ
397 741 530 800 τοὺς
579 741 673 790 οὐκ
721 738 943 803 εἰδότας
990 745 1146 803 ὅστις
1193 743 1359 793 ἐστίν.
1449 742 1636 792 καίτοι
1686 742 1810 792 οὔτε
1856 742 2063 811 ἐσθῆτι
2107 744 2331 807 ἐκόσμει
2369 743 2402 793 6

261 825 459 874 ἑαυτὸν
483 824 608 875 οὔτε
635 822 783 892 ἄλλῳ
811 842 887 892 τῳ
915 826 1333 893 γιγνώσκεσθαι
1356 822 1564 890 μᾶλλον
1590 822 1919 895 ἐπετήδευεν
1944 815 1977 894 ἢ
2006 823 2332 876 λανθάνειν·

86 919 166 964 (290
186 920 239 963 M)
264 903 697 972 ἀποδυσαμένου
726 902 779 959 δ’
811 910 906 960 οὐκ
926 911 1079 960 ἔστιν
1105 912 1261 970 ὅστις
1281 907 1449 960 ἄλλον
1476 910 1697 973 ἐθεᾶτο,
1726 907 1952 960 πολλῶν
1969 912 2069 975 μὲν
2096 908 2335 973 παίδων,

262 986 489 1041 πολλῶν
539 989 598 1042 δὲ
648 990 864 1062 ἀνδρῶν
911 989 1350 1061 γυμναζομένων.
1426 995 1705 1054 εἰωθότος
1754 992 1812 1044 δὲ
1850 999 1951 1043 τοῦ
1983 991 2217 1054 κάλλους
2255 995 2338 1055 εἰς

259 1077 475 1145 τρυφὴν
512 1077 665 1143 ἄγειν
701 1079 796 1128 καὶ
828 1080 960 1139 τούς
995 1078 1237 1146 μετρίως
1275 1078 1448 1127 αὐτοῦ
1479 1075 1918 1147 μετειληφότας,
1967 1083 2222 1138 τοιοῦτος
2259 1079 2337 1128 ὢν

175 1168 224 1210 10
261 1161 326 1211 τὸ
365 1157 516 1221 εἶδος
553 1162 638 1211 ἔτι
678 1165 1138 1231 σωφρονέστερος
1180 1157 1273 1230 ἦν·
1321 1163 1415 1211 καὶ
1462 1167 1829 1230 καταφρονῶν
1870 1159 1928 1211 δὲ
1967 1166 2068 1210 τοῦ
2100 1158 2339 1222 κάλλους

263 1241 423 1295 οὐδὲν
447 1243 613 1314 ἦττον
639 1242 945 1314 ἐφύλαττεν
973 1245 1106 1295 αὐτὸ
1134 1246 1192 1295 ἐν
1220 1246 1365 1294 οὕτω
1387 1243 1617 1311 χαλεπῷ
1645 1243 2063 1314 ἐπιτηδεύματι.
2116 1247 2334 1314 πυγμὴν
2373 1246 2403 1295 7

262 1333 393 1394 γοῦν
431 1325 837 1394 ἀγωνιζόμενος
875 1329 1053 1389 οὕτως
1087 1329 1245 1398 ὑγιὴς
1281 1326 1348 1396 ἦν
1386 1330 1578 1397 ὥσπερ
1617 1334 1727 1379 τῶν
1766 1326 2016 1397 δρομέων
2053 1345 2154 1391 τις,
2195 1329 2339 1377 οὕτω

266 1408 325 1461 δὲ
355 1410 576 1481 σφόδρα
614 1414 957 1479 γεγύμναστο
983 1413 1078 1462 καὶ
1101 1418 1337 1462 τοσοῦτο
1366 1420 1566 1483 περιῆν
1601 1417 1723 1473 τοῖς
1760 1414 1961 1473 πόνοις
2000 1413 2141 1462 ὥστε
2182 1410 2339 1462 δυνα-

263 1497 360 1556 τὸς
405 1493 472 1565 ἧν
517 1497 611 1547 καὶ
661 1494 759 1546 δύο
806 1499 1016 1566 ἡμέρας
1068 1493 1194 1566 ἑξῆς
1239 1501 1426 1562 μένειν
1465 1498 1815 1558 ἀνατετακὼς
1852 1497 1953 1557 τὰς
1984 1501 2201 1565 χεῖρας,
2249 1497 2344 1546 καὶ

178 1587 225 1630 15
268 1579 365 1629 οὐκ
401 1580 468 1630 ἂν
507 1578 653 1631 εἶδεν
693 1578 875 1641 οὐδεὶς
911 1582 1123 1650 ὑφέντα
1164 1582 1330 1632 αὐτὸν
1368 1572 1402 1651 ἢ
1441 1583 1936 1647 ἀναπαυσάμενον,
1988 1582 2177 1649 ὥσπερ
2217 1581 2341 1631 εἰώ-

263 1663 461 1714 θασιν.
534 1667 813 1733 πρότερον
863 1663 922 1715 δὲ
970 1661 1235 1734 ἠνάγκαζε
1284 1668 1415 1727 τοὺς
1463 1667 1880 1734 ἀνταγωνιστὰς
1928 1666 2224 1728 ἀπειπεῖν,
2274 1656 2337 1714 οὗ

262 1749 434 1812 μόνον
484 1750 618 1817 πρὶν
667 1742 836 1810 αὐτὸς
879 1747 1185 1820 πληγῆναι,
1235 1748 1376 1800 ἀλλὰ
1412 1752 1506 1801 καὶ
1543 1752 1674 1819 πρὶν
1713 1747 1925 1819 πλῆξαι
1960 1750 2227 1809 ἐκείνους·
2276 1740 2341 1798 οὗ

261 1831 365 1899 γὰρ
415 1833 479 1882 τὸ
531 1834 725 1884 παίειν
771 1836 864 1884 καὶ
910 1835 1330 1903 τιτρώσκεσθαι
1377 1833 1635 1904 ἀνδρείαν
1672 1829 1948 1898 ἐνόμιζεν,
1998 1831 2136 1883 ἀλλὰ
2175 1838 2340 1883 τοῦτο

262 1917 363 1980 μὲν
413 1915 559 1967 εἶναι
604 1920 677 1988 μὴ
727 1916 1044 1984 δυναμένων
1083 1923 1278 1970 πονεῖν
1314 1921 1407 1970 καὶ
1444 1917 1812 1989 ἀπηλλάχθαι
1847 1915 2226 1983 βουλομένων·
2275 1918 2337 1967 τὸ
2378 1915 2409 1966 8
2471 1921 2482 1970 ‘x

183 2011 234 2053 20
271 1997 330 2051 δὲ
381 2001 689 2066 ἀνέχεσθαι
725 2009 828 2053 τοῦ
867 2006 1069 2072 χρόνου
1106 2005 1199 2054 καὶ
1243 2005 1381 2073 μήτε
1419 2010 1521 2053 τοῦ
1559 2004 1766 2071 βάρους
1802 2008 1912 2052 τῶν
1945 2007 2145 2070 χειρῶν
2182 2005 2343 2070 ήττᾶ-
2482 1974 2495 2066 λ

274 2085 420 2136 σθαι
468 2087 609 2155 μήτε
644 2093 746 2136 τοῦ
781 2089 1099 2152 πνεύματος
1145 2085 1308 2138 ἐνδεᾶ
1348 2088 1647 2153 γίγνεσθαι
1683 2088 1821 2156 μήτε
1857 2085 1937 2153 τῷ
1971 2088 2214 2151 καύματι
2251 2087 2344 2149 ἀχ-
2493 2068 2497 2128 ¹,

270 2169 513 2232 θεσθαι,
551 2176 717 2220 τοῦτο
746 2169 805 2221 δὲ
832 2171 979 2222 εἶναι
1002 2176 1269 2238 γενναῖον.
1327 2164 1549 2240 Ὀρθῶς
1573 2175 1782 2236 μέντοι,
1821 2171 1979 2238 ἔφην,
2018 2167 2345 2234 ὑπολαμβά-

269 2270 395 2304 νων.
469 2256 564 2305 καὶ
609 2256 748 2330 γάρ
753 2258 816 2321 ἐν
848 2256 929 2326 τῷ
952 2253 1196 2329 πολέμῳ
1239 2257 1294 2306 οἱ
1344 2253 1691 2325 φαυλότατοι
1727 2254 1794 2304 τὰ
1844 2251 1991 2305 ὅπλα
2030 2254 2381 2322 ρίπτουσιν,

99 2353 179 2394 (534
198 2352 249 2395 R)
273 2337 337 2390 εὖ
371 2336 585 2400 εἰδότες
634 2341 722 2390 ὅτι
768 2341 966 2406 γυμνοὶ
1007 2337 1215 2414 μαλλον
1239 2341 1320 2413 αν
1358 2341 1780 2410 τιτρώσκοιντο”
1831 2339 1974 2388 οὕτω
2012 2334 2218 2402 μαλλον
2255 2340 2347 2406 ἠτ-

183 2436 232 2477 25
269 2428 487 2509 τῶνται
506 2426 618 2475 τοῦ
650 2426 831 2474 κόπου
867 2442 900 2494 η
938 2417 1049 2476 τῶν
1087 2408 1434 2494 τραυμάτων.
1514 2425 1843 2492 Τοιγάρτοι,
1891 2421 2065 2485 εἶπεν,
2105 2414 2208 2490 ἀφ’
2253 2419 2341 2470 ου·
2380 2422 2412 2471 9

269 2498 403 2576 περ
410 2502 637 2578 ηρξᾶτό
657 2496 1051 2576 ἀγωνίζεσθαι
1087 2510 1316 2572 Πυθοῖ,
1366 2514 1592 2577 πρῶτος
1627 2510 1728 2573 μὲν
1769 2507 1843 2558 ὧν
1884 2506 2042 2572 ι’σμεν
2082 2503 2349 2565 ἄλειπτος

273 2590 568 2660 διεγένετο,
614 2591 917 2655 πλείστους
951 2595 1045 2645 καὶ
1069 2595 1366 2661 μεγίστους
1395 2595 1706 2663 στεφάνους
1733 2589 2062 2656 ἀνελόμενος
2097 2591 2190 2640 καὶ
2226 2590 2349 2639 ἀντ-

274 2682 615 2744 αγωνισταῖς
652 2678 776 2728 οὔτε
816 2676 1057 2748 φαύλοις
1085 2679 1210 2729 οὔτε
1237 2676 1450 2745 ὀλίγοις
1471 2679 1834 2747 χρησάμενος.
1895 2676 1988 2725 καὶ
2012 2675 2107 2723 τὸν
2133 2676 2350 2740 πατέρα

273 2759 638 2824 ἐνδοξότατον
679 2765 842 2826 ὄντα,
892 2765 988 2814 τὸν
1026 2757 1404 2830 Μελαγκόμαν
1443 2763 1650 2812 ἐκεῖνον
1688 2761 1783 2810 τὸν
1822 2760 1936 2808 ἀπὸ
1981 2764 2079 2826 τῆς
2116 2757 2349 2824 Καρίας,

100 2835 106 2839 “
191 2860 240 2902 3ο
276 2843 479 2907 ἄλλους
528 2865 588 2899 τε
637 2847 854 2915 ἀγιῖνας
900 2849 994 2899 καὶ
1033 2839 1377 2913 Ὀλυμπίασι
1423 2848 1751 2915 νικήσαντα,
1809 2833 2031 2892 οὐδέπω
2088 2841 2222 2908 ἀνὴρ
2273 2840 2350 2888 ὢν

272 2929 676 2999 ὑπερεβάλετο·
718 2925 778 2982 οὗ
818 2933 921 3002 γάρ
958 2934 1166 2992 ἐκεῖνος
1193 2929 1475 2991 ἄλειπτος.
1528 2934 1782 2987 τοιοῦτος
1806 2930 1998 2991 μέντοι
2025 2926 2100 2975 ὢν
2126 2921 2347 2984 ἀθλίως
2369 2926 2436 2975 10

422 3142 441 3181 1
475 3132 757 3196 ἀγωνιστῶν
786 3137 961 3193 scripsi,
993 3131 1363 3195 ἀνταγωνιστῶν
1391 3134 1493 3178 libri
1635 3136 1663 3176 4
1692 3127 1753 3178 ἂν
1781 3123 1838 3188 ἦν
1866 3130 1920 3187 Τ,
1951 3124 2072 3189 ἀνὴρ
2102 3128 2231 3173 UBM

276 3213 300 3252 5
332 3205 436 3255 ἐστί
454 3208 493 3251 Β
630 3207 819 3266 αἰσθῆτι
846 3205 1028 3265 ἐκόσμη
1047 3207 1095 3250 M
1258 3210 1284 3250 6
1314 3207 1401 3252 τῶι
1428 3199 1747 3263 γινώσκεσθαι
1767 3201 1807 3247 U
1965 3198 2285 3259 γινώσκεσθαι
2306 3198 2354 3241 Μ

280 3282 330 3322 10
361 3270 420 3336 ἦν
449 3291 536 3324 om.
569 3278 617 3321 M
717 3281 765 3322 12
797 3277 883 3323 οὐν
913 3277 962 3321 Μ
1050 3267 1202 3330 οὕτως
1231 3275 1271 3321 U
1362 3279 1411 3320 15
1443 3270 1504 3321 ἄν
1532 3271 1841 3329 παυσάμενον
1869 3271 1919 3315 Μ
2008 3273 2058 3315 18
2090 3264 2284 3329 ἀνδρίαν
2313 3268 2354 3313 U

280 3351 335 3392 20
365 3345 483 3407 μήτε
512 3374 566 3380 -
596 3345 839 3411 ἄχθεσθαι
868 3347 899 3393 l.
932 3350 982 3391 21
1016 3359 1103 3392 om.
1134 3346 1183 3390 M
1355 3347 1408 3388 22
1439 3345 1584 3390 τοῦτο
1616 3343 1665 3389 δὲ
1692 3342 1919 3394 Reiskius‚
1948 3336 2004 3387 τὸ
2037 3340 2084 3386 δὲ
2113 3340 2216 3383 libri

282 3421 336 3463 22
367 3415 720 3478 ὑπολαμβάνεις
749 3417 894 3472 UBM,
923 3412 1281 3475 υπολαμβάνων
1310 3415 1350 3459 Τ
1465 3417 1518 3458 24
1549 3430 1600 3460 ευ
1630 3409 1807 3466 εἰδότες
1835 3411 2031 3465 Jacobs„
2063 3427 2149 3457 ουκ
2179 3409 2355 3462 εἰδότες

280 3489 384 3535 libri
500 3493 554 3534 25
584 3485 614 3547 ἢ
636 3502 722 3534 om.
743 3489 794 3533 M
910 3490 964 3531 26
994 3483 1130 3543 ἴσμεν
1159 3483 1383 3539 ἄλειπτος
1413 3484 1621 3538 Casaub„
1650 3479 1787 3539 ι’σμεν
1817 3516 1828 3527 .
1861 3516 1873 3527 .
1905 3516 1916 3527 .
1949 3515 1960 3527 .
1992 3497 2120 3534 ππος
2148 3480 2355 3536 (spatium

284 3563 499 3617 quattuor
528 3560 796 3613 litterarum)
817 3558 895 3603 UB
919 3552 990 3610 οἷς
1018 3553 1313 3613 μελάνιππος
1332 3556 1402 3612 M,
1433 3551 1569 3611 ι’σμεν
1589 3548 1820 3610 ἀήττητος
1848 3552 1963 3596 idem
1984 3551 2191 3603 Casaub„
2221 3546 2361 3606 ι’σμεν

284 3625 507 3689 ἀνίκητος
536 3630 748 3675 Reiskius
921 3633 974 3672 29
1004 3623 1316 3686 ἐνδοξότερον
1343 3625 1459 3679 libri,
1490 3636 1605 3670 corr.
1637 3623 1847 3667 Reiskius
1983 3621 2180 3680 καρείας
2208 3620 2257 3663 Μ

283 3703 338 3744 30
372 3694 655 3757 ὀλυμπιᾶσιν
686 3697 912 3759 ικήσαντα
943 3698 992 3742 Μ
1151 3700 1201 3741 31
1236 3694 1305 3743 (όν
1334 3709 1421 3742 om.
1452 3694 1491 3739 U
1643 3691 1811 3748 ἄθλιος
1839 3694 1877 3737 Β
