2684 4140
361 252 460 300 126
1158 236 1366 282 moms
1395 234 1637 281 Nsss‘ross

565 389 684 438 οἷον
719 380 1038 453 Πειρίθοόν
1075 399 1134 433 τε
1169 383 1434 451 Δρύαντά
1473 397 1533 431 τε
1571 385 1817 446 ποιμένα
1858 378 2036 444 λαῶν,

562 472 778 521 Καινέα
813 462 870 518 τ’
907 461 1153 530 Ἐξάδιόν
1191 483 1251 517 τε
1286 467 1380 517 καὶ
1417 466 1686 517 ἀντίθεον
1721 463 2103 537 Πολύφημον,

567 553 755 622 Θησέα
793 545 846 601 τ’
888 548 1166 620 Αἰγείδην
1203 548 1518 602 ἐπιείκελον
1557 551 1923 602 ἀθανάτοισι.

560 639 853 704 κάρτιστοι
891 633 954 704 δή
993 639 1171 686 κεῖνοι
1207 636 1559 700 ἐπιχθονίων
1596 638 1811 705 τράφεν
1850 634 2096 706 ἀνδρῶν·

570 715 878 788 [κάρτιστοι
914 721 1016 785 μὲν
1053 721 1188 771 ἔσαν
1225 722 1319 771 καὶ
1353 722 1678 790 καρτίστοις
1716 722 1989 787 ἐμάχοντο
2479 732 2504 772 5

564 806 770 874 φηρσὶν
809 800 1175 874 ὀρεσκῴοισι,
1212 807 1306 857 καὶ
1345 803 1638 873 ἐκπάγλως
1676 803 2042 873 ἀπόλεσσαν.]

559 891 652 940 καὶ
686 892 788 954 μέν
825 907 927 955 μευ
966 887 1214 955 βουλέων
1254 887 1440 954 ξύνιον
1477 892 1759 942 πείθοντό
1797 909 1857 943 τε
1893 893 2081 960 μύθῳ.

561 970 702 1023 ἀλλὰ
742 974 1005 1026 πίθεσθε
1040 977 1136 1026 καὶ
1171 975 1348 1042 ὔμμες
1358 1016 1374 1040 ,
1414 978 1543 1027 ἐπεὶ
1580 978 1908 1028 πείθεσθαι
1946 978 2194 1043 ἄμεινον.

283 1066 314 1114 2
353 1059 459 1125 ἄρα
507 1060 580 1129 μή
622 1054 865 1121 ἀλαζόνα
904 1062 1184 1131 πεποίηκε
1220 1064 1318 1112 τὸν
1354 1064 1618 1132 Νέστορα
1671 1060 1900 1130 λέγοντα
1940 1064 2074 1132 περὶ
2110 1068 2214 1114 τοῦ
2246 1063 2446 1133 Πειρί-

347 1145 459 1194 θου
495 1144 589 1194 καὶ
622 1145 916 1214 Δρύαντος
951 1147 1045 1197 καὶ
1081 1152 1192 1197 τῶν
1231 1144 1416 1198 ἄλλων
1453 1149 1541 1198 ὅτι
1589 1148 1922 1214 θαυμαστοί
1966 1165 2027 1199 τε
2078 1150 2249 1218 φύσει
2286 1149 2439 1210 ὄντες
2478 1155 2525 1198 10
2666 1200 2672 1217 ,Ι

347 1230 439 1279 καὶ
475 1225 622 1278 πολὺ
659 1230 945 1298 κρείττους
981 1232 1207 1282 ἐκείνων
1245 1230 1625 1301 προσεδέοντο
1664 1241 1763 1303 τῆς
1812 1234 1985 1284 αὐτοῦ
2022 1231 2304 1297 διανοίας,
2351 1235 2447 1284 καὶ
2657 1221 2673 1311 ξ

347 1314 442 1383 ἧκε
478 1314 888 1378 μετάπεμπτος
938 1317 1020 1377 εἰς
1060 1313 1374 1368 Θετταλίαν
1411 1319 1471 1368 ἐκ
1507 1315 1701 1369 Πύλου
1743 1316 2022 1385 δεομένων
2073 1317 2317 1383 ξυνεῖναι
2353 1319 2447 1370 καὶ
2662 1311 2672 1318 '⁴

350 1396 720 1465 διαλέγεσθαι
758 1398 939 1467 αύτῴ,·
976 1402 1062 1452 ἔτι
1098 1402 1202 1471 γὰρ
1242 1403 1421 1454 εἰπὼν
1460 1405 1548 1454 ὅτι
1583 1406 1879 1474 κράτιστοι
1917 1405 2246 1473 ἀνθρώπων
2283 1400 2445 1473 ἦσαν,

349 1485 425 1545 ὡς
460 1487 601 1550 μέγα
639 1501 695 1534 τι
731 1490 1033 1554 μαρτυρεῖν
1071 1487 1251 1538 ἔοικεν
1278 1489 1472 1550 αὐτοῖς
1496 1491 1560 1539 τὸ
1593 1487 1838 1552 ξυνιέναι
1875 1497 1975 1561 τῆς
2015 1491 2189 1540 αὑτοῦ
2222 1491 2446 1558 γνώμης

347 1570 440 1619 καὶ
475 1569 802 1622 πείθεσθαι
837 1574 960 1632 τοῖς
999 1568 1202 1639 λόγοις.
1276 1574 1309 1642 ἢ
1349 1579 1515 1624 τοῦτο
1552 1576 1654 1640 μὲν
1695 1573 1889 1640 σχεδὸν
1930 1574 1999 1625 ου
2032 1577 2188 1626 ἕνεκά
2229 1585 2440 1645 φαμεν·
2479 1582 2526 1623 15

350 1661 497 1704 πᾶσι
534 1658 655 1715 τοῖς
694 1655 889 1720 ὀρθῶς
927 1653 1182 1723 λέγουσιν
1210 1655 1484 1710 οὐδέποτε
1513 1657 1695 1722 οὐδεὶς
1722 1661 1971 1712 ἀπειθεῖ
1987 1666 2097 1711 τῶν
2125 1657 2446 1723 ξυνιέντων·
2471 1641 2675 1713 (297R11){

287 1740 318 1791 3
356 1729 479 1789 ἀλλ’
522 1739 676 1789 ἔστιν
713 1743 745 1807 ή
785 1741 1062 1792 ἀπείθεια
1110 1743 1313 1793 ταυτὸν
1362 1741 1658 1813 ἀξυνεσία,·
1841 1750 1976 1815 φέρε
2026 1743 2090 1816 δὴ
2141 1746 2236 1796 καὶ
2271 1741 2447 1795 τᾶλλα
2474 1754 2555 1797 (570
2576 1753 2628 1795 Μ)
2668 1739 2670 1741 ’

357 1824 723 1891 σκεψώμεθα,
762 1827 1005 1894 πότερον
1045 1826 1239 1896 ὀρθῶς
1277 1826 1491 1898 εἴρηκεν
1528 1830 1560 1899 ἢ
1603 1822 1683 1880 δι’
1727 1827 2072 1893 ἀλαζονείαν.
2162 1830 2356 1880 οὐκοῦν
2396 1830 2453 1878 οἱ

355 1911 586 1978 ἀνόητοι
636 1911 846 1971 πάντες
892 1919 1319 1982 καταφρονοῦσι
1361 1920 1474 1965 τῶν
1525 1912 1744 1978 ἀδόξων
1784 1916 2112 1986 ἀνθρώπων
2158 1916 2253 1966 καὶ
2292 1912 2452 1965 οὐδὲν

354 1998 698 2064 προσέχουσι
745 1997 994 2060 τούτοις,
1047 1990 1169 2047 οὐδ’
1222 1999 1289 2049 ἂν
1327 2000 1538 2064 τύχωσι
1574 2000 1643 2050 τὰ
1692 2002 1898 2069 ἄριστα
1950 1998 2446 2068 συμβουλεύοντες·
2485 2006 2532 2048 20

358 2082 452 2141 οὓς
491 2074 544 2130 δ’
588 2082 654 2131 ἂν
694 2079 863 2132 ἴδωσι
899 2087 1251 2148 τιμωμένους
1286 2085 1400 2135 ὑπὸ
1437 2091 1542 2136 τοῦ
1575 2083 1840 2156 πλήθους
1875 2088 1907 2157 ἢ
1948 2092 2059 2137 τῶν
2083 2089 2322 2154 μέγιστα
2363 2082 2449 2136 δυ-

357 2170 623 2231 ναμένων,
664 2167 759 2217 οὐκ
797 2165 1109 2231 ἀπαξιοῦσι
1147 2170 1474 2221 πείθεσθαι
1513 2171 1720 2232 αὐτοῖς.
1807 2174 1931 2234 ἑνὸς
1966 2173 2068 2237 μὲν
2118 2171 2213 2222 οὖν
2251 2172 2452 2221 τούτου
2526 2212 2527 2215 ,

352 2253 515 2320 χάριν
556 2253 586 2301 ὁ
611 2254 847 2321 Νέστωρ
891 2256 1216 2325 συνίστησιν
1248 2258 1431 2319 αὐτόν,
1477 2258 1566 2307 ὅτι
1591 2253 1840 2318 πολλοὺς
1876 2258 1970 2307 καὶ
2006 2254 2276 2317 δυνατοὺς
2314 2257 2454 2322 πρό-

357 2353 517 2404 τερον
554 2335 806 2408 ἠδυνήθη
848 2343 1051 2391 πεῖσαι
1086 2342 1181 2391 καὶ
1218 2343 1306 2392 ὅτι
1343 2343 1548 2392 ἐκεῖνοι
1584 2342 1726 2392 κατὰ
1766 2344 1864 2413 τήν
1904 2342 2086 2393 αὐτῶν
2126 2342 2453 2411 ἀφροσύνην

356 2423 449 2472 καὶ
486 2423 872 2493 ἀναισθησίαν
910 2425 1360 2496 ἀπειθήσουσιν,
1411 2428 1478 2477 ἂν
1516 2427 1873 2492 ἀπειθῶσιν,
1924 2428 2020 2492 οὐχ
2058 2428 2135 2488 ὡς
2173 2423 2448 2478 ἀδυνάτου
2485 2431 2535 2473 25

291 2507 324 2555 4
363 2510 520 2569 ὄντος
559 2510 730 2559 αὐτοῦ
768 2509 1180 2578 συμβουλεῦσαι
1217 2513 1350 2582 περὶ
1387 2505 1498 2564 τῶν
1523 2514 1820 2581 μεγίστων.
1884 2513 2076 2582 ὥσπερ
2118 2512 2212 2563 οὖν
2251 2513 2302 2563 εἰ
2341 2508 2457 2561 λοι-

363 2594 541 2664 δορῶν
582 2597 748 2647 αὑτὸν
784 2598 878 2648 καὶ
917 2594 1090 2665 λέγων
1138 2600 1226 2649 ὅτι
1271 2595 1560 2668 μηδέποτε
1607 2597 1804 2668 μηδεὶς
1851 2595 2090 2669 ἠξίωσεν
2130 2595 2279 2665 αὐτῷ
2322 2610 2455 2662 συμ-

2667 2472 2671 2516 ξ

2664 2733 2671 2830 ..ω-...η
2660 2670 2661 2674 ⁴

505 2794 530 2834 3
562 2790 743 2850 αἰγίδην
772 2789 918 2835 UBM.
949 2790 1071 2834 hunc
1100 2803 1166 2836 vs.
1197 2790 1303 2836 libri
1331 2791 1548 2837 homerici
1575 2792 1778 2849 plerique
1818 2792 2031 2837 omittunt
2204 2797 2229 2836 5
2259 2792 2382 2837 hunc
2413 2794 2458 2836 et

365 2866 622 2917 sequentem
651 2874 831 2906 versum
860 2874 947 2907 om.
979 2861 1133 2918 UBM,
1172 2861 1275 2907 dein
1305 2865 1519 2918 quattuor
1558 2876 1714 2908 versus
1743 2863 1873 2909 Hom.
1905 2867 2102 2908 269-72
2133 2875 2286 2908 omnes
2324 2863 2455 2907 omit-

362 2936 464 2978 tunt
577 2938 602 2978 6
632 2935 804 2994 θηρσὶν
833 2933 868 2976 Ρ
1013 2928 1261 2981 ἀπόλεσαν
1289 2934 1326 2978 P
1357 2928 1614 2981 ἀπώλεσαν
1645 2934 1686 2977 H
1831 2938 1854 2978 7
1884 2934 1973 2992 μὲν
2003 2947 2089 2979 om.
2120 2933 2203 2980 ΠΒ
2345 2936 2457 2992 βου-

364 3002 512 3051 λεύων
539 3004 590 3049 Μ
706 3001 856 3060 ξύνιεν
886 3005 926 3050 U
1043 3008 1067 3050 8
1097 3006 1330 3052 πείθεσθε
1358 3005 1452 3051 UM
1483 3006 1714 3052 πίθεσθαι
1743 3005 1780 3050 Ρ
1901 2997 2050 3063 ῧμμες
2078 3006 2121 3051 U
2236 3007 2262 3047 9
2290 2999 2385 3062 μὴν
2413 3002 2456 3046 Η

366 3075 429 3127 (in
456 3074 493 3118 P
523 3081 629 3120 ante
658 3071 873 3132 ἀλαζόνα
893 3080 1073 3132 rasura)
1178 3081 1226 3121 11
1258 3074 1458 3123 ἐκείνων
1489 3077 1658 3133 Gasda,
1689 3075 1876 3124 ἐκείνου
1894 3077 2000 3122 libri
2105 3074 2231 3134 πρὸς
2251 3075 2300 3122 δὲ
2330 3075 2457 3120 δέον-

367 3162 424 3191 το
446 3146 496 3190 Μ
585 3150 636 3191 13
658 3141 806 3193 αύτὸν
825 3147 955 3192 ΡΗΜ
1041 3144 1292 3207 κάρτιστοι
1313 3147 1357 3191 Η
1443 3165 1512 3194 ετι
1531 3147 1606 3193 vix
1626 3153 1783 3205 aptum
1802 3147 2063 3202 sententiae,
2085 3159 2201 3204 quae
2222 3146 2333 3190 nihil
2354 3145 2459 3190 novi

368 3215 493 3259 addit
521 3217 889 3263 antecedentibus
1005 3214 1121 3266 ἕσαν
1150 3219 1194 3264 Η
1286 3224 1338 3264 14
1368 3219 1675 3264 scribendum.
1709 3214 1837 3281 αυτῷ
1955 3217 2157 3273 ξυνιέναι
2187 3216 2223 3261 Ρ
2255 3220 2460 3272 ξυνεῖναι

369 3287 504 3330 ceteri
648 3291 698 3331 15
730 3288 924 3333 conieci.
963 3286 1134 3348 σχεδὸν
1175 3284 1232 3338 οὗ
1259 3290 1505 3349 (κόμπου)
1533 3286 1675 3336 ἕνεκα
1704 3289 1898 3350 (φησὶν,
1928 3293 2114 3346 μᾶλλον
2143 3289 2191 3334 δὲ
2219 3280 2263 3347 ᾗ,
2294 3279 2459 3347 ω’σπερ

372 3351 532 3415 ἡμεῖς)
560 3373 717 3416 φαμεν
861 3363 912 3403 16
941 3357 995 3406 ἐν
1024 3364 1139 3408 πᾶσι
1170 3362 1221 3406 Μ
1396 3356 1546 3415 οὐδεὶς
1576 3363 1736 3408 πείθει
1767 3364 1865 3407 τῶν
1896 3360 2027 3406 UBM
2059 3354 2209 3413 οὐδεὶς
2238 3361 2460 3406 πείθεται

372 3431 470 3474 τῶν
501 3422 556 3474 οὗ
586 3426 681 3480 ΡΗ,
711 3422 906 3475 ἀπειθεῖ
929 3430 1059 3487 Emp.
1091 3444 1116 3476 e
1137 3433 1233 3476 cod.
1255 3433 1286 3477 S
1402 3436 1453 3476 21
1487 3428 1645 3478 είδωσι
1676 3431 1767 3478 MU
1796 3446 1853 3477 m.
1885 3445 1953 3489 pr.
1984 3430 2142 3477 εἰδῶσι
2172 3430 2208 3473 Β
2312 3425 2343 3487 ἢ
2363 3429 2460 3499 τὸν

369 3493 533 3557 ἕγιστα
563 3497 599 3542 Ρ
627 3511 687 3543 m.
717 3511 785 3556 pr.
907 3499 1133 3558 μέγιστον
1159 3502 1241 3548 UB
1358 3506 1413 3547 22
1444 3494 1578 3550 οὗτοι
1605 3506 1881 3557 καταξιοῦσι
1910 3501 1959 3546 Μ
2130 3492 2215 3546 οὖν
2243 3499 2324 3543 PH
2353 3500 2380 3556 η’
2411 3499 2460 3543 Μ

371 3583 459 3615 om.
487 3569 585 3626 ΠΒ,
614 3573 765 3626 potest
801 3568 853 3628 δὴ
883 3570 1020 3616 scribi
1049 3573 1294 3618 secundum
1321 3574 1373 3617 M
1516 3577 1570 3619 23
1601 3567 1751 3620 αὐτὸν
1780 3572 1910 3618 ΗΡΜ
2082 3573 2135 3615 25
2166 3565 2460 3629 ἀνεσθησίαν

372 3640 408 3684 Ρ
438 3654 497 3686 m.
528 3653 595 3697 pr.
775 3636 1103 3688 άναπειθῶσιν
1133 3645 1229 3700 (pro
1261 3641 1322 3691 ἂν
1350 3642 1453 3699 ἀπ.)
1481 3645 1532 3690 Μ
1704 3640 1766 3693 ἂν
1795 3637 2122 3701 ἀπειθήσωσιν
2150 3635 2461 3699 ἀπειθήσειαν

374 3708 432 3758 ἄν
461 3712 542 3756 ΡΗ
656 3714 708 3755 27
742 3706 890 3758 αὐτὸν
918 3711 968 3755 Μ
