2684 4140
346 291 450 341 366

407 425 543 477 οὐδὲν
581 432 678 476 τῶν
710 422 916 487 Ὁμήρου
953 426 1103 488 ψέγει.
1151 419 1251 486 ἅμα
1295 432 1383 488 διη-

404 497 641 559 γούμενος
677 501 760 545 καὶ
797 493 1033 546 διδάσκων
1071 490 1147 545 ὅτι
1195 495 1255 546 τὰ
1296 499 1385 556 μὲν

402 569 526 616 κατὰ
567 565 738 626 δόξαν,
783 568 845 616 τὰ
893 569 943 616 δὲ
987 565 1113 617 κατὰ
1152 562 1382 629 άλήθειαν

1275 285 1539 334 INDICES.

1484 428 1727 489 γέγραφεν
1757 433 1843 477 etc.
1875 431 1920 476 11
1953 435 2054 490 110,
2086 435 2140 477 24
2181 429 2209 481 o‘
2250 433 2300 482 δὲ
2335 431 2460 482 καθ’

1483 497 1693 615 {famous
1737 505 1834 547 τῶν
1879 500 1956 550 ἐπὶ
2006 503 2183 564 μέρους
2226 501 2462 564 ἐδήλωσεν

1562 574 1658 628 ιιι,
1689 575 1730 617 2.

1105 772 1156 825 8.
1214 771 1464 828 DIONIS
1505 772 1695 827 VITA.

344 910 432 956 Dio
454 909 837 968 (chrysostomus)
858 909 956 955 eius
986 922 1130 955 avus
1159 923 1252 956 una
1281 924 1382 957 eum

403 982 548 1024 matre
578 979 636 1024 ab
666 980 941 1037 imperatore
981 982 1125 1026 amico
1158 982 1384 1028 civitatem
1430 976 1432 978 ’

400 1050 536 1095 simul
550 1050 800 1095 Romanam
820 1055 866 1096 et
882 1052 1186 1109 Apamensem
1205 1055 1385 1111 accepit

407 1121 453 1164 11
483 1124 555 1177 59,
584 1125 626 1166 4.
658 1146 711 1154 —
758 1116 784 1168 ὃ
817 1125 935 1181 γοῦν
966 1121 1166 1179 πάππος
1205 1120 1231 1172 ὁ
1266 1124 1383 1184 ἐμὸς

404 1191 449 1237 εἰ
475 1189 554 1238 ἐπὶ
585 1191 734 1238 πλέον
755 1187 986 1242 άπώνατο
1010 1199 1092 1254 τῆς
1112 1198 1274 1255 φιλίας
1294 1201 1383 1245 τοῦ

397 1255 510 1309 τότε
543 1258 922 1324 αὐτοκράτορος,
954 1261 1074 1313 ἀλλὰ
1104 1263 1169 1326 μὴ
1197 1264 1383 1328 βραχὺς

398 1338 649 1389 παντελῶς
688 1334 880 1394 ἐγένετο
922 1331 1012 1394 (ὃ)
1044 1331 1253 1396 χρόνος,
1296 1343 1381 1386 διε-

394 1481 563 1538 λαβεῖν
591 1481 673 1524 καὶ
702 1475 786 1537 ἤδη
807 1481 918 1538 περὶ
944 1476 1122 1527 τούτου
1142 1483 1378 1541 πεποίητο

398 1545 489 1595 τὸν
518 1545 670 1607 λόγον
700 1549 829 1605 1168,
849 1554 888 1594 5.
912 1574 971 1584 -
999 1554 1143 1606 (avus)
1172 1555 1253 1598 καὶ
1283 1554 1380 1599 τοί-

397 1635 481 1665 νυν
497 1619 564 1673 εἰς
585 1616 736 1666 αὓτον
755 1615 980 1677 οὐδεμίαν
996 1623 1218 1679 φαίνεται
1237 1619 1381 1683 χάριν

402 1687 722 1748 αἰτησάμενος
764 1689 817 1737 ἐν
867 1688 1067 1749 τοιαύτῃ
1123 1693 1257 1756 φιλία
1299 1696 1379 1739 καὶ

397 1761 603 1819 σπουδῇ,
648 1762 904 1820 φυλάττων
947 1763 997 1810 δὲ
1036 1766 1118 1809 καὶ
1157 1760 1375 1820 ταμιευό·

396 1847 543 1887 μενος
583 1829 670 1891 τὴν
709 1836 798 1880 τοῦ
849 1829 1218 1894 αὐτοκράτορος
1262 1851 1378 1895 προ-

391 1903 569 1958 θυμίαν
600 1903 666 1957 εἰς
694 1899 817 1960 ὑμᾶς
846 1904 891 1948 11
909 1909 978 1961 77,
996 1909 1037 1950 6.
1069 1931 1123 1938 -
1154 1909 1236 1952 καὶ
1267 1909 1375 1964 περὶ
1391 1902 1399 2343 l

398 1414 578 1460 νοεῖτο,
601 1399 668 1461 ῶς
688 1423 847 1465 φασιν,
868 1405 1150 1466 ἐλευθερίαν
1165 1413 1224 1469 τῇ
1242 1407 1402 1673 πόλειΙ

395 1976 481 2020 τοῦ
511 1974 716 2021 πάππου
745 1975 794 2022 δὲ
815 1981 904 2023 τοῦ
931 1971 1166 2036 ἡμετέρου
1198 1973 1286 2024 οὐκ
1316 1973 1378 2025 ἄν

394 2041 523 2091 εἴποι
564 2040 716 2100 οὐδεὶς
754 2043 865 2094 οὔτε
897 2042 963 2101 ῶς
991 2045 1260 2107 κατῄσχυνε
1291 2044 1377 2107 τὴν

393 2112 535 2161 πόλιν
576 2113 688 2163 οὔτε
729 2113 795 2172 ὡς
842 2113 978 2165 οὐδὲν
1023 2113 1274 2183 άνάλωσεν
1321 2118 1377 2166 ἐκ

393 2188 491 2231 τῶν
523 2185 711 2234 ἑαυτοῦ.
765 2184 852 2247 τὴν
879 2185 975 2247 γὰρ
999 2184 1170 2235 οὐσίαν
1189 2184 1248 2247 ἣν
1276 2186 1374 2247 εἶχε

394 2253 627 2318 πατρῴαν
664 2261 746 2304 καὶ
785 2255 1031 2320 παππῴαν
1070 2251 1268 2305 ἅπασαν
1307 2260 1375 2314 εἰς

396 2330 674 2384 φιλοτιμίαν
728 2323 1007 2383 α’ναλῶσας,
1062 2321 1189 2376 ὥστε
1230 2331 1375 2389 μηδὲν

394 2395 517 2457 ἔχειν
555 2396 749 2455 λοιπόν,
791 2397 961 2460 ἑτέραν
996 2393 1232 2459 ἐκτήσατο
1272 2396 1371 2449 άπὸ

391 2471 610 2524 παιδείας
624 2473 704 2516 καὶ
721 2466 852 2531 παρὰ
875 2473 973 2517 τῶν
994 2465 1373 2531 αὐτοκρατόρων

390 2541 515 2596 ΙΙ77,
531 2544 568 2586 1.
579 2555 671 2598 —p
682 2546 802 2586 ater
817 2541 912 2586 eius
922 2542 1170 2587 honoribus
1182 2542 1371 2588 affectus

392 2624 420 2655 a
450 2611 801 2668 PrusaensibuS,
836 2604 973 2666 ὅσαις
1002 2614 1188 2661 ἐκεῖνον
1217 2612 1372 2673 ἐτιμή-

392 2699 522 2736 σατε,
554 2679 619 2737 ὠς
642 2680 791 2740 ἄνδρα
815 2678 1009 2742 άγαθὸν
1037 2688 1119 2731 καὶ
1142 2677 1263 2731 ὅσον
1293 2683 1372 2746 ἔζη

394 2751 582 2813 χρόνον
598 2755 793 2808 δικαίως
814 2758 1104 2814 προεστῶτα
1132 2760 1271 2815 τῆσδε
1289 2760 1372 2816 τῆς

392 2821 583 2878 πόλεως
614 2825 747 2877 ΙΙ67,
771 2829 834 2870 18.
866 2851 922 2856 —
951 2830 1084 2882 pater
1114 2827 1211 2872 eius
1242 2828 1369 2872 Pasi-

391 2898 538 2940 crates
554 2896 612 2939 ab
628 2896 960 2952 Apamensibus
979 2897 1158 2942 civitate
1175 2899 1370 2944 donatus

387 2966 432 3009 ΙΙ
450 2970 518 3022 59,
536 2970 561 3010 6
592 2969 673 3012 καὶ
701 2966 796 3024 μὴν
826 2970 924 3012 τῶν
953 2983 1007 3025 γε
1037 2966 1168 3025 ἐμῶν
1189 2968 1371 3016 τέκνων

391 3028 469 3093 ἥδε
492 3038 667 3095 πατρίς
686 3036 787 3083 ἐστι
806 3040 993 3093 μᾶλλον
1012 3040 1128 3092 (scil.
1149 3040 1369 3097 Apamea)

389 3107 499 3152 ibid.
533 3112 572 3152 9.
604 3132 660 3139 —
689 3112 822 3164 pater
859 3107 954 3152 eius
992 3122 1171 3167 semper
1198 3124 1227 3156 a
1258 3112 1369 3156 Pru-

393 3177 629 3223 saensibus
671 3178 882 3223 laudatur
910 3183 963 3224 ut
998 3180 1146 3226 bonus
1188 3181 1297 3227 civis
1327 3183 1371 3226 11

397 3252 467 3304 76,
488 3251 556 3293 22.
581 3274 633 3280 —-
655 3254 701 3293 et
721 3254 851 3306 pater
882 3255 927 3295 et
956 3264 1067 3296 avus
1098 3252 1371 3311 προστάται

390 3319 473 3375 τῆς
491 3322 667 3386 βουλῆς
686 3319 870 3364 fuerunt
885 3320 931 3364 11
947 3325 1015 3377 99,
1033 3325 1101 3367 28.
1121 3348 1174 3354 —
1190 3327 1373 3368 mater

391 3388 500 3442 eius,
530 3389 585 3446 ἦς
615 3386 747 3445 ὑμεῖς
775 3391 890 3444 (scil.
924 3392 1215 3448 Prusaenses)
1246 3391 1370 3451 ἱδρύ-

390 3463 545 3505 σασθε
574 3462 655 3504 καὶ
687 3456 877 3517 ἄγαλμα
907 3465 987 3508 καὶ
1009 3459 1144 3519 ἱερόν
1164 3464 1209 3508 ΙΙ
1227 3467 1295 3521 67,
1316 3469 1368 3509 20

394 3534 582 3586 uterque
613 3542 723 3575 avus
755 3536 799 3575 et
829 3533 1023 3578 maiores
1054 3539 1099 3579 et
1128 3534 1294 3582 fratres
1325 3538 1369 3581 et

391 3599 529 3644 ceteri
576 3601 900 3656 consanguinei
935 3604 1181 3649 honoribus
1219 3607 1370 3651 affecti

387 3668 493 3714 ibid.
536 3695 591 3702 —-
633 3683 824 3726 magna
862 3673 1103 3727 praedia
1141 3677 1370 3734 possidet;

387 3740 553 3786 multos
579 3740 693 3785 enim
710 3746 755 3786 et
781 3742 938 3789 divites
958 3749 1002 3787 et
1024 3758 1246 3802 pauperes
1263 3748 1367 3793 vici·
1389 3790 1394 3813 ι

1483 923 1568 956 nos
1588 911 1740 968 habet,
1769 923 1959 967 quorum
1979 911 2093 956 nulli
2112 924 2312 967 unquam
2333 913 2458 958 dam-

1484 995 1592 1026 num
1612 981 1786 1038 attulit3
1818 995 1962 1039 neque
1985 982 2240 1039 eloquentia
2261 996 2344 1028 sua
2366 984 2458 1027 eui·

1484 1065 1618 1108 quam
1640 1051 1825 1098 insidias
1851 1053 2015 1098 struxit
2034 1066 2099 1098 or.
2118 1052 2267 1099 XLVI
2288 1056 2312 1108 ᾗ
2332 1058 2355 1098 7
2361 1058 2459 1099 -8.

1481 1148 1539 1157 —
1561 1123 1671 1168 dicit
1696 1123 1782 1168 sibi
1805 1123 1992 1170 invideri
2018 1118 2095 1171 ὅτι
2114 1120 2199 1178 τὰς
2215 1124 2364 1179 στοὰς
2381 1122 2459 1171 ἐπὶ

1482 1196 1581 1240 τῶν
1617 1197 1816 1254 θερμῶν
1861 1190 2149 1258 ω’κοδόμηκα
2193 1199 2275 1241 καὶ
2317 1194 2459 1255 έργα-

1462 1320 1465 1323 ⁴
1482 1264 1653 1326 στήρια
1667 1291 1710 1297 -
1724 1267 1886 1312 καίτοι
1905 1266 2047 1313 πέντε
2054 1263 2298 1326 μυριάδων
2313 1261 2459 1325 ἐώνη-

1478 1354 1565 1393 μαι
1595 1337 1653 1383 τὸ
1682 1338 1893 1396 χωρίον,
1941 1340 2013 1397 τῷ
2050 1340 2192 1384 παντὶ
2233 1337 2460 1390 πλείονος

1480 1410 1616 1466 τιμῆς
1636 1410 1717 1465 τῆς
1739 1402 1887 1462 άξιάς.
1918 1406 1964 1451 II
1981 1410 2052 1464 78,
2068 1411 2137 1452 21.
2157 1409 2459 1453 —fortunam

1481 1491 1509 1522 a
1539 1483 1670 1535 patre
1700 1478 1878 1535 accepit
1914 1478 2067 1535 specie
2106 1491 2312 1534 magnam
2327 1513 2339 1535 ,
2380 1479 2459 1523 sed

1481 1546 1586 1594 aere
1607 1549 1756 1594 alieno
1779 1551 2011 1594 oneratam
2030 1549 2075 1594 II
2098 1553 2166 1605 77,
2187 1554 2238 1594 14
2253 1549 2459 1605 liturgias

1481 1620 1701 1665 maximas
1719 1620 1946 1676 praestitit
1958 1620 2067 1665 ibid.
2085 1623 2154 1665 22.
2176 1646 2232 1653 —-
2254 1618 2460 1667 σπάνιον

1480 1687 1644 1737 εἶθ-τοτε
1662 1685 1907 1749 άπεδόμην
1922 1698 2059 1736 σῖτον
2072 1693 2154 1737 καὶ
2174 1687 2317 1738 τοῦθ’
2338 1683 2459 1738 ὅταν

1478 1757 1728 1820 ὑπερβάλῃ
1745 1763 1814 1822 τῷ
1830 1759 2017 1819 πλήθει,
2037 1760 2090 1808 έν
2105 1762 2155 1808 δὲ
2175 1767 2279 1815 τοῖς
2299 1758 2458 1808 τοιού·

1479 1847 1581 1886 τοις
1611 1828 1766 1878 ἔτεσιν
1797 1825 1904 1877 οὐδὲ
1943 1826 2033 1878 τὸν
2071 1828 2314 1891 ἀρκοῦντα
2347 1828 2457 1891 ἔχω,

1479 1897 1590 1950 ἀλλ’
1621 1899 1721 1950 ἔστι
1759 1919 1843 1960 μοι
1883 1897 1910 1962 ἦ
1950 1905 2083 1949 πᾶσα
2113 1901 2378 1964 ἐπικαρπία
2408 1900 2461 1957 ἐξ

1482 1971 1616 2021 οἴνου
1645 1978 1727 2021 καὶ
1763 1971 2089 2034 βοσκημάτων
2124 1973 2169 2017 II
2200 1977 2270 2029 78,
2304 1977 2370 2018 13.
2402 1998 2458 2005 -

1476 2040 1503 2104 ἦ
1536 2041 1783 2105 πρόφασις
1813 2047 1840 2105 ἡ
1872 2044 2118 2104 λεγομένη,
2149 2039 2218 2089 δι’
2248 2038 2308 2102 ἢν
2336 2038 2459 2101 ὑμᾶς

1476 2111 1824 2177 ἀποτραπῆναί
1838 2131 1955 2174 φασι
1972 2117 2054 2173 τῆς
2070 2114 2226 2168 οἰκίας
2234 2117 2316 2174 τῆς
2330 2113 2457 2173 ἐμῆς,

1472 2181 1786 2243 ὑπιδομένους
1815 2189 1904 2232 τοῦ
1933 2188 2187 2232 στενωποῦ
2206 2184 2263 2230 τὸ
2296 2183 2458 2244 βάθος

1473 2258 1518 2301 Π
1534 2262 1603 2314 79,
1619 2262 1686 2302 26.
1709 2282 1758 2289 -
1779 2270 2007 2302 uxorem
2037 2260 2084 2300 et
2114 2256 2304 2301 παιδίον
2334 2267 2455 2299 com-

1472 2331 1691 2373 memorat
1732 2327 1778 2372 11
1810 2332 1888 2384 80,
1918 2331 1960 2372 6.
2003 2352 2058 2359 -—
2096 2329 2218 2379 (ante
2253 2326 2451 2378 exilium)

1473 2399 1797 2455 Apamensium
1813 2399 2036 2443 civitatem
2051 2396 2230 2454 accepit
2245 2396 2290 2440 II
2300 2400 2370 2453 58,
2383 2399 2453 2441 33.

1474 2495 1527 2502 —-
1543 2471 1590 2514 in
1607 2470 1734 2515 nulla
1748 2474 1931 2526 praeter
1945 2468 2142 2526 patriam
2163 2467 2276 2511 urbe
2299 2479 2455 2523 agrum

1472 2541 1660 2586 aedesve
1687 2540 1890 2598 possidet
1917 2538 2050 2595 1168,
2075 2542 2143 2583 25.
2171 2562 2229 2571 -
2248 2538 2326 2583 Ro
2341 2550 2457 2581 mae

1472 2613 1642 2657 amicos
1673 2613 1813 2656 habet
1843 2615 1888 2655 et
1906 2611 2072 2655 multos
2105 2614 2151 2653 et
2170 2612 2381 2666 potentes
2409 2608 2454 2652 II

1473 2687 1542 2739 59,
1562 2687 1628 2728 19.
1650 2707 1706 2714 —
1727 2683 1968 2728 πλουσίων
1997 2680 2154 2733 οἰκίας
2173 2696 2226 2727 τε
2245 2682 2326 2726 καὶ
2340 2695 2455 2738 τρα-

1471 2753 1618 2809 πέζας
1646 2748 1938 2812 ἦπιστάμην,
1970 2746 2026 2798 οὗ
2054 2746 2213 2808 μόνον
2241 2750 2455 2804 ἰδιωτῶν,

1472 2818 1591 2871 άλλά
1604 2827 1685 2870 καὶ
1695 2826 2045 2881 σατραπῶνκαὶ
2054 2822 2295 2881 βασιλέων
2304 2826 2402 2879 202,
2411 2827 2452 2867 4.

1414 2894 1615 2938 exilium:
1663 2886 1746 2940 ὅτε
1783 2891 1975 2953 φεύγειν
2004 2893 2176 2951 συνέβη
2204 2910 2265 2950 με
2295 2894 2455 2952 φιλίας

1471 2961 1632 3011 ἕνεκεν
1676 2964 1932 3023 λεγομένης
1985 2958 2161 3023 άνδρὸς
2208 2960 2265 3010 οὐ
2309 2979 2453 3023 πονη-

1473 3039 1584 3095 ροῦ,
1615 3038 1713 3082 τῶν
1743 3035 1791 3082 δὲ
1821 3034 1936 3081 τότε
1965 3029 2261 3091 εὐδαιμόνων
2290 3051 2343 3082 τε
2372 3037 2454 3080 καὶ

1472 3103 1727 3168 άρχόντων
1762 3102 1998 3165 ἐγγύτατα
2038 3103 2203 3160 ὄντος,
2241 3106 2314 3153 δια
2346 3110 2453 3153 ταῦ-

1472 3196 1531 3225 τα
1564 3178 1722 3225 δὲκαὶ
1761 3171 2129 3231 άποθανόντος,
2169 3171 2234 3222 δι’
2276 3172 2308 3225 δι’
2338 3182 2452 3224 πολ-

1471 3254 1573 3303 λοῖς
1602 3251 1684 3295 καὶ
1716 3244 1890 3307 σχεδὸν
1927 3251 2076 3296 πᾶσιν
2105 3241 2263 3295 ἐδόκει
2291 3245 2447 3306 μακά-

1475 3336 1590 3377 ριος,
1622 3315 1695 3366 διὰ
1726 3317 1812 3378 τὴν
1843 3317 2043 3366 ἐκείνων
2065 3318 2339 3378 οἰκειότητα
2368 3321 2451 3365 καὶ

1471 3389 1754 3449 ξυγγένειαν,
1779 3387 1950 3449 ταύτης
1975 3388 2248 3448 ἐνεχθείσης
2263 3383 2350 3435 ἐπ’
2366 3387 2450 3445 ἐμὲ

1471 3463 1555 3519 τῆς
1587 3460 1756 3514 αἰτίας,
1789 3459 1855 3514 οἷς
1884 3461 1936 3520 δὴ
1960 3455 2124 3516 τάνδρὶ
2153 3460 2298 3518 φίλον
2328 3455 2447 3504 ὄντα

1470 3535 1552 3579 καὶ
1609 3529 1884 3591 σύμβουλον
1932 3536 2038 3587 179,
2075 3535 2180 3587 9sq.
2234 3553 2288 3562 —
2347 3531 2449 3572 exul

1472 3602 1622 3647 factus
1654 3601 1924 3659 Delphicum
1964 3602 2197 3646 oraculum
2228 3600 2447 3644 consulit:

1471 3672 1658 3720 ἐκέλευε
1686 3698 1743 3707 -
1772 3689 1832 3730 με
1874 3667 1992 3719 αὐτὸ
2034 3674 2178 3718 τοῦτο
2218 3667 2447 3730 πράττειν

1471 3744 1524 3792 ἐν
1555 3737 1592 3805 ᾧ
1623 3746 1717 3802 εἰμι
1748 3741 1878 3801 πάσῃ
1906 3743 2167 3805 προθυμία,
2204 3737 2269 3795 ῶς
2297 3739 2447 3800 καλήν
