2684 4140
407 263 476 313 32
1026 253 1232 300 DIONIS
1261 253 1346 299 AD
1377 251 1894 298 NIGOMEDIENSES.

363 409 395 458 9
417 403 652 464 πολλοῖς
689 397 962 465 ἐνοχλοῦν.
1039 398 1269 462 εὔχομαι
1311 393 1368 446 δὲ
1408 399 1530 456 τοῖς
1565 395 1732 457 θεοῖς
1767 400 1911 446 πᾶσι
1947 397 2040 447 καὶ
2065 401 2187 459 τοῖς
2210 399 2501 469 ὑμετέροις

404 491 497 540 καὶ
541 491 662 546 τοῖς
709 485 959 546 ἐκείνων,
1007 483 1059 532 εἰ
1108 487 1282 531 ταῦτα
1323 480 1512 548 εὐνοίᾳ
1549 486 1618 549 τῇ
1657 482 1802 548 πρὸς
1839 478 2047 546 μόνους
2084 483 2224 548 ὑμᾶς
2261 485 2366 551 ἐγὼ
2407 491 2500 535 νῦν

407 570 544 638 λέγω
583 570 676 619 καὶ
710 565 989 637 μηδεμίαν
1030 566 1240 616 οἰκείαν
1277 566 1614 635 θηρώμενος
1642 562 1809 628 δόξαν
1846 567 1878 635 ἢ
1922 563 2269 618 λυσιτέλειαν
2307 571 2365 619 ἐκ
2403 576 2501 640 τῆς

401 651 750 722 καταλλαγῆς
786 659 885 722 τῆς
922 653 1209 719 ὑμετέρας,
1247 651 1341 701 καὶ
1379 652 1490 718 πρὸ
1531 652 1760 701 πάντων
1799 651 1850 701 εἰ
1886 648 2079 717 μέλλει
2118 650 2499 724 λυσιτελήσειν

401 746 469 808 τῇ
498 735 678 800 πόλει,
709 735 904 788 δοῦναι
927 738 1029 802 μὲν
1056 737 1183 802 ἐμοὶ
1207 737 1338 796 τοὺς
1364 732 1557 798 ἀξίους
1587 742 1690 786 τοῦ
1712 739 2043 806 πράγματος
2069 740 2253 789 εἰπεῖν
2281 736 2492 807 λόγους,
2531 749 2554 788 5

402 827 714 894 παρασχεῖν
755 820 812 873 δὲ
851 824 993 888 ὑμᾶς
1030 822 1158 887 ἐμοὶ
1195 821 1513 892 πεισθῆναι
1551 821 1619 871 τὰ
1662 825 2019 892 συμφέροντα
2056 821 2446 890 βουλομένους.

322 913 384 963 10
572 907 838 974 ὁμόνοιαν
904 908 1091 958 τοίνυν
1158 908 1368 968 πάντες
1434 909 1536 972 μὲν
1601 905 1883 975 ἐπῄνεσαν
1945 909 2033 959 ἀεὶ
2088 910 2182 959 καὶ
2248 906 2500 977 λέγοντες
2524 903 2677 991 {ffilffi

399 995 493 1045 καὶ
552 995 894 1064 γράφοντες,
955 994 1050 1043 καὶ
1111 993 1289 1059 μεστὰ
1353 997 1464 1042 τῶν
1527 992 1814 1059 ἐγκωμίων
1879 994 2048 1064 αὐτῆς
2082 995 2228 1061 ιἐστι
2280 996 2374 1046 καὶ
2431 995 2498 1045 τὰ

401 1081 694 1150 ποιήματα
749 1080 843 1130 καὶ
897 1079 966 1129 τὰ
1022 1084 1146 1129 τῶν
1193 1075 1531 1148 φιλοσόφων
1591 1079 2021 1147 συγγράμματα,
2077 1081 2172 1130 καὶ
2220 1082 2347 1131 ὅσοι
2395 1081 2497 1142 τὰς

403 1165 658 1233 ἱστορίας
694 1161 960 1227 ἐξέδοσαν
998 1166 1097 1215 ἐπὶ
1135 1161 1554 1233 παραδείγματι
1593 1164 1774 1214 αὐτῶν
1813 1169 1924 1214 τῶν
1962 1165 2136 1232 ἔργων
2184 1163 2489 1229 ἀπέδειξαν
2531 1174 2575 1215 10

403 1251 572 1320 αὐτὴν
609 1253 873 1317 μέγιστον
913 1249 1086 1300 οὖσαν
1123 1255 1234 1299 τῶν
1273 1249 1655 1315 ἀνθρωπείων
1694 1249 1947 1316 ἀγαθῶν,
1986 1251 2080 1300 καὶ
2130 1247 2335 1301 πολλοὶ
2372 1248 2496 1300 τολ-

400 1337 680 1406 μήσαντες
717 1333 821 1405 ἤδη
861 1341 972 1386 τῶν
1012 1340 1304 1404 σοφιστῶν
1344 1331 1703 1402 παραδόξους
1742 1335 1925 1385 εἰπεῖν
1956 1322 2151 1402 λόγους
2176 1338 2348 1401 μόνον
2375 1341 2494 1385 τοῦ·

402 1438 499 1472 τον
539 1422 634 1472 οὑκ
671 1421 1072 1491 ἐπενοήθησαν
1109 1417 1424 1487 ἐξενεγκεῖν,
1466 1421 1542 1481 ὡς
1583 1420 1644 1470 οὐ
1670 1417 1839 1470 καλὸν
1877 1423 1908 1490 ή
1940 1421 2176 1485 ὁμόνοια
2202 1422 2296 1471 καὶ
2324 1422 2499 1490 σωτή-

402 1510 524 1576 ριόν
565 1509 744 1558 ἐστιν·
783 1510 905 1568 τοῖς
942 1523 1003 1557 τε
1031 1512 1125 1556 νῦν
1151 1503 1516 1572 βουλομένοις
1544 1506 1712 1576 αὑτήν
1740 1502 2103 1573 ἐγκωμιάζειν
2130 1501 2239 1574 [καὶ
2264 1509 2386 1567 τοῖς
2412 1507 2500 1556 ἀεὶ

401 1600 567 1644 τοῦτο
606 1586 813 1659 ποιεῖν]
851 1592 1116 1662 ἄφθονος
1151 1594 1183 1661 ἠ
1223 1596 1335 1642 τῶν
1375 1588 1552 1658 λόγων
1602 1588 1729 1660 ὑλη,
1779 1593 1872 1641 καὶ
1910 1593 1998 1642 ἀεὶ
2045 1593 2139 1642 καὶ
2185 1589 2365 1642 πλείω
2404 1594 2498 1643 καὶ
2535 1600 2581 1642 15

323 1684 381 1732 11
405 1679 638 1747 κρείττω
667 1679 799 1746 περὶ
827 1678 996 1746 αὐτῆς
1033 1674 1258 1739 ἐξέσται
1299 1674 1489 1743 λέγειν.
1564 1675 1675 1726 εἴτε
1714 1676 1817 1744 γάρ
1857 1678 1998 1745 ὑπὲρ
2037 1681 2306 1743 γενέσεως
2334 1678 2503 1747 αὐτῆς

404 1761 900 1832 πολυπραγμονεῖν
938 1759 1137 1813 ἐθέλοι
1171 1779 1275 1824 τις,
1305 1763 1509 1831 ἀνάγκη
1540 1763 1638 1832 τήν
1666 1762 1835 1832 ἀρχὴν
1864 1756 2035 1832 αὑτῆς
2075 1764 2378 1829 ἐπανάγειν
2405 1765 2504 1813 ἐπὶ

404 1850 472 1899 τά
511 1853 748 1916 μέγιστα
787 1853 898 1899 τῶν
937 1848 1118 1898 θείων
1157 1849 1519 1914 πραγμάτων.
1606 1850 1637 1917 ή
1687 1847 1790 1915 γὰρ
1844 1847 1977 1917 αὐτὴ
2028 1848 2122 1898 καὶ
2175 1844 2338 1917 φιλία
2384 1849 2505 1897 ἐστὶ

404 1937 497 1986 καὶ
533 1931 847 2004 καταλλαγὴ
891 1935 985 1984 καὶ
1025 1937 1338 2001 συγγένεια,
1386 1933 1480 1984 καὶ
1517 1938 1691 1983 ταῦτα
1730 1934 1916 1997 πάντα
1957 1929 2339 2003 περιείληφεν.
2414 1934 2507 1983 καὶ

405 2021 474 2072 τὰ
516 2024 765 2085 στοιχεῖα
806 2017 864 2070 δὲ
903 2021 961 2070 τί
997 2017 1133 2069 ἄλλο
1173 2020 1203 2089 ἢ
1247 2020 1482 2084 ὁμόνοια
1522 2022 1662 2078 ἐνοῖ;
1699 2020 1793 2069 καὶ
1832 2011 1909 2069 δι’
1956 2016 2025 2068 οὗ
2050 2012 2287 2086 σῴζεται
2314 2019 2499 2067 πάντα
2537 2026 2587 2067 20

409 2107 477 2156 τὰ
515 2110 771 2173 μέγιστα,
811 2107 977 2155 τοῦτό
1015 2106 1155 2167 ἐστι,
1193 2106 1287 2154 καὶ
1326 2097 1407 2154 δι’
1453 2102 1523 2153 οὗ
1556 2106 1743 2154 πάντα
1783 2101 2117 2166 ἀπόλλυται,
2163 2104 2503 2154 τούναντίον.

409 2193 459 2243 εἰ
495 2193 596 2257 μὲν
638 2191 732 2241 οὖν
770 2186 844 2260 μὴ
883 2190 1096 2259 θνητὸν
1134 2186 1271 2259 ἦμεν
1312 2191 1367 2239 οἱ
1406 2190 1715 2256 ἄνθρωποι
1763 2193 1921 2256 γένος
1968 2181 2105 2259 μηδ’
2151 2187 2267 2239 ἔδει
2318 2186 2502 2238 πολλὰ
2528 2198 2662 2240 (135ss

411 2276 559 2328 εἶναι
595 2276 663 2327 τὰ
706 2277 1023 2347 φθείροντα
1061 2279 1224 2345 ἡμᾶς,
1267 2276 1362 2325 οὐκ
1400 2276 1467 2325 ἂν
1504 2271 1570 2345 ἧν
1611 2272 1737 2325 οὑδὲ
1777 2276 1834 2324 ἐν
1880 2279 2001 2335 τοῖς
2040 2274 2435 2342 ἀνθρωπίνοις
2472 2277 2502 2342 ή

415 2363 630 2425 στάσις,
671 2362 863 2428 ὥσπερ
905 2357 1032 2411 οὐδὲ
1071 2362 1128 2410 ἐν
1168 2364 1288 2421 τοῖς
1314 2360 1505 2421 θείοις
1531 2360 1759 2410 ἔνεστιν.
1825 2351 1870 2426 ᾦ
1911 2357 1968 2409 δὲ
2006 2361 2158 2425 μόνῳ
2199 2365 2296 2427 τῆς
2323 2355 2506 2408 εὐδαι-

412 2447 613 2512 μονίας
652 2444 1097 2511 ἀπολειπόμεθα
1136 2453 1234 2516 τῆς
1272 2447 1442 2506 θείας
1478 2447 1571 2495 καὶ
1596 2452 1694 2516 τῆς
1721 2446 2026 2515 ἀφθάρτου
2057 2442 2327 2514 διαμονῆς
2365 2445 2501 2494 ἐκεί·
2541 2451 2588 2492 25

415 2550 541 2595 νων,
581 2535 746 2582 τοῦτό
773 2534 943 2595 ἐστιν,
983 2534 1068 2582 ὅτι
1099 2528 1173 2601 μὴ
1203 2533 1412 2593 πάντες
1443 2532 1711 2597 ὁμονοίας
1738 2531 2163 2596 αἰσθανόμεθα,
2204 2521 2328 2579 ἀλλ’
2366 2530 2508 2580 εἰσὶν

418 2620 474 2668 οἱ
519 2619 612 2668 καὶ
660 2614 758 2687 τὴν
809 2619 1065 2668 ἐναντίαν
1115 2618 1254 2687 αὐτῇ
1307 2614 1632 2688 φιλοῦντες,
1684 2612 1782 2686 τὴν
1835 2618 2059 2679 στάσιν,
2116 2616 2181 2686 ῆς
2227 2618 2364 2685 μέρη
2417 2617 2510 2665 καὶ·

416 2705 821 2773 ὑπουργήματα
862 2701 1106 2768 πόλεμοι
1142 2705 1236 2754 καὶ
1272 2705 1475 2768 μάχαι,
1526 2704 1618 2753 καὶ
1665 2708 1839 2752 ταῦτα
1878 2703 1937 2752 ἐν
1975 2705 2096 2762 τοῖς
2139 2699 2338 2770 δήμοις
2378 2700 2508 2750 ἀνα-

336 2792 398 2842 12
423 2794 727 2860 στρέφεται
756 2791 994 2850 καὶτοῖς
1020 2789 1266 2852 ἔθνεσιν,
1308 2790 1500 2857 ὥσπερ
1541 2790 1598 2838 ἐν
1637 2792 1758 2849 τοῖς
1799 2789 2055 2853 σώμασιν
2092 2788 2152 2837 αἱ
2182 2789 2356 2836 νόσοι.
2417 2786 2509 2834 καὶ.

412 2876 516 2944 γὰρ
557 2872 654 2944 τὴν
692 2876 879 2941 ὑγείαν
917 2877 1289 2940 ἐπιστάμενοι
1310 2878 1575 2941 μέγιστον
1605 2873 1776 2923 οὖσαν
1814 2878 1924 2923 τῶν
1964 2872 2347 2940 ἀνθρωπίνων
2375 2870 2506 2936 ἀγα-
2543 2878 2590 2918 30

416 2962 542 3011 θῶν
591 2962 742 3026 ὅμως
791 2961 930 3030 αὐτῇ
976 2957 1248 3021 πολλάκις
1298 2961 1457 3010 αὐτοὶ
1504 2952 1644 3009 καθ’
1700 2956 1880 3008 αὑτῶν
1930 2955 2397 3024 ἐπιβουλεύομεν,
2454 2956 2509 3003 οἱ

562 3171 586 3211 3
621 3167 778 3213 οἰκίαν
808 3167 857 3210 Μ
946 3170 970 3211 3
999 3162 1219 3224 μελλήσει
1249 3169 1508 3212 λυσιτελεῖν
1537 3165 1653 3222 libri,
1686 3177 1800 3209 corr.
1831 3163 1963 3219 Emp.
2052 3166 2077 3207 6
2110 3168 2374 3210 πεισθεῖναι
2395 3161 2436 3207 U

420 3243 443 3282 7
475 3238 564 3294 μὲν
595 3252 680 3283 om.
711 3239 758 3282 M
789 3253 844 3283 m.
876 3252 944 3295 pr.
1060 3241 1084 3283 8
1114 3241 1195 3284 καὶ
1224 3237 1344 3295 μετά
1378 3238 1499 3283 UBT
1586 3235 1829 3296 ἐγκομίων
1850 3236 1897 3279 Μ
1988 3238 2040 3279 10
2061 3235 2231 3279 malim:
2263 3232 2340 3280 ἐπὶ
2361 3249 2514 3290 παρα·

421 3312 662 3368 δείγμασιν
783 3315 828 3353 11
864 3303 1160 3369 οἷνθρωπίων
1189 3310 1281 3355 UM
1404 3313 1452 3353 12
1484 3312 1630 3355 τοῦτο
1666 3308 1744 3352 UT
1846 3310 1895 3351 13
1926 3302 2259 3365 ἐπενοήθησαν
2289 3318 2382 3349 var.
2415 3305 2447 3349 l.
2477 3318 2503 3346 v

423 3375 764 3438 (ἐπενοήθησαν
785 3380 889 3424 libri
987 3378 1073 3427 οὐκ
1103 3378 1252 3427 ἄλλον
1275 3381 1323 3425 Μ
1419 3385 1470 3425 14
1500 3376 1802 3439 ἐγκομιάζειν
1822 3378 1870 3422 Μ
1956 3381 2114 3424 καὶ-
2138 3381 2189 3421 15
2221 3383 2377 3422 ποιεῖν
2407 3375 2509 3418 secl.

421 3451 529 3495 Wil.
706 3455 754 3493 17
789 3445 930 3508 αὐτῆς
966 3451 1148 3507 scripsi,
1194 3446 1339 3511 αὐτὴν
1380 3451 1481 3496 libri
1645 3454 1695 3495 18
1732 3443 1845 3508 αὕτη
1876 3449 1924 3491 Μ
2092 3451 2141 3492 19
2173 3444 2330 3494 πάντα
2361 3448 2511 3491 ταῦτα

422 3523 527 3574 (hoc
557 3521 668 3574 ord.)
701 3521 749 3564 M
895 3524 1166 3580 περιείληφε
1197 3522 1277 3568 UT
1421 3526 1473 3566 20
1505 3519 1532 3581 ἢ
1565 3521 1801 3580 ὁμόνοιαν
1832 3517 1952 3568 εἶναι
1979 3521 2060 3565 καὶ
2090 3518 2213 3570 libri,
2244 3513 2273 3574 ἢ
2305 3511 2511 3572 ὁμόνοια

423 3589 548 3648 ἓνοῖς
576 3594 655 3637 καὶ
677 3591 824 3647 Emp.,
844 3588 874 3651 ἢ
898 3588 1102 3649 ὁμόνοια
1125 3598 1300 3650 συνδεῖς
1331 3597 1412 3640 καὶ
1433 3594 1550 3638 idem
1652 3597 1705 3637 22
1727 3593 1840 3651 μηδὲ
1860 3595 1932 3638 δεῖ
1954 3590 2003 3633 Μ
2104 3592 2156 3632 23
2183 3582 2285 3634 οὐδ’
2315 3586 2367 3633 ἐν
2387 3588 2424 3631 Β

424 3659 704 3723 ἀνθρώποις
734 3662 772 3705 Τ
805 3668 985 3719 (comp.)
1131 3669 1184 3708 24
1214 3670 1349 3718 θεοῖς
1379 3666 1494 3719 libri,
1527 3677 1642 3710 corr.
1675 3665 1804 3721 Emp.
1941 3665 1991 3705 25
2025 3655 2400 3715 ἀπολειπώμεθα
2434 3657 2513 3702 BU

422 3748 481 3779 m.
512 3747 580 3791 pr.
611 3727 963 3789 ἀπολιποίμεθα
994 3734 1042 3777 Μ
1188 3739 1240 3779 26
1271 3736 1338 3789 εἰς
1367 3749 1448 3792 pro
1481 3727 1533 3793 ἧς
1590 3735 1641 3779 Μ
1784 3737 1837 3778 29
1869 3729 2048 3780 ἔνεστιν
2077 3744 2159 3787 pro
2192 3727 2379 3776 ἔθνεσιν
2409 3729 2457 3772 Μ
