2684 4140
402 322 511 368 XIV
1257 311 1627 357 PRAEFATIO.

401 459 683 516 scribendo
720 459 895 511 looum
932 469 1123 508 sanare
1160 453 1388 520 studuit,
1428 453 1524 509 UB
1565 455 1661 505 οὐκ
1708 451 1855 508 felici
1904 454 2211 510 coniectura
2245 456 2494 525 restituit,

400 544 472 598 ad,
509 558 667 610 quam
706 539 1001 593 ducebatur
1035 538 1205 591 altero
1254 538 1609 605 oppositionis
1655 539 1919 593 membro:
1969 541 2112 591 ποία
2164 539 2223 592 δὲ
2273 543 2494 608 εὐτυχία

394 628 567 695 χωρὶς
607 621 790 694 φίλων
831 623 927 672 οὐκ
965 623 1180 691 ἄχαρις.

538 707 729 775 Itaque
777 706 1023 760 omnibus
1075 706 1357 774 perpensis
1406 706 1672 764 Patmiaoi
1717 709 1978 778 originem
2026 726 2146 765 cum
2184 709 2279 765 UB
2331 711 2497 765 artius

399 809 558 862 quam
597 808 718 846 eum
754 790 802 845 V
841 791 1178 845 coniunctam
1217 807 1337 846 esse
1374 792 1630 862 arbitror3
1667 793 1741 848 ad
1777 794 2115 850 emendanda
2151 811 2280 851 vero
2308 795 2497 850 Dionis

397 877 566 932 verba
601 875 738 930 nihil
776 892 846 931 ex
883 875 1193 944 fragmentis
1232 876 1340 932 illis
1378 876 1698 932 redundare.

542 974 860 1032 Scribebam
897 974 1176 1031 Rostoohii
1214 975 1368 1031 Mart.
1407 976 1843 1033 MDOCOXOVI.

1018 1399 1389 1459 SIGLORUM
1426 1399 1893 1458 CONSPEOTUS

772 1496 897 1553 Quae
925 1497 973 1542 in
1002 1498 1239 1555 utriusque
1267 1497 1505 1543 voluminis
1534 1497 1827 1544 adnotatione
1856 1501 2119 1545 occurrunt.

915 1639 956 1684 V
985 1658 1040 1675 ==
1072 1638 1320 1684 Vaticanus
1348 1651 1413 1695 gr.
1444 1642 1499 1683 99
1529 1651 1648 1684 saec.
1678 1638 1744 1682 XI

917 1709 1039 1753 M=
1069 1708 1385 1764 Lugdunensis
1417 1712 1469 1753 67
1502 1721 1620 1755 saec.
1650 1709 1760 1755 XVI

914 1780 937 1824 I
980 1803 1033 1818 =
1065 1780 1298 1826 Parisinus
1330 1783 1441 1825 2924
1470 1792 1588 1825 saec.
1621 1779 1707 1824 XV

914 1851 956 1898 U
981 1874 1038 1890 =
1066 1851 1266 1897 Urbinas
1301 1854 1381 1896 124
1411 1864 1529 1897 saec.
1557 1851 1624 1895 XI

916 1924 955 1968 B
982 1945 1037 1960 =
1067 1923 1301 1968 Parisinus
1333 1926 1444 1968 2958
1476 1934 1594 1967 saec.
1626 1921 1736 1967 XIV

919 1995 960 2040 E
981 2018 1039 2034 =
1068 1994 1403 2041 Laurentianus
1435 1998 1504 2050 81,
1525 1997 1550 2038 2
1581 2006 1700 2039 saec.
1731 1992 1840 2038 XIV

917 2067 954 2112 P
984 2090 1042 2106 =
1070 2067 1303 2112 Palatinus
1332 2078 1399 2121 gr.
1435 2069 1512 2109 117
1547 2077 1666 2110 saec.
1698 2064 1783 2108 XV

920 2138 963 2182 H
991 2159 1046 2175 =
1077 2137 1326 2182 Vaticanus
1355 2149 1420 2192 gr.
1451 2140 1502 2180 91
1537 2148 1657 2181 saec.
1687 2134 1801 2179 XIII

919 2208 1049 2253 W=
1079 2207 1442 2254 vindobonensis
1473 2207 1637 2263 philos.
1668 2219 1734 2262 gr.
1768 2208 1847 2250 168
1877 2216 1997 2250 saec.
2028 2202 2150 2250 XIV.
