2684 4140
369 266 472 313 310
1095 256 1486 303 FRAGMENTA
1516 255 1723 301 DIONIS

922 403 1010 456 VI.
1085 400 1233 454 Stob.
1273 400 1415 455 Flor.
1453 399 1700 467 LXXIV,
1742 403 1809 453 59
1848 400 1917 454 Μ.

361 505 634 571 Εύσέβεια
675 501 733 554 δὲ
773 503 1060 570 γυναικεία
1101 504 1132 552 ὁ
1171 503 1316 571 πρὸς
1353 503 1450 552 τὸν
1490 499 1666 570 ἄνδρα
1705 502 1863 571 ἔρως.

900 628 1017 682 VII.
1092 626 1241 682 Stob.
1281 627 1423 682 Flor.
1463 627 1710 693 LXXIV,
1750 629 1816 680 60
1855 628 1923 681 Μ.

358 734 409 782 Γ
408 727 547 790 έλως
597 727 655 779 δὲ
708 729 936 798 συνεχὴς
982 729 1077 779 καὶ
1121 732 1296 795 μέγας
1343 729 1538 794 θυμοῦ
1580 729 1814 791 κακίων,
1869 726 1963 780 διὰ
2010 735 2177 780 τοῦτο
2215 728 2464 796 μάλιστα

360 816 613 884 ἑταίραις
651 809 911 879 ἀκμάζων
948 815 1043 865 καὶ
1080 811 1305 865 παίδων
1332 817 1454 875 τοῖς
1492 814 1949 883 ἀφρονεστέροις.
2018 815 2125 882 ἐγὼ
2156 813 2214 866 δὲ
2240 820 2466 881 κοσμεῖ-

362 901 508 952 σθαι
554 901 870 968 πρόσωπον
918 900 1032 950 ὑπὸ
1085 896 1340 968 δακρύων
1389 902 1629 966 ἠγοῦμαι
1689 897 1898 965 μᾶλλον
1955 901 1987 970 ἢ
2039 901 2152 950 ὑπὸ
2201 898 2462 968 γέλωτος.

298 994 322 1034 5
360 984 594 1052 δάκρυσι
640 986 742 1050 μὲν
789 985 894 1054 γὰρ
935 986 1013 1046 ὡς
1060 985 1160 1035 ἐπὶ
1207 986 1271 1035 τὸ
1321 981 1591 1035 πλεῖστον
1628 986 1869 1035 ’σύνεστι
1915 986 2010 1036 καὶ
2057 987 2302 1056 μάθημά
2353 1001 2464 1036 που

352 1072 612 1141 χρηστόν,
650 1067 854 1137 γέλωτι
894 1067 953 1121 δὲ
993 1067 1286 1121 ἀκολασία.
1349 1071 1443 1121 καὶ
1477 1067 1662 1121 κλάων
1699 1072 1801 1136 μὲν
1829 1068 2013 1132 οὐδεὶς
2056 1075 2463 1141 προυτρέψατο

356 1157 641 1226 ὑβριστήν,
680 1152 857 1223 γελῶν
898 1153 957 1206 δὲ
995 1152 1233 1225 ηὔξησεν
1273 1156 1446 1206 αὐτοῦ
1480 1155 1582 1217 τὰς
1620 1152 1875 1218 ἐλπίδας.

871 1281 1014 1335 VHI.
1089 1280 1238 1336 Stob.
1278 1282 1420 1337 Flor.
1458 1282 1734 1351 LXXXV,
1777 1285 1841 1335 12
1881 1282 1953 1336 M.

357 1369 526 1436 Μέγα
564 1369 667 1439 γὰρ
710 1365 1029 1438 δυσώπημα
1072 1371 1444 1439 σωφροσύνης
1480 1373 1764 1432 τέκνωσις.

887 1493 984 1549 ΙΧ.
1058 1494 1207 1549 Stob.
1247 1495 1388 1549 Flor.
1427 1494 1702 1564 LXXXV,
1746 1497 1808 1547 13
1848 1495 1915 1548 M.

350 1586 519 1644 Ἀλλὰ
559 1596 622 1644 τὸ
661 1596 762 1661 μὲν
801 1597 1008 1646 τίκτειν
1047 1597 1289 1665 ἀνάγκης
1335 1597 1495 1665 ἔργον
1533 1597 1682 1659 ἐστι’,
1732 1598 1796 1646 τὸ
1850 1597 2147 1667 ἐκτρέφειν
2199 1595 2258 1647 δὲ
2301 1595 2462 1667 φιλο-

273 1681 321 1724 10
361 1681 640 1749 στοργίας.

842 1760 927 1833 [Χ.
1001 1764 1143 1818 Max.
1183 1764 1326 1818 Flor.
1367 1764 1504 1828 (Vat.
1545 1781 1622 1831 gr.
1663 1767 1765 1818 397
1783 1765 1819 1817 f.
1859 1762 1977 1828 81¹¹)

354 1856 580 1926 Δίωνος
627 1871 730 1916 τοῦ
775 1867 1219 1936 Χρυσοστόμου·
1270 1867 1408 1928 Πῶς
1459 1867 1520 1916 οὐ
1572 1864 1754 1917 δεινὸν
1802 1870 1924 1928 τοῖς
1971 1868 2073 1933 μὲν
2123 1867 2288 1927 θεοῖς
2346 1868 2465 1917 ένο-

350 1948 529 2016 χλεῖν,
588 1952 790 2013 αύτούς
852 1949 910 2003 δὲ
961 1954 1035 2024 μὴ
1087 1950 1406 2020 βούλεσθαι
1454 1954 1725 2023 πράττειν
1786 1954 1822 2002 ἅ
1869 1969 1929 2020 γε
1979 1946 2079 2023 ἐφ’
2134 1956 2266 2023 ἡμῖν
2316 1951 2462 2005 εἶναι

359 2033 520 2088 δοκεῖ
548 2041 670 2098 τοῖς
706 2031 910 2105 θεοῖς]
1692 2030 1695 2032 ’

808 2159 922 2232 [ΧΙ.
996 2164 1140 2218 Max.
1180 2164 1324 2218 Flor.
1361 2163 1500 2227 (Vat.
1540 2180 1616 2232 gr.
1659 2165 1761 2217 397
1781 2163 1817 2217 f.
1861 2166 1961 2218 159
1979 2160 2023 2230 ¹²)

356 2249 581 2310 Δίωνος
618 2255 721 2299 τοῦ
754 2251 1200 2319 Χρυσοστόμου·
1247 2248 1539 2302 Κινδύνων
1578 2247 1741 2312 ἐλπὶς
1779 2251 1909 2301 ἄνευ
1946 2248 2216 2302 κινδύνων
2258 2251 2463 2320 τίθησι

273 2347 320 2389 15
356 2335 453 2384 τὸν
492 2330 793 2396 ἐλπίζοντα
845 2334 926 2410 τῷ
974 2334 1461 2406 προησφαλίσθαι
1504 2341 1616 2386 τῶν
1666 2333 1945 2405 δυσχερῶν
1997 2342 2066 2406 τῇ
2118 2333 2345 2406 δοκήσει
2391 2337 2459 2386 τὰ

357 2414 699 2488 πράγματά]

805 2517 927 2571 XII.
1001 2518 1144 2572 Max.
1183 2519 1325 2573 Flor.
1366 2519 1503 2581 (Vat.
1542 2535 1618 2586 gr.
1661 2522 1763 2574 739
1777 2519 1810 2573 f.
1851 2521 1995 2583 217³)

354 2617 579 2678 Δίωνος
617 2623 720 2667 τοῦ
753 2620 1199 2687 Χρυσοστόμου·
1239 2621 1531 2689 Πονηρίαν
1568 2620 1671 2689 γὰρ
1712 2621 2021 2690 ἀρχομένην
2071 2619 2173 2686 μὲν
2210 2617 2461 2670 κωλῦσαι

355 2704 495 2767 τάχα
534 2719 621 2763 τις
657 2699 906 2765 κολάζων
932 2699 1060 2771 <ὀίν>
1087 2701 1383 2775 δυνηθείη·
1421 2706 1992 2775 ἐγκαταγεγηρακυῖαν
2033 2703 2092 2755 δὲ
2124 2707 2218 2757 καὶ
2243 2721 2459 2774 γεγενη-

354 2791 525 2856 μένην
562 2793 673 2838 τῶν
700 2789 1045 2854 εἰθισμένων
1070 2784 1376 2860 (κρατῆσαι
1405 2787 1498 2840 διά
1525 2807 1693 2840 τινων
1732 2786 2135 2857 ἐπικειμένων)
2172 2796 2459 2859 τιμωριῶν

270 2878 320 2921 20
357 2870 632 2923 ἀδύνατον
671 2872 820 2924 εἶναι
861 2871 1132 2942 λέγουσιν.

501 3030 548 3069 11
584 3025 722 3071 Dioni
749 3026 867 3072 falso
907 3027 995 3072 hoc
1023 3027 1182 3084 fragm.
1216 3028 1357 3073 tribui
1387 3041 1415 3073 a
1446 3028 1642 3073 Maximo
1673 3041 1730 3072 ex
1765 3027 1820 3072 iis
1862 3028 2009 3072 elucet
2052 3040 2166 3085 quae
2197 3028 2458 3075 Boissevain

356 3094 602 3152 disputavit
629 3096 677 3139 in
708 3097 866 3143 Cassio
896 3098 1045 3144 Dione
1074 3099 1218 3156 praef.
1241 3113 1286 3155 p.
1309 3099 1384 3145 LI.
1419 3099 1564 3145 Cassii
1585 3099 1741 3143 Dionis
1771 3099 1918 3144 fertur
1946 3099 2076 3155 frgm.
2112 3104 2207 3158 110,
2242 3105 2292 3146 18
2322 3102 2460 3149 Dind.

359 3166 415 3210 In
444 3167 625 3211 Arsenii
660 3169 923 3226 anthologia
953 3170 1068 3222 (cod.
1100 3171 1303 3226 Angelic.
1337 3174 1361 3214 3
1386 3172 1419 3216 C
1454 3175 1519 3223 17)
1561 3171 1716 3215 Bionis
1756 3170 1876 3215 dicto
1915 3170 1983 3216 ita
2021 3171 2302 3228 adiungitur:
2345 3168 2370 3220 ὃ
2411 3174 2460 3221 δὲ

360 3231 508 3291 αὐτὸς
537 3233 625 3296 ἔφη
760 3243 810 3283 14
843 3240 979 3285 Dioni
1001 3242 1320 3299 chrysostomo
1353 3242 1488 3287 datur
1518 3243 1564 3286 in
1586 3242 1807 3288 Vaticano
1833 3244 1878 3287 et
1906 3242 1953 3285 in
1975 3242 2300 3289 Barberiniano
2329 3245 2350 3288 I
2379 3249 2455 3290 158

358 3307 560 3363 Maximi,
591 3308 698 3353 item
721 3310 767 3354 in
790 3311 890 3357 cod.
914 3312 1143 3370 Lipsiensi
1163 3314 1271 3360 bibl.
1294 3314 1423 3359 Paul.
1447 3328 1491 3359 n.
1516 3317 1557 3367 8,
1588 3313 1726 3358 Dioni
1755 3313 2017 3370 simpliciter
2045 3313 2093 3356 in
2114 3314 2319 3360 Parisino
2348 3319 2455 3360 1169

359 3378 556 3432 (additur
584 3380 632 3424 in
661 3394 771 3437 mrg.
804 3386 893 3429 τοῦ
914 3378 1181 3442 Ῥωμαίου).
1233 3385 1389 3431 Cassio
1421 3385 1557 3430 Dioni
1586 3384 1818 3430 abiudicat
1847 3385 2109 3430 Boissevain
2138 3385 2283 3442 praef.
2304 3385 2457 3430 XLIX

359 3449 464 3495 adn.
495 3454 535 3494 4.
568 3450 877 3509 chrysostomi
908 3458 1031 3500 certe
1060 3470 1150 3502 non
1181 3460 1252 3502 est
1367 3461 1417 3501 15
1448 3453 1506 3503 τὸ
1539 3456 1644 3502 Vat.
1675 3457 1830 3510 Barb.‚
1861 3460 1931 3518 τῷ
1960 3468 1988 3500 a
2016 3470 2075 3502 m.
2106 3468 2196 3501 sec.
2228 3456 2368 3501 Barb.

364 3524 415 3565 17
449 3518 805 3580 Χρυσοστόμου
836 3524 882 3568 in
914 3538 1004 3571 ras.
1027 3526 1132 3571 Vat.
1221 3526 1316 3588 γάρ
1346 3541 1433 3573 om.
1464 3527 1585 3583 Vat.,
1616 3527 1768 3572 addidi
1797 3540 1853 3573 ex
1882 3527 2019 3572 Barb.
2112 3529 2163 3572 18
2194 3522 2256 3573 ἄν
2285 3526 2457 3573 inserui

364 3596 413 3637 19
442 3596 679 3653 κρατῆσαι
697 3618 754 3626 -
773 3593 1086 3653 ἐπικειμένων
1106 3598 1316 3643 lacunam
1347 3598 1539 3657 exempli
1570 3611 1711 3645 causa
1740 3599 1913 3657 explevi
2002 3598 2075 3642 Ad
2107 3597 2456 3643 oeconomicum

357 3663 446 3709 hoc
475 3664 560 3720 frg.
591 3665 840 3710 rettulerim
875 3672 1060 3725 propter
1090 3669 1431 3714 similitudinem
1460 3670 1704 3727 fragmenti
1734 3671 1774 3715 V
