2684 4140
32 0 52 342 Ι
1075 251 1305 299 ORATIO
1334 252 1587 299 LXXVIII.
2269 255 2298 303 2
2307 256 2333 302 1
2343 256 2370 303 1

31 446 44 462 Ἰ,
281 385 453 456 ζοιντ>
506 396 572 445 ἂν
621 394 868 447 ἄνοπλοι
903 397 996 447 καὶ
1044 398 1357 463 ἀτείχιστοι
1395 394 1846 450 διακινδυνεύειν.
1937 400 2080 450 ὥστε
2129 396 2373 471 ἁλούσης
2395 402 2460 454 13

281 486 380 549 τῆς
419 477 641 541 πόλεως
680 481 777 531 οὐκ
815 482 881 531 ἂν
922 480 1060 543 ἴσως
1100 481 1258 533 οὗτοί
1291 499 1353 550 γε
1390 483 1774 547 ἀποθάνοιεν,
1829 481 2147 554 ληφθέντες
2187 483 2245 536 δὲ
2282 487 2377 537 καὶ

29 475 36 684 Ι
284 560 549 624 δεθέντες
585 568 794 634 προῖκα
834 567 901 616 ἂν
939 562 1266 635 ἐργάζοιντο
1287 571 1409 628 τοῖς
1434 564 1735 633 πολεμίοις
1761 570 1909 638 πρὸς
1937 570 2192 639 ἀνάγκην,
2233 563 2370 621 ἀνθ’

280 645 356 698 ὧν
395 650 671 717 πρότερον
708 650 1103 719 θρυπτόμενοι
1140 649 1358 722 πολλῆς
1392 659 1558 722 τιμῆς
1596 649 1937 703 ἀπεδίδοντο
1987 655 2119 715 τούς
2155 671 2219 705 τε
2253 655 2374 705 θώ-

217 744 242 785 5
278 749 450 800 ρακας
484 734 578 783 καὶ
613 734 682 783 τὰ
719 736 889 804 κράνη
927 737 1020 786 καὶ
1056 736 1125 786 τοὶ
1167 734 1403 806 δόρατα,
1451 738 1545 787 καὶ
1579 741 1762 804 γνοῖεν
1811 739 1879 789 ἂν
1917 740 2005 789 ὅτι
2047 739 2143 789 οὐκ
2181 740 2374 808 ὀρθῶς

278 809 401 866 οὐδ>
444 809 542 866 ἐπ’
586 817 788 885 ἀγαθῷ
827 820 1070 889 ἐφθόνει
1104 823 1200 872 καὶ
1236 823 1428 890 ἐμήνιε
1467 819 1560 872 διὰ
1600 823 1698 892 τὴν
1744 826 1938 892 τέχνην
1979 823 2104 874 οὔτε
2138 822 2373 889 χαλκεὺς

268 898 472 966 χαλκεῖ
513 902 638 953 οὔτε
686 907 903 955 τέκτονι
950 908 1190 969 τέκτων,
1237 904 1363 956 οὐδὲ
1414 903 1558 973 λῷόν
1600 923 1659 957 τε
1706 907 1801 958 καὶ
1847 909 2087 974 ἄμεινον·
2116 905 2182 978 ἦν
2222 897 2372 977 αὐτῷ

60 996 254 1041 (418R11)
269 989 421 1054 μόνῳ
461 987 493 1056 ἢ
537 989 635 1038 σὺν
675 985 891 1055 ὀλίγοις,
925 987 1071 1040 εῦναι
1108 997 1207 1060 τῆς
1244 994 1437 1060 τέχνης
1476 992 1727 1060 ἐργάτην.
1814 989 1959 1043 ἀλλὰ
2003 991 2073 1063 δὴΓ
2106 998 2232 1055 τοῖς
2264 996 2366 1060 μὲν
2390 999 2459 1049 14

271 1068 475 1132 ἄλλοις
509 1070 702 1137 σχεδὸν
732 1073 828 1123 οὐκ
860 1074 949 1124 ἀεὶ-
972 1071 1214 1140 βέλτιον,
1249 1076 1280 1124 ὅ
1319 1088 1462 1144 φησι
1499 1073 1818 1141 βούλεσθαι
1856 1078 2060 1138 αὐτούς
2090 1070 2369 1143 Ἡσίοδος,

191 1161 239 1205 10
273 1158 477 1221 μόνοις,
510 1155 570 1212 δὲ
607 1161 728 1218 τοῖς
763 1164 1065 1227 κεραμεῦσι
1099 1160 1197 1209 καὶ
1229 1160 1522 1228 μαγείροις
1568 1175 1629 1210 τε
1674 1161 1773 1211 καὶ·
1814 1162 2063 1230 βαφεῦσι
2097 1164 2192 1213 καὶ
2230 1178 2370 1231 πορ-

270 1241 583 1307 νοβοσκοῖς.
661 1242 855 1292 οὐκοῦν
893 1245 926 1310 ἠ
965 1238 1279 1311 ζηλοτυπία
1314 1243 1408 1297 καὶ
1446 1244 1477 1292 ὁ
1504 1243 1727 1312 φθόνος
1750 1246 1933 1296 καὶτὸ
1960 1243 2171 1314 μηδένα
2200 1243 2370 1297 ἄλλον

215 1378 217 1380 ,
270 1323 498 1376 ἐθέλειν
536 1328 808 1395 πράττειν
857 1327 920 1376 τὸ
972 1327 1107 1376 αὐτὸ
1158 1327 1318 1395 ἔργον
1365 1330 1690 1396 μαγειρικόν
1737 1345 1798 1379 τε
1844 1330 1939 1380 καὶ
1985 1330 2231 1400 βαφικὸν
2277 1332 2372 1381 καὶ

115 1421 254 1464 (654Μ)
270 1412 664 1480 κεραμευτικὸν
700 1412 796 1461 καὶ
830 1404 952 1482 [ἔτι]
990 1407 1199 1476 μᾶλλον
1226 1412 1639 1480 πορνοβοσκοῖς
1666 1420 1952 1484 προσῆκον
1979 1415 2128 1484 ἥπερ
2153 1410 2371 1484 ἰατροῖς

272 1512 332 1545 τε
370 1496 463 1544 καὶ
486 1495 848 1564 κυβερνήταις
884 1496 916 1566 ἢ
957 1492 1094 1545 ἄλλο
1133 1513 1191 1546 τι
1231 1494 1679 1566 σπουδαιότερον
1718 1500 2082 1566 πράττουσιν.

188 1586 236 1630 15
416 1578 527 1630 εἶεν
543 1590 554 1603 ·
595 1572 719 1630 ἀλλ’
751 1581 802 1631 εἰ
826 1581 1189 1651 κυβερνήταις
1215 1599 1278 1633 τε
1301 1584 1395 1634 καὶ
1421 1584 1639 1652 ἰατροῖς
1663 1586 1759 1635 καὶ,
1783 1584 1873 1646 οἷς.
1895 1590 1988 1636 νῦν
2018 1582 2082 1657 δὴ
2110 1583 2370 1653 ἐλέγομεν

269 1664 331 1714 οὐ
362 1662 585 1730 βέλτιον
611 1666 669 1716 ἐν
693 1668 900 1717 σπάνει
924 1672 1036 1718 τῶν
1064 1668 1374 1734 ὁμοτέχνων
1402 1664 1511 1739 ζῆν,
1538 1665 1688 1738 ἦπου
1715 1674 1845 1732 τοῖς·
1861 1686 1921 1737 γε
1950 1671 2251 1740 φρονίμοις
2275 1671 2369 1721 καὶ

267 1753 475 1819 σοφοῖς
516 1747 756 1820 ἀνδράσι
796 1748 940 1818 λῷόν
966 1768 1026 1802 τε
1050 1753 1146 1803 καὶ
1171 1754 1400 1818 ἄμεινον
1428 1755 1680 1822 ὁρᾶσθαι
1702 1757 1900 1820 μόνοις
1911 1774 1931 1818 ,·
1969 1785 2042 1793 -
2072 1754 2364 1821 Οὐδαμῶς.

263 1861 334 1870 —-
358 1834 427 1885 A.
453 1828 580 1885 Ὅτι
618 1837 764 1905 πρὸς
802 1834 880 1903 τῷ
917 1834 1291 1907 μεγαλόφρων
1328 1855 1388 1889 τε
1428 1837 1574 1890 εἶναι
1610 1840 1704 1890 καὶ
1729 1837 1947 1902 ἄλυπος
1986 1842 2017 1891 ό
2053 1846 2181 1891 νοῦν
2219 1841 2357 1905 ἔχων
2382 1844 2451 1894 15

265 1921 361 1972 καὶ·
399 1917 818 1990 φιλάνθρωπος
854 1923 949 1973 καὶ
983 1925 1083 1993 τὴν
1122 1924 1323 1994 ἀρετὴν
1360 1925 1724 1978 ἐπίστασθαι
1774 1930 2173 1996 συμφέρουσαν
2213 1924 2362 1993 αὐτῷ

183 2013 232 2059 20
267 2006 365 2074 τήν
403 2022 469 2055 τε
503 2007 676 2056 αὐτοῦ’
706 2007 801 2057 καὶ
837 2009 936 2078 τὴν
974 2013 1086 2058 τῶν
1136 2006 1315 2069 πέλας
1360 2010 1457 2060 καὶ
1503 2008 1790 2078 μηδέποτε
1837 2012 1906 2062 ἂν
1956 2013 2098 2080 ὑπὲρ
2150 2013 2363 2061 τούτων

262 2087 474 2159 μηδένα
499 2088 640 2160 μηδὲ
666 2097 778 2142 τῶν
808 2089 1169 2162 φαυλοτέρων
1197 2090 1365 2144 ἄλλον
1392 2091 1542 2160 ἄλλῳ
1573 2095 1832 2164 φθονεῖν,
1874 2096 2094 2147 ἂκοινοὶ
2121 2097 2364 2163 ὑπάρχει

63 2185 246 2231 (419R11)
265 2180 444 2225 πᾶσιν
482 2176 703 2242 ἀγαθά·
744 2178 890 2245 πρὸς
926 2179 1151 2238 τούτοις
1191 2183 1365 2229 πᾶσιν
1406 2176 1533 2228 οὐδὲ
1574 2185 1685 2230 τῶν
1724 2177 1926 2244 ἄλλων,
1967 2171 2066 2250 ἐφ’
2111 2179 2198 2241 οἷς
2237 2182 2267 2230 ὅ
2303 2196 2364 2229 τε

265 2262 488 2331 φθόνος
525 2262 773 2328 γίγνεται
808 2264 903 2314 καὶ
938 2265 1002 2314 τὸ
1049 2264 1374 2330 βασκαίνειν
1414 2261 1678 2335 ἀλλήλοις
1726 2267 1858 2327 τοὺς
1908 2263 2184 2328 πολλοὺς,
2237 2264 2364 2315 οὔτε

259 2342 551 2412 θαυμάζει
586 2349 649 2397 τὸ
691 2350 966 2418 παράπαν
1007 2346 1166 2400 οὐδὲν
1207 2349 1332 2400 οὔτε
1371 2346 1531 2412 ἄξιον
1574 2348 1826 2421 σπουδῆς
1876 2353 2187 2417 νενόμικεν,
2242 2349 2363 2399 οἷον

406 2514 435 2557 2
461 2508 584 2565 ἴσως.
603 2527 658 2570 γε
689 2502 830 2558 οὗτοι
855 2512 956 2566 (huc
987 2513 1099 2567 otd.)
1129 2513 1166 2557 P
1310 2517 1334 2558 3
1366 2514 1591 2569 δοθέντες
1621 2515 1681 2559 M.
1787 2513 2044 2576 ἐργάζοιτο
2075 2516 2112 2560 P
2228 2518 2255 2559 4
2283 2515 2364 2561 καὶ

261 2584 439 2639 πολλῆς
466 2581 516 2626 Μ
634 2586 658 2626 5
689 2585 845 2644 γνῷεν
871 2582 990 2637 libri,
1023 2596 1138 2630 corr.
1169 2584 1304 2630 Dind.
1450 2580 1511 2632 ἂν
1541 2599 1628 2631 om.
1659 2586 1702 2632 U
1731 2601 1790 2632 m.
1822 2601 1891 2645 pr.
1923 2588 1963 2632 B
2107 2592 2134 2632 6.
2163 2584 2364 2645 ἐφρόνει

265 2651 431 2696 UBMP
562 2649 767 2711 χαλκεὺς
793 2657 963 2712 χαλκεῖ
990 2654 1071 2699 ΡΗ
1099 2651 1303 2714 χαλκεὺς
1326 2657 1557 2714 χαλκείου
1586 2657 1636 2700 Μ
1662 2661 1885 2716 χαλκεῦσι
1916 2653 2118 2718 χαλκεὺς
2147 2659 2228 2704 UB

260 2727 283 2766 7
320 2718 426 2770 οὐδὲ
455 2723 534 2767 PH
566 2720 677 2771 οὔτε
709 2724 842 2770 UBM
956 2722 1106 2772 λώϊόν
1135 2743 1180 2773 τι
1208 2729 1290 2773 καὶ
1320 2726 1452 2772 ΡΗΜ
1567 2719 1627 2785 ἦν
1655 2741 1742 2773 om.
1779 2728 1857 2774 ΠΒ
1974 2732 1998 2772 8
2028 2725 2164 2789 μόνῳ
2184 2728 2360 2784 Pflngk‚

256 2789 415 2851 μόνον
443 2794 547 2840 libri
659 2790 691 2854 ἢ
720 2809 806 2841 om.
838 2795 935 2842 UB'-
1034 2794 1245 2856 ἐργάτην
1272 2797 1371 2852 1³0³)
1401 2793 1630 2856 ἐργάταις
1653 2799 1792 2842 ceteri
1908 2803 1933 2843 9
1964 2799 2157 2858 βέλτιον
2188 2791 2219 2845 δ’·
2248 2815 2360 2858 φησι

258 2865 442 2922 scripsi,
482 2867 709 2924 βελτίους.
742 2870 861 2926 φησὶ·
885 2867 966 2912 ΡΗ
1005 2866 1223 2926 βελτίους
1252 2864 1393 2927 φήσει
1424 2868 1582 2923 UBM3
1622 2868 1817 2929 βέλτιον
1857 2860 1927 2923 ιῖίς
1953 2884 2068 2928 φησι
2098 2869 2215 2915 sold.

258 2931 422 2991 αὐτοῖς
452 2937 531 2983 UB
650 2943 701 2982 10
731 2939 963 2999 βρέφεσιν
992 2939 1042 2984 Μ
1162 2944 1209 2983 11
1244 2941 1515 2998 ζηλωτυπία
1546 2940 1582 2983 Ρ
1700 2939 1843 2998 μηδὲν
1872 2940 1909 2982 Ρ
2018 2943 2066 2983 12
2099 2933 2248 2986 αὐτοῦ
2275 2953 2359 2996 pro

257 3002 374 3054 αὐτὸ
392 3008 431 3052 U
449 3022 507 3053 m.
524 3021 598 3069 pr.
617 3010 656 3053 B
727 3008 984 3069 μαγιρικόν
999 3009 1050 3054 Μ
1121 3006 1336 3069 βαφικόν
1356 3025 1407 3055 τε
1429 3009 1464 3052 Ρ
1543 3011 1594 3052 13
1615 3005 1881 3066 κεραμικὸν
1896 3008 1940 3053 H
1961 3011 2200 3065 (superscr.
2218 3013 2275 3064 ει)

256 3074 325 3124 ἔτι
357 3079 522 3123 seclusi
551 3076 602 3125 εἴ
629 3096 673 3125 τι
703 3092 786 3135 pro
827 3076 895 3126 ἔτι
925 3081 974 3123 Μ
1103 3076 1227 3139 ἤπερ
1258 3104 1312 3111 -
1348 3084 1397 3124 14
1428 3075 1723 3138 πράττουσιν
1762 3080 1957 3124 secludit
1984 3080 2118 3136 Emp.
2251 3084 2302 3125 14
2330 3075 2362 3139 η’

256 3154 360 3200 τοῖς
389 3147 471 3192 ΡΗ
588 3152 639 3192 15
670 3145 787 3207 ἄλλη
816 3162 899 3205 pro
929 3143 1041 3196 ἄλλ’
1071 3150 1116 3196 εἰ
1142 3150 1192 3194 Μ
1337 3145 1388 3209 δὴ
1420 3148 1650 3208 ἐλέγομεν
1678 3150 1810 3195 ΡΗΜ
1840 3148 2120 3211 διαλέγομεν
2148 3151 2188 3195 Β
2218 3151 2360 3198 διελὲ·

255 3233 407 3275 γομεν
438 3217 475 3262 U
505 3230 565 3261 m.
599 3231 668 3273 pr.
790 3223 839 3263 16
873 3214 1103 3276 ὁμοθέων
1129 3220 1183 3264 Μ
1212 3215 1399 3277 ὁμοίων
1427 3221 1510 3266 UB
1628 3218 1767 3267 εἷ’που
1794 3221 1831 3266 P
1862 3213 1987 3280 ἦπου
2006 3222 2066 3267 Μ’
2171 3229 2275 3276 τοῖς
2302 3238 2360 3281 γε

261 3286 343 3331 ΡΗ
372 3294 476 3341 τοῖς
505 3303 557 3334 τε
588 3287 722 3334 UBM
870 3294 918 3333 17
951 3284 1181 3350 οἷνὸράσιν
1208 3286 1240 3349 ἦ
1268 3287 1399 3337 λῶόν
1429 3307 1483 3338 τε
1512 3291 1601 3336 ΡΜ
1631 3287 1862 3350 άνδράσιν
1891 3288 1921 3350 ἤ
1950 3288 2099 3338 λώιόν
2127 3309 2171 3339 τι
2201 3292 2246 3336 H

252 3354 427 3415 μόνοις
459 3353 678 3415 οὐδαμῶς
707 3373 794 3405 om.
826 3360 868 3406 U
898 3373 957 3405 m.
989 3375 1057 3418 pr.
1090 3362 1201 3418 BM;
1232 3362 1337 3407 inde
1365 3362 1422 3406 ab
1453 3363 1530 3407 his
1553 3363 1700 3408 verbis
1732 3362 1948 3409 deficiunt
1977 3363 2072 3408 PH.
2132 3363 2257 3420 Quae
2287 3376 2357 3408 se-

259 3435 427 3476 cuntur
455 3433 508 3475 ut
535 3443 695 3476 novam
727 3432 979 3476 orationem
1007 3433 1212 3478 inferunt
1234 3433 1314 3479 UB
1345 3434 1430 3488 (tit.
1463 3436 1575 3492 περὶ
1605 3433 1799 3493 φθόνου
1829 3437 1885 3490 Β)
1904 3435 1958 3480 Μ
1976 3434 2062 3490 (tit.
2095 3437 2205 3494 περὶ
2234 3428 2358 3490 φθό-

253 3507 360 3555 νου)
394 3496 609 3559 &paoem
639 3505 918 3560 corruptum,
947 3501 1120 3561 μόνοις
1151 3501 1369 3562 οὐδαμῶς
1399 3508 1449 3549 et
1476 3518 1580 3551 mox
1623 3497 1697 3552 ὅτι
1727 3510 1774 3551 et
1805 3501 1833 3553 ὁ
1869 3510 1986 3554 νοῦν
2016 3503 2140 3565 ἔχων
2170 3517 2273 3549 cum
2303 3507 2354 3546 77

256 3576 307 3616 et.
332 3576 387 3617 78
419 3586 623 3618 seorsum
650 3571 879 3618 ferrentur
906 3575 1181 3632 interpolata
1210 3578 1344 3633 putat
1373 3576 1480 3622 Wil.
1617 3580 1667 3622 18
1698 3572 1767 3624 ἔτι
1796 3590 1883 3635 pm
1917 3570 1993 3624 ὅτι
2022 3577 2059 3620 Β
2184 3570 2242 3622 τὸ
2274 3586 2356 3631 pro

255 3645 327 3705 τῷ
346 3643 384 3686 Β
473 3647 526 3687 20
559 3639 707 3690 αὐτοῦ
727 3657 811 3700 pro
836 3640 982 3692 αὑτοῦ
1002 3645 1042 3691 U
1132 3651 1180 3691 21
1216 3650 1419 3705 φθονεῖν
1437 3647 1689 3706 Wyttenb„
1710 3656 1912 3710 φρονεῖν
1939 3648 2043 3693 libri
2118 3642 2149 3706 ἢ
2168 3641 2203 3694 δὲ
2220 3645 2276 3690 Μ

254 3716 307 3757 22
344 3709 378 3760 ὅ
406 3731 459 3762 τε
489 3715 538 3759 Μ
570 3708 600 3762 δ’
630 3729 716 3761 om.
755 3716 838 3761 UB
955 3720 1008 3761 23
1039 3718 1224 3776 γίνεται
1252 3718 1294 3763 U

1927 3792 2013 3834 14*
