<?xml version="1.0" encoding="UTF-8"?>
<!DOCTYPE html PUBLIC "-//W3C//DTD XHTML 1.0 Transitional//EN"
    "http://www.w3.org/TR/xhtml1/DTD/xhtml1-transitional.dtd">
<html xmlns="http://www.w3.org/1999/xhtml" xml:lang="en" lang="en">
 <head>
  <title>
</title>
<meta http-equiv="Content-Type" content="text/html;charset=utf-8" />
  <meta name='ocr-system' content='tesseract 3.04.00' />
  <meta name='ocr-capabilities' content='ocr_page ocr_carea ocr_par ocr_line ocrx_word'/>
</head>
<body>
  <div class='ocr_page' id='page_1' title='image "./dionisprusaensis02diocuoft_0060.png"; bbox 0 0 2684 4140; ppageno 0'>
   <div class='ocr_carea' id='block_1_1' title="bbox 439 234 1867 311">
    <p class='ocr_par' dir='ltr' id='par_1_1' title="bbox 439 234 1867 311">
     <span class='ocr_line' id='line_1_1' title="bbox 439 234 1867 311; baseline -0.018 -7"><span class='ocrx_word' id='word_1_1' title='bbox 439 264 507 311; x_wconf 83' lang='lat'><strong><em>42</em></strong></span> <span class='ocrx_word' id='word_1_2' title='bbox 1029 245 1178 292; x_wconf 87' lang='lat' dir='ltr'>DION</span> <span class='ocrx_word' id='word_1_3' title='bbox 1179 243 1231 289; x_wconf 87' lang='lat' dir='ltr'><strong><em>IS</em></strong></span> <span class='ocrx_word' id='word_1_4' title='bbox 1261 241 1344 286; x_wconf 86' lang='lat' dir='ltr'><strong><em>AD</em></strong></span> <span class='ocrx_word' id='word_1_5' title='bbox 1375 234 1867 284; x_wconf 85' lang='lat' dir='ltr'>NICOMEDIENSES</span> 
     </span>
    </p>
   </div>
   <div class='ocr_carea' id='block_1_2' title="bbox 330 378 2683 2910">
    <p class='ocr_par' dir='ltr' id='par_1_2' title="bbox 427 378 2683 633">
     <span class='ocr_line' id='line_1_2' title="bbox 436 378 2493 473; baseline -0.005 -36"><span class='ocrx_word' id='word_1_6' title='bbox 436 405 682 473; x_wconf 65' lang='grc' dir='ltr'><em>φοτέρωγ</em></span> <span class='ocrx_word' id='word_1_7' title='bbox 729 393 932 452; x_wconf 79' lang='grc' dir='ltr'><em>δοκεῖν,</em></span> <span class='ocrx_word' id='word_1_8' title='bbox 981 390 1064 438; x_wconf 80' lang='grc' dir='ltr'><strong><em>ἔτι</em></strong></span> <span class='ocrx_word' id='word_1_9' title='bbox 1109 384 1167 436; x_wconf 84' lang='grc' dir='ltr'><strong><em>δὲ</em></strong></span> <span class='ocrx_word' id='word_1_10' title='bbox 1215 384 1306 433; x_wconf 86' lang='grc' dir='ltr'><strong><em>καὶ</em></strong></span> <span class='ocrx_word' id='word_1_11' title='bbox 1353 383 1428 441; x_wconf 84' lang='grc' dir='ltr'><strong><em>ὡς</em></strong></span> <span class='ocrx_word' id='word_1_12' title='bbox 1475 379 1729 446; x_wconf 79' lang='grc' dir='ltr'><strong><em>ἀγαθούς</em></strong></span> <span class='ocrx_word' id='word_1_13' title='bbox 1777 381 1985 439; x_wconf 90' lang='grc' dir='ltr'><strong><em>πάντες</em></strong></span> <span class='ocrx_word' id='word_1_14' title='bbox 2033 379 2276 438; x_wconf 81' lang='grc' dir='ltr'><strong><em>ἐκείνους</em></strong></span> <span class='ocrx_word' id='word_1_15' title='bbox 2317 378 2493 445; x_wconf 83' lang='grc' dir='ltr'><strong><em>ὁρῶσι</em></strong></span> 
     </span>
     <span class='ocr_line' id='line_1_3' title="bbox 430 459 2493 541; baseline -0.011 -5"><span class='ocrx_word' id='word_1_16' title='bbox 430 486 520 536; x_wconf 82' lang='grc' dir='ltr'><strong><em>καὶ</em></strong></span> <span class='ocrx_word' id='word_1_17' title='bbox 567 483 642 541; x_wconf 82' lang='grc' dir='ltr'><strong><em>ὡς</em></strong></span> <span class='ocrx_word' id='word_1_18' title='bbox 689 476 932 534; x_wconf 78' lang='grc' dir='ltr'><strong><em>δικαίους</em></strong></span> <span class='ocrx_word' id='word_1_19' title='bbox 974 471 1066 521; x_wconf 85' lang='grc' dir='ltr'><strong><em>καὶ</em></strong></span> <span class='ocrx_word' id='word_1_20' title='bbox 1113 470 1189 528; x_wconf 88' lang='grc' dir='ltr'><strong><em>ὡς</em></strong></span> <span class='ocrx_word' id='word_1_21' title='bbox 1235 465 1314 532; x_wconf 77' lang='grc' dir='ltr'><strong><em>τῷ</em></strong></span> <span class='ocrx_word' id='word_1_22' title='bbox 1366 466 1484 515; x_wconf 85' lang='grc' dir='ltr'><strong><em>ὄντι</em></strong></span> <span class='ocrx_word' id='word_1_23' title='bbox 1532 460 1838 533; x_wconf 84' lang='grc' dir='ltr'><strong><em>ἀδελφούς·</em></strong></span> <span class='ocrx_word' id='word_1_24' title='bbox 1888 463 1945 512; x_wconf 82' lang='grc' dir='ltr'><strong><em>ἐν</em></strong></span> <span class='ocrx_word' id='word_1_25' title='bbox 1999 459 2057 512; x_wconf 80' lang='grc' dir='ltr'><strong><em>δὲ</em></strong></span> <span class='ocrx_word' id='word_1_26' title='bbox 2115 467 2240 524; x_wconf 88' lang='grc' dir='ltr'><strong><em>ταῖς</em></strong></span> <span class='ocrx_word' id='word_1_27' title='bbox 2287 459 2493 513; x_wconf 90' lang='grc' dir='ltr'><strong><em>πόλεσι</em></strong></span> 
     </span>
     <span class='ocr_line' id='line_1_4' title="bbox 427 542 2683 633; baseline -0.003 -28"><span class='ocrx_word' id='word_1_28' title='bbox 427 566 680 633; x_wconf 65' lang='grc' dir='ltr'><strong><em>γενομένη</em></strong></span> <span class='ocrx_word' id='word_1_29' title='bbox 742 557 873 623; x_wconf 83' lang='grc' dir='ltr'><strong><em>αὕτη</em></strong></span> <span class='ocrx_word' id='word_1_30' title='bbox 925 557 956 620; x_wconf 86' lang='grc' dir='ltr'><strong><em>ή</em></strong></span> <span class='ocrx_word' id='word_1_31' title='bbox 1008 548 1322 620; x_wconf 77' lang='grc' dir='ltr'><em>ἀδελφότης</em></span> <span class='ocrx_word' id='word_1_32' title='bbox 1372 548 1490 612; x_wconf 81' lang='grc' dir='ltr'><strong><em>οὐχὶ</em></strong></span> <span class='ocrx_word' id='word_1_33' title='bbox 1536 548 1630 597; x_wconf 81' lang='grc' dir='ltr'><strong><em>καὶ</em></strong></span> <span class='ocrx_word' id='word_1_34' title='bbox 1674 542 1864 612; x_wconf 79' lang='grc' dir='ltr'><strong><em>μεῖζον</em></strong></span> <span class='ocrx_word' id='word_1_35' title='bbox 1913 547 2133 613; x_wconf 84' lang='grc' dir='ltr'><strong><em>ἀγαθὸν</em></strong></span> <span class='ocrx_word' id='word_1_36' title='bbox 2193 547 2355 597; x_wconf 82' lang='grc' dir='ltr'><strong><em>ἔσται</em></strong></span> <span class='ocrx_word' id='word_1_37' title='bbox 2401 548 2495 598; x_wconf 82' lang='grc' dir='ltr'><strong><em>καὶ</em></strong></span> <span class='ocrx_word' id='word_1_38' title='bbox 2518 556 2683 597; x_wconf 82' lang='lat' dir='ltr'>‹152Rt</span> 
     </span>
    </p>

    <p class='ocr_par' dir='ltr' id='par_1_3' title="bbox 348 629 2575 1214">
     <span class='ocr_line' id='line_1_5' title="bbox 348 629 2492 702; baseline -0.007 -3"><span class='ocrx_word' id='word_1_39' title='bbox 348 650 413 700; x_wconf 90' lang='grc'><strong><em>46</em></strong></span> <span class='ocrx_word' id='word_1_40' title='bbox 432 643 651 698; x_wconf 83' lang='grc' dir='ltr'><strong><em>κάλλιον</em></strong></span> <span class='ocrx_word' id='word_1_41' title='bbox 685 642 775 691; x_wconf 80' lang='grc' dir='ltr'><strong><em>καὶ</em></strong></span> <span class='ocrx_word' id='word_1_42' title='bbox 810 636 1224 702; x_wconf 89' lang='grc' dir='ltr'><strong><em>πλουσιώτερον</em></strong></span> <span class='ocrx_word' id='word_1_43' title='bbox 1236 651 1256 695; x_wconf 87' lang='grc'><strong><em>,·</em></strong></span> <span class='ocrx_word' id='word_1_44' title='bbox 1456 629 1615 694; x_wconf 80' lang='grc' dir='ltr'><strong><em>ἄξιον</em></strong></span> <span class='ocrx_word' id='word_1_45' title='bbox 1655 629 1714 682; x_wconf 82' lang='grc' dir='ltr'><strong><em>δὲ</em></strong></span> <span class='ocrx_word' id='word_1_46' title='bbox 1754 633 1922 702; x_wconf 81' lang='grc' dir='ltr'><strong><em>αὐτὴν</em></strong></span> <span class='ocrx_word' id='word_1_47' title='bbox 1959 632 2230 699; x_wconf 88' lang='grc' dir='ltr'><strong><em>γενέσθαι</em></strong></span> <span class='ocrx_word' id='word_1_48' title='bbox 2266 634 2360 683; x_wconf 81' lang='grc' dir='ltr'><strong><em>καὶ</em></strong></span> <span class='ocrx_word' id='word_1_49' title='bbox 2399 631 2492 683; x_wconf 79' lang='grc' dir='ltr'><strong><em>διὰ</em></strong></span> 
     </span>
     <span class='ocr_line' id='line_1_6' title="bbox 425 714 2549 793; baseline -0.007 -15"><span class='ocrx_word' id='word_1_50' title='bbox 425 730 552 787; x_wconf 80' lang='grc' dir='ltr'><strong><em>τούς</em></strong></span> <span class='ocrx_word' id='word_1_51' title='bbox 604 726 910 793; x_wconf 77' lang='grc' dir='ltr'><em>προγόνους</em></span> <span class='ocrx_word' id='word_1_52' title='bbox 958 721 1177 779; x_wconf 78' lang='grc' dir='ltr'><strong><em>κοινούς</em></strong></span> <span class='ocrx_word' id='word_1_53' title='bbox 1229 719 1392 778; x_wconf 82' lang='grc' dir='ltr'><strong><em>ὄντας</em></strong></span> <span class='ocrx_word' id='word_1_54' title='bbox 1429 718 1780 787; x_wconf 74' lang='grc' dir='ltr'><strong><em>ἀμφοτέραις</em></strong></span> <span class='ocrx_word' id='word_1_55' title='bbox 1827 721 1952 779; x_wconf 87' lang='grc' dir='ltr'><strong><em>ταῖς</em></strong></span> <span class='ocrx_word' id='word_1_56' title='bbox 2000 714 2205 768; x_wconf 87' lang='grc' dir='ltr'><strong><em>πόλεσι</em></strong></span> <span class='ocrx_word' id='word_1_57' title='bbox 2251 719 2345 768; x_wconf 82' lang='grc' dir='ltr'><strong><em>καὶ</em></strong></span> <span class='ocrx_word' id='word_1_58' title='bbox 2394 715 2487 769; x_wconf 85' lang='grc' dir='ltr'><strong><em>διὰ</em></strong></span> <span class='ocrx_word' id='word_1_59' title='bbox 2525 724 2549 764; x_wconf 84' lang='grc'><strong>5</strong></span> 
     </span>
     <span class='ocr_line' id='line_1_7' title="bbox 422 795 2491 871; baseline -0.002 -11"><span class='ocrx_word' id='word_1_60' title='bbox 422 813 549 871; x_wconf 82' lang='grc' dir='ltr'><strong><em>τούς</em></strong></span> <span class='ocrx_word' id='word_1_61' title='bbox 583 809 770 869; x_wconf 86' lang='grc' dir='ltr'><strong><em>θεούς,</em></strong></span> <span class='ocrx_word' id='word_1_62' title='bbox 811 805 885 855; x_wconf 81' lang='grc' dir='ltr'><strong><em>ὧν</em></strong></span> <span class='ocrx_word' id='word_1_63' title='bbox 921 805 1014 855; x_wconf 82' lang='grc' dir='ltr'><strong><em>καὶ</em></strong></span> <span class='ocrx_word' id='word_1_64' title='bbox 1050 795 1189 871; x_wconf 79' lang='grc' dir='ltr'><strong><em>παρ’</em></strong></span> <span class='ocrx_word' id='word_1_65' title='bbox 1232 803 1464 863; x_wconf 81' lang='grc' dir='ltr'><strong><em>ἐκείνοις</em></strong></span> <span class='ocrx_word' id='word_1_66' title='bbox 1488 803 1581 852; x_wconf 84' lang='grc' dir='ltr'><strong><em>καὶ</em></strong></span> <span class='ocrx_word' id='word_1_67' title='bbox 1607 795 1750 871; x_wconf 80' lang='grc' dir='ltr'><strong><em>παρ’</em></strong></span> <span class='ocrx_word' id='word_1_68' title='bbox 1793 803 1921 867; x_wconf 85' lang='grc' dir='ltr'><strong><em>ὑμῖν</em></strong></span> <span class='ocrx_word' id='word_1_69' title='bbox 1949 803 2150 866; x_wconf 91' lang='grc' dir='ltr'><strong><em>ὁμοιαί</em></strong></span> <span class='ocrx_word' id='word_1_70' title='bbox 2174 803 2288 852; x_wconf 89' lang='grc' dir='ltr'><strong><em>είσι</em></strong></span> <span class='ocrx_word' id='word_1_71' title='bbox 2313 804 2491 868; x_wconf 90' lang='grc' dir='ltr'><strong><em>τιμαί.</em></strong></span> 
     </span>
     <span class='ocr_line' id='line_1_8' title="bbox 421 881 2493 959; baseline -0.002 -15"><span class='ocrx_word' id='word_1_72' title='bbox 421 900 579 944; x_wconf 84' lang='grc' dir='ltr'><strong><em>τοῦτο</em></strong></span> <span class='ocrx_word' id='word_1_73' title='bbox 616 893 716 959; x_wconf 90' lang='grc' dir='ltr'><strong><em>γάρ</em></strong></span> <span class='ocrx_word' id='word_1_74' title='bbox 756 891 922 952; x_wconf 83' lang='grc' dir='ltr'><strong><em>ἐστιν,</em></strong></span> <span class='ocrx_word' id='word_1_75' title='bbox 962 881 1058 959; x_wconf 80' lang='grc' dir='ltr'><strong><em>ἐφ’</em></strong></span> <span class='ocrx_word' id='word_1_76' title='bbox 1103 881 1148 955; x_wconf 77' lang='grc' dir='ltr'><em>ᾦ</em></span> <span class='ocrx_word' id='word_1_77' title='bbox 1183 889 1276 938; x_wconf 81' lang='grc' dir='ltr'><strong><em>καὶ</em></strong></span> <span class='ocrx_word' id='word_1_78' title='bbox 1311 884 1556 952; x_wconf 90' lang='grc' dir='ltr'><strong><em>μάλιστα</em></strong></span> <span class='ocrx_word' id='word_1_79' title='bbox 1597 884 1899 956; x_wconf 71' lang='grc' dir='ltr'><em>ὀδυνηθείη</em></span> <span class='ocrx_word' id='word_1_80' title='bbox 1940 904 2028 948; x_wconf 92' lang='grc' dir='ltr'><strong><em>τις</em></strong></span> <span class='ocrx_word' id='word_1_81' title='bbox 2066 888 2150 950; x_wconf 83' lang='grc' dir='ltr'><strong><em>ἀν,</em></strong></span> <span class='ocrx_word' id='word_1_82' title='bbox 2191 889 2279 938; x_wconf 86' lang='grc' dir='ltr'><strong><em>ὅτι</em></strong></span> <span class='ocrx_word' id='word_1_83' title='bbox 2306 890 2493 939; x_wconf 92' lang='grc' dir='ltr'><strong><em>πάντα</em></strong></span> 
     </span>
     <span class='ocr_line' id='line_1_9' title="bbox 419 970 2493 1042; baseline -0.002 -15"><span class='ocrx_word' id='word_1_84' title='bbox 419 977 573 1027; x_wconf 83' lang='grc' dir='ltr'><strong><em>κοινοὶ</em></strong></span> <span class='ocrx_word' id='word_1_85' title='bbox 611 977 839 1040; x_wconf 83' lang='grc' dir='ltr'><strong><em>ἔχοντες,</em></strong></span> <span class='ocrx_word' id='word_1_86' title='bbox 877 975 970 1024; x_wconf 86' lang='grc' dir='ltr'><strong><em>καὶ</em></strong></span> <span class='ocrx_word' id='word_1_87' title='bbox 1009 974 1318 1042; x_wconf 77' lang='grc' dir='ltr'><strong><em>προγόνους</em></strong></span> <span class='ocrx_word' id='word_1_88' title='bbox 1354 973 1446 1023; x_wconf 82' lang='grc' dir='ltr'><strong><em>καὶ</em></strong></span> <span class='ocrx_word' id='word_1_89' title='bbox 1483 972 1658 1033; x_wconf 77' lang='grc' dir='ltr'><strong><em>θεοὺς</em></strong></span> <span class='ocrx_word' id='word_1_90' title='bbox 1693 973 1787 1023; x_wconf 84' lang='grc' dir='ltr'><strong><em>καὶ</em></strong></span> <span class='ocrx_word' id='word_1_91' title='bbox 1823 973 1931 1042; x_wconf 85' lang='grc' dir='ltr'><strong><em>ἔθη</em></strong></span> <span class='ocrx_word' id='word_1_92' title='bbox 1958 973 2052 1022; x_wconf 84' lang='grc' dir='ltr'><strong><em>καὶ</em></strong></span> <span class='ocrx_word' id='word_1_93' title='bbox 2078 974 2293 1041; x_wconf 83' lang='grc' dir='ltr'><strong><em>ἑορτάς,</em></strong></span> <span class='ocrx_word' id='word_1_94' title='bbox 2341 974 2396 1022; x_wconf 87' lang='grc' dir='ltr'><strong><em>οἱ</em></strong></span> <span class='ocrx_word' id='word_1_95' title='bbox 2435 970 2493 1023; x_wconf 80' lang='grc' dir='ltr'><strong><em>δὲ</em></strong></span> 
     </span>
     <span class='ocr_line' id='line_1_10' title="bbox 419 1048 2496 1127; baseline -0.001 -17"><span class='ocrx_word' id='word_1_96' title='bbox 419 1057 618 1110; x_wconf 83' lang='grc' dir='ltr'><strong><em>πολλοὶ</em></strong></span> <span class='ocrx_word' id='word_1_97' title='bbox 652 1060 744 1110; x_wconf 80' lang='grc' dir='ltr'><strong><em>καὶ</em></strong></span> <span class='ocrx_word' id='word_1_98' title='bbox 783 1059 1095 1126; x_wconf 83' lang='grc' dir='ltr'><strong><em>συγγενείας</em></strong></span> <span class='ocrx_word' id='word_1_99' title='bbox 1135 1055 1424 1119; x_wconf 83' lang='grc' dir='ltr'><strong><em>ἰδιωτικὰς</em></strong></span> <span class='ocrx_word' id='word_1_100' title='bbox 1461 1059 1553 1108; x_wconf 83' lang='grc' dir='ltr'><strong><em>καὶ</em></strong></span> <span class='ocrx_word' id='word_1_101' title='bbox 1582 1055 1792 1127; x_wconf 79' lang='grc' dir='ltr'><strong><em>φιλίας,</em></strong></span> <span class='ocrx_word' id='word_1_102' title='bbox 1835 1058 2027 1124; x_wconf 83' lang='grc' dir='ltr'><strong><em>ὥσπερ</em></strong></span> <span class='ocrx_word' id='word_1_103' title='bbox 2053 1048 2312 1127; x_wconf 58' lang='grc' dir='ltr'><strong><em>ΓΈλληνες</em></strong></span> <span class='ocrx_word' id='word_1_104' title='bbox 2351 1060 2496 1127; x_wconf 85' lang='grc' dir='ltr'><strong><em>πρὸς</em></strong></span> 
     </span>
     <span class='ocr_line' id='line_1_11' title="bbox 416 1136 2575 1214; baseline -0.003 -18"><span class='ocrx_word' id='word_1_105' title='bbox 416 1146 728 1214; x_wconf 79' lang='grc' dir='ltr'><strong><em>βαρβάρους</em></strong></span> <span class='ocrx_word' id='word_1_106' title='bbox 761 1144 1088 1210; x_wconf 89' lang='grc' dir='ltr'><strong><em>μαχόμεθα,</em></strong></span> <span class='ocrx_word' id='word_1_107' title='bbox 1136 1144 1168 1213; x_wconf 84' lang='grc' dir='ltr'><em>ἢ</em></span> <span class='ocrx_word' id='word_1_108' title='bbox 1219 1145 1281 1193; x_wconf 83' lang='grc' dir='ltr'><strong><em>τὸ</em></strong></span> <span class='ocrx_word' id='word_1_109' title='bbox 1330 1143 1415 1194; x_wconf 82' lang='grc' dir='ltr'><strong><em>ἔτι</em></strong></span> <span class='ocrx_word' id='word_1_110' title='bbox 1463 1145 1662 1193; x_wconf 85' lang='grc' dir='ltr'><strong><em>τούτου</em></strong></span> <span class='ocrx_word' id='word_1_111' title='bbox 1711 1141 1789 1210; x_wconf 72' lang='grc' dir='ltr'><strong><em>τῷ</em></strong></span> <span class='ocrx_word' id='word_1_112' title='bbox 1834 1147 2135 1210; x_wconf 81' lang='grc' dir='ltr'><strong><em>γιγνομένῳ</em></strong></span> <span class='ocrx_word' id='word_1_113' title='bbox 2187 1136 2291 1213; x_wconf 78' lang='grc' dir='ltr'><strong><em>ὑφ’</em></strong></span> <span class='ocrx_word' id='word_1_114' title='bbox 2333 1144 2489 1209; x_wconf 79' lang='grc' dir='ltr'><strong><em>ὑμῶν</em></strong></span> <span class='ocrx_word' id='word_1_115' title='bbox 2529 1147 2575 1190; x_wconf 87' lang='grc'><strong><em>10</em></strong></span> 
     </span>
    </p>

    <p class='ocr_par' dir='ltr' id='par_1_4' title="bbox 338 1226 2671 1719">
     <span class='ocr_line' id='line_1_12' title="bbox 338 1226 2495 1299; baseline -0.001 -18"><span class='ocrx_word' id='word_1_116' title='bbox 338 1232 403 1281; x_wconf 90' lang='grc'><strong><em>47</em></strong></span> <span class='ocrx_word' id='word_1_117' title='bbox 426 1231 761 1297; x_wconf 86' lang='grc' dir='ltr'><strong><em>ὁμοιότερον,</em></strong></span> <span class='ocrx_word' id='word_1_118' title='bbox 802 1230 992 1297; x_wconf 84' lang='grc' dir='ltr'><strong><em>ὥσπερ</em></strong></span> <span class='ocrx_word' id='word_1_119' title='bbox 1032 1228 1338 1296; x_wconf 81' lang='grc' dir='ltr'><strong><em>ἄνθρωποι</em></strong></span> <span class='ocrx_word' id='word_1_120' title='bbox 1377 1230 1520 1297; x_wconf 83' lang='grc' dir='ltr'><strong><em>πρὸς</em></strong></span> <span class='ocrx_word' id='word_1_121' title='bbox 1556 1228 1751 1298; x_wconf 89' lang='grc' dir='ltr'><strong><em>θηρία.</em></strong></span> <span class='ocrx_word' id='word_1_122' title='bbox 1819 1229 1914 1278; x_wconf 80' lang='grc' dir='ltr'><strong><em>οὐκ</em></strong></span> <span class='ocrx_word' id='word_1_123' title='bbox 1953 1229 2178 1296; x_wconf 83' lang='grc' dir='ltr'><strong><em>ὄψεσθε</em></strong></span> <span class='ocrx_word' id='word_1_124' title='bbox 2217 1231 2300 1291; x_wconf 84' lang='grc' dir='ltr'><strong><em>εἰς</em></strong></span> <span class='ocrx_word' id='word_1_125' title='bbox 2330 1226 2495 1299; x_wconf 91' lang='grc' dir='ltr'><strong><em>ἀλλή-</em></strong></span> 
     </span>
     <span class='ocr_line' id='line_1_13' title="bbox 418 1307 2497 1382; baseline -0.001 -18"><span class='ocrx_word' id='word_1_126' title='bbox 418 1312 573 1375; x_wconf 86' lang='grc' dir='ltr'><strong><em>λους,·</em></strong></span> <span class='ocrx_word' id='word_1_127' title='bbox 629 1314 723 1363; x_wconf 83' lang='grc' dir='ltr'><strong><em>οὐκ</em></strong></span> <span class='ocrx_word' id='word_1_128' title='bbox 770 1310 1087 1360; x_wconf 78' lang='grc' dir='ltr'><strong><em>ἀκούσεσθε</em></strong></span> <span class='ocrx_word' id='word_1_129' title='bbox 1133 1307 1416 1379; x_wconf 69' lang='grc' dir='ltr'><strong><em>ἀλλήλων,</em></strong></span> <span class='ocrx_word' id='word_1_130' title='bbox 1471 1310 1567 1359; x_wconf 83' lang='grc' dir='ltr'><strong><em>οὐκ</em></strong></span> <span class='ocrx_word' id='word_1_131' title='bbox 1621 1307 2117 1373; x_wconf 77' lang='grc' dir='ltr'><strong><em>ἀντιδεξιώσονται</em></strong></span> <span class='ocrx_word' id='word_1_132' title='bbox 2171 1313 2269 1381; x_wconf 86' lang='grc' dir='ltr'><strong><em>τήν</em></strong></span> <span class='ocrx_word' id='word_1_133' title='bbox 2327 1312 2497 1382; x_wconf 84' lang='grc' dir='ltr'><strong><em>ἀρχήν</em></strong></span> 
     </span>
     <span class='ocr_line' id='line_1_14' title="bbox 416 1392 2671 1467; baseline -0.003 -19"><span class='ocrx_word' id='word_1_134' title='bbox 416 1401 809 1467; x_wconf 79' lang='grc' dir='ltr'><strong><em>ποιησαμένων</em></strong></span> <span class='ocrx_word' id='word_1_135' title='bbox 846 1397 998 1461; x_wconf 80' lang='grc' dir='ltr'><strong><em>ὑμῶν</em></strong></span> <span class='ocrx_word' id='word_1_136' title='bbox 1031 1392 1273 1464; x_wconf 81' lang='grc' dir='ltr'><strong><em>ἀλλήλας</em></strong></span> <span class='ocrx_word' id='word_1_137' title='bbox 1300 1396 1361 1444; x_wconf 87' lang='grc' dir='ltr'><strong><em>αἱ</em></strong></span> <span class='ocrx_word' id='word_1_138' title='bbox 1386 1392 1583 1456; x_wconf 87' lang='grc' dir='ltr'><strong><em>πόλεις</em></strong></span> <span class='ocrx_word' id='word_1_139' title='bbox 1593 1414 1613 1457; x_wconf 91' lang='grc'><strong><em>,·</em></strong></span> <span class='ocrx_word' id='word_1_140' title='bbox 1652 1396 1772 1460; x_wconf 84' lang='grc' dir='ltr'><strong><em>οὐχὶ</em></strong></span> <span class='ocrx_word' id='word_1_141' title='bbox 1798 1397 1984 1446; x_wconf 92' lang='grc' dir='ltr'><strong><em>πάντα</em></strong></span> <span class='ocrx_word' id='word_1_142' title='bbox 2012 1396 2080 1447; x_wconf 85' lang='grc' dir='ltr'><strong><em>τὰ</em></strong></span> <span class='ocrx_word' id='word_1_143' title='bbox 2109 1397 2266 1466; x_wconf 82' lang='grc' dir='ltr'><strong><em>παρὰ</em></strong></span> <span class='ocrx_word' id='word_1_144' title='bbox 2307 1398 2491 1467; x_wconf 88' lang='grc' dir='ltr'><strong><em>ἀμφο-</em></strong></span> <span class='ocrx_word' id='word_1_145' title='bbox 2518 1405 2597 1448; x_wconf 84' lang='grc'>(482</span> <span class='ocrx_word' id='word_1_146' title='bbox 2616 1405 2671 1449; x_wconf 78' lang='grc' dir='ltr'><strong><em>Μ)</em></strong></span> 
     </span>
     <span class='ocr_line' id='line_1_15' title="bbox 415 1476 2495 1551; baseline 0 -19"><span class='ocrx_word' id='word_1_147' title='bbox 415 1486 596 1550; x_wconf 72' lang='grc' dir='ltr'><strong><em>τέροις</em></strong></span> <span class='ocrx_word' id='word_1_148' title='bbox 626 1481 816 1548; x_wconf 83' lang='grc' dir='ltr'><strong><em>ἀγαθὰ</em></strong></span> <span class='ocrx_word' id='word_1_149' title='bbox 842 1480 1121 1549; x_wconf 74' lang='grc' dir='ltr'><strong><em>κτήσεσθε</em></strong></span> <span class='ocrx_word' id='word_1_150' title='bbox 1146 1476 1608 1547; x_wconf 86' lang='grc' dir='ltr'><strong><em>καταλλαγέντες;</em></strong></span> <span class='ocrx_word' id='word_1_151' title='bbox 1646 1482 1708 1530; x_wconf 83' lang='grc' dir='ltr'><strong><em>οὐ</em></strong></span> <span class='ocrx_word' id='word_1_152' title='bbox 1740 1482 2026 1551; x_wconf 83' lang='grc' dir='ltr'><strong><em>χρήσεσθε</em></strong></span> <span class='ocrx_word' id='word_1_153' title='bbox 2065 1483 2257 1543; x_wconf 82' lang='grc' dir='ltr'><strong><em>αὐτοῖς</em></strong></span> <span class='ocrx_word' id='word_1_154' title='bbox 2293 1480 2495 1533; x_wconf 91' lang='grc' dir='ltr'><strong><em>θέλον-</em></strong></span> 
     </span>
     <span class='ocr_line' id='line_1_16' title="bbox 415 1554 2574 1638; baseline 0 -24"><span class='ocrx_word' id='word_1_155' title='bbox 415 1581 535 1625; x_wconf 71' lang='grc' dir='ltr'><strong><em>τες,</em></strong></span> <span class='ocrx_word' id='word_1_156' title='bbox 581 1560 782 1632; x_wconf 84' lang='grc' dir='ltr'><strong><em>ὄφελον</em></strong></span> <span class='ocrx_word' id='word_1_157' title='bbox 831 1559 956 1631; x_wconf 82' lang='grc' dir='ltr'><strong><em>ἐξῆν</em></strong></span> <span class='ocrx_word' id='word_1_158' title='bbox 1002 1563 1095 1611; x_wconf 84' lang='grc' dir='ltr'><strong><em>καὶ</em></strong></span> <span class='ocrx_word' id='word_1_159' title='bbox 1141 1563 1237 1611; x_wconf 88' lang='grc' dir='ltr'><strong><em>τὸν</em></strong></span> <span class='ocrx_word' id='word_1_160' title='bbox 1280 1554 1552 1630; x_wconf 81' lang='grc' dir='ltr'><strong><em>Ἐφεσίων</em></strong></span> <span class='ocrx_word' id='word_1_161' title='bbox 1603 1559 1776 1632; x_wconf 84' lang='grc' dir='ltr'><strong><em>δῆμον</em></strong></span> <span class='ocrx_word' id='word_1_162' title='bbox 1825 1565 2192 1634; x_wconf 85' lang='grc' dir='ltr'><strong><em>ποιήσασθαι</em></strong></span> <span class='ocrx_word' id='word_1_163' title='bbox 2241 1564 2487 1638; x_wconf 86' lang='grc' dir='ltr'><strong><em>ἀδελφὸν</em></strong></span> <span class='ocrx_word' id='word_1_164' title='bbox 2527 1574 2574 1616; x_wconf 86' lang='grc'><strong><em>15</em></strong></span> 
     </span>
     <span class='ocr_line' id='line_1_17' title="bbox 413 1640 2492 1719; baseline 0.002 -20"><span class='ocrx_word' id='word_1_165' title='bbox 413 1650 576 1714; x_wconf 83' lang='grc' dir='ltr'><strong><em>ὑμῶν.</em></strong></span> <span class='ocrx_word' id='word_1_166' title='bbox 635 1644 836 1718; x_wconf 85' lang='grc' dir='ltr'><strong><em>ὄφελον</em></strong></span> <span class='ocrx_word' id='word_1_167' title='bbox 861 1648 954 1697; x_wconf 87' lang='grc' dir='ltr'><strong><em>καὶ</em></strong></span> <span class='ocrx_word' id='word_1_168' title='bbox 978 1647 1046 1696; x_wconf 85' lang='grc' dir='ltr'><strong><em>τὰ</em></strong></span> <span class='ocrx_word' id='word_1_169' title='bbox 1071 1647 1400 1714; x_wconf 83' lang='grc' dir='ltr'><strong><em>Σμυρναίων</em></strong></span> <span class='ocrx_word' id='word_1_170' title='bbox 1428 1640 1888 1717; x_wconf 77' lang='grc' dir='ltr'><strong><em>[οἰκοδομήματα]</em></strong></span> <span class='ocrx_word' id='word_1_171' title='bbox 1914 1650 2074 1699; x_wconf 85' lang='grc' dir='ltr'><strong><em>κοινὰ</em></strong></span> <span class='ocrx_word' id='word_1_172' title='bbox 2101 1652 2233 1716; x_wconf 82' lang='grc' dir='ltr'><strong><em>ὑμῖν</em></strong></span> <span class='ocrx_word' id='word_1_173' title='bbox 2259 1653 2492 1719; x_wconf 77' lang='grc' dir='ltr'><strong><em>ἐγένετο.</em></strong></span> 
     </span>
    </p>

    <p class='ocr_par' dir='ltr' id='par_1_5' title="bbox 330 1728 2495 1887">
     <span class='ocr_line' id='line_1_18' title="bbox 330 1728 2495 1801; baseline 0 -14"><span class='ocrx_word' id='word_1_174' title='bbox 330 1736 396 1788; x_wconf 89' lang='grc'><strong><em>48</em></strong></span> <span class='ocrx_word' id='word_1_175' title='bbox 419 1740 587 1784; x_wconf 79' lang='grc' dir='ltr'><strong><em>ταῦτα</em></strong></span> <span class='ocrx_word' id='word_1_176' title='bbox 627 1731 684 1783; x_wconf 85' lang='grc' dir='ltr'><strong><em>δὲ</em></strong></span> <span class='ocrx_word' id='word_1_177' title='bbox 725 1734 908 1782; x_wconf 88' lang='grc' dir='ltr'><strong><em>πάντα</em></strong></span> <span class='ocrx_word' id='word_1_178' title='bbox 946 1728 1246 1800; x_wconf 82' lang='grc' dir='ltr'><strong><em>τηλικαῦτα</em></strong></span> <span class='ocrx_word' id='word_1_179' title='bbox 1287 1732 1417 1781; x_wconf 85' lang='grc' dir='ltr'><strong><em>ὄντα</em></strong></span> <span class='ocrx_word' id='word_1_180' title='bbox 1457 1733 1650 1798; x_wconf 82' lang='grc' dir='ltr'><strong><em>ἀγαθὰ</em></strong></span> <span class='ocrx_word' id='word_1_181' title='bbox 1679 1735 1802 1794; x_wconf 84' lang='grc' dir='ltr'><strong><em>ἐνὸς</em></strong></span> <span class='ocrx_word' id='word_1_182' title='bbox 1828 1735 1983 1784; x_wconf 79' lang='grc' dir='ltr'><strong><em>ἕνεκα</em></strong></span> <span class='ocrx_word' id='word_1_183' title='bbox 2014 1736 2290 1801; x_wconf 85' lang='grc' dir='ltr'><strong><em>ὀνόματος</em></strong></span> <span class='ocrx_word' id='word_1_184' title='bbox 2317 1735 2495 1788; x_wconf 89' lang='grc' dir='ltr'><strong><em>ἀπόλ-</em></strong></span> 
     </span>
     <span class='ocr_line' id='line_1_19' title="bbox 418 1813 1536 1887; baseline -0.004 -18"><span class='ocrx_word' id='word_1_185' title='bbox 418 1817 554 1881; x_wconf 90' lang='grc' dir='ltr'><strong><em>λυτε,</em></strong></span> <span class='ocrx_word' id='word_1_186' title='bbox 595 1819 764 1868; x_wconf 92' lang='grc' dir='ltr'><strong><em>ποίαν</em></strong></span> <span class='ocrx_word' id='word_1_187' title='bbox 804 1814 1098 1887; x_wconf 86' lang='grc' dir='ltr'><strong><em>ὠφέλειαν,</em></strong></span> <span class='ocrx_word' id='word_1_188' title='bbox 1138 1816 1262 1866; x_wconf 90' lang='grc' dir='ltr'><strong><em>τίνα</em></strong></span> <span class='ocrx_word' id='word_1_189' title='bbox 1301 1813 1536 1886; x_wconf 79' lang='grc' dir='ltr'><strong><em>ἡδονήν,-</em></strong></span> 
     </span>
    </p>

    <p class='ocr_par' dir='ltr' id='par_1_6' title="bbox 415 1896 2577 2147">
     <span class='ocr_line' id='line_1_20' title="bbox 543 1896 2492 1977; baseline 0.002 -24"><span class='ocrx_word' id='word_1_190' title='bbox 543 1896 666 1953; x_wconf 77' lang='grc' dir='ltr'><strong><em>ἀλλ’</em></strong></span> <span class='ocrx_word' id='word_1_191' title='bbox 698 1905 784 1953; x_wconf 83' lang='grc' dir='ltr'><strong><em>ὅτι</em></strong></span> <span class='ocrx_word' id='word_1_192' title='bbox 808 1904 908 1968; x_wconf 81' lang='grc' dir='ltr'><strong><em>μὲν</em></strong></span> <span class='ocrx_word' id='word_1_193' title='bbox 927 1903 1019 1952; x_wconf 86' lang='grc' dir='ltr'><strong><em>καὶ</em></strong></span> <span class='ocrx_word' id='word_1_194' title='bbox 1047 1898 1395 1970; x_wconf 91' lang='grc' dir='ltr'><strong><em>λυσιτελήσει</em></strong></span> <span class='ocrx_word' id='word_1_195' title='bbox 1420 1905 1546 1963; x_wconf 88' lang='grc' dir='ltr'><strong><em>ταῖς</em></strong></span> <span class='ocrx_word' id='word_1_196' title='bbox 1573 1899 1809 1953; x_wconf 90' lang='grc' dir='ltr'><strong><em>πόλεσιν</em></strong></span> <span class='ocrx_word' id='word_1_197' title='bbox 1833 1906 1865 1970; x_wconf 90' lang='grc' dir='ltr'><strong><em>ή</em></strong></span> <span class='ocrx_word' id='word_1_198' title='bbox 1892 1901 2205 1976; x_wconf 78' lang='grc' dir='ltr'><strong><em>καταλλαγὴ</em></strong></span> <span class='ocrx_word' id='word_1_199' title='bbox 2229 1911 2492 1977; x_wconf 83' lang='grc' dir='ltr'><strong><em>γενομένη</em></strong></span> 
     </span>
     <span class='ocr_line' id='line_1_21' title="bbox 415 1983 2577 2057; baseline 0.001 -20"><span class='ocrx_word' id='word_1_200' title='bbox 415 1989 507 2038; x_wconf 81' lang='grc' dir='ltr'><strong><em>καὶ</em></strong></span> <span class='ocrx_word' id='word_1_201' title='bbox 542 1991 699 2055; x_wconf 88' lang='grc' dir='ltr'><strong><em>μέχρι</em></strong></span> <span class='ocrx_word' id='word_1_202' title='bbox 723 1994 816 2038; x_wconf 81' lang='grc' dir='ltr'><strong><em>νῦν</em></strong></span> <span class='ocrx_word' id='word_1_203' title='bbox 842 1988 969 2053; x_wconf 81' lang='grc' dir='ltr'><strong><em>ὑμῖν</em></strong></span> <span class='ocrx_word' id='word_1_204' title='bbox 997 1987 1091 2036; x_wconf 79' lang='grc' dir='ltr'><strong><em>οὐκ</em></strong></span> <span class='ocrx_word' id='word_1_205' title='bbox 1116 1983 1503 2056; x_wconf 80' lang='grc' dir='ltr'><strong><em>ἐλυσιτέλησεν</em></strong></span> <span class='ocrx_word' id='word_1_206' title='bbox 1530 1990 1559 2057; x_wconf 77' lang='grc' dir='ltr'><em>ἡ</em></span> <span class='ocrx_word' id='word_1_207' title='bbox 1593 1990 1791 2049; x_wconf 84' lang='grc' dir='ltr'><strong><em>στάσις</em></strong></span> <span class='ocrx_word' id='word_1_208' title='bbox 1819 1988 1958 2039; x_wconf 79' lang='grc' dir='ltr'><strong><em>οὖσα</em></strong></span> <span class='ocrx_word' id='word_1_209' title='bbox 1984 1992 2078 2041; x_wconf 86' lang='grc' dir='ltr'><strong><em>καὶ</em></strong></span> <span class='ocrx_word' id='word_1_210' title='bbox 2102 1991 2170 2041; x_wconf 84' lang='grc' dir='ltr'><strong><em>τὰ</em></strong></span> <span class='ocrx_word' id='word_1_211' title='bbox 2199 1992 2393 2057; x_wconf 84' lang='grc' dir='ltr'><strong><em>ἀγαθοὶ</em></strong></span> <span class='ocrx_word' id='word_1_212' title='bbox 2420 1994 2489 2043; x_wconf 88' lang='grc' dir='ltr'><strong><em>τά</em></strong></span> <span class='ocrx_word' id='word_1_213' title='bbox 2527 1997 2577 2040; x_wconf 84' lang='grc'><strong><em>20</em></strong></span> 
     </span>
     <span class='ocr_line' id='line_1_22' title="bbox 418 2071 2494 2147; baseline 0.003 -26"><span class='ocrx_word' id='word_1_214' title='bbox 418 2073 475 2121; x_wconf 83' lang='grc' dir='ltr'><strong><em>ἐκ</em></strong></span> <span class='ocrx_word' id='word_1_215' title='bbox 511 2079 607 2142; x_wconf 84' lang='grc' dir='ltr'><strong><em>τῆς</em></strong></span> <span class='ocrx_word' id='word_1_216' title='bbox 646 2073 906 2137; x_wconf 85' lang='grc' dir='ltr'><strong><em>ὁμονοίας</em></strong></span> <span class='ocrx_word' id='word_1_217' title='bbox 942 2074 1278 2140; x_wconf 88' lang='grc' dir='ltr'><strong><em>γενησόμενα</em></strong></span> <span class='ocrx_word' id='word_1_218' title='bbox 1316 2073 1410 2122; x_wconf 84' lang='grc' dir='ltr'><strong><em>καὶ</em></strong></span> <span class='ocrx_word' id='word_1_219' title='bbox 1446 2072 1515 2122; x_wconf 85' lang='grc' dir='ltr'><strong><em>τὰ</em></strong></span> <span class='ocrx_word' id='word_1_220' title='bbox 1552 2073 1691 2123; x_wconf 85' lang='grc' dir='ltr'><strong><em>κακὰ</em></strong></span> <span class='ocrx_word' id='word_1_221' title='bbox 1730 2074 1799 2123; x_wconf 88' lang='grc' dir='ltr'><strong><em>τά</em></strong></span> <span class='ocrx_word' id='word_1_222' title='bbox 1829 2071 1923 2124; x_wconf 86' lang='grc' dir='ltr'><strong><em>διά</em></strong></span> <span class='ocrx_word' id='word_1_223' title='bbox 1951 2077 2049 2145; x_wconf 86' lang='grc' dir='ltr'><strong><em>τήν</em></strong></span> <span class='ocrx_word' id='word_1_224' title='bbox 2076 2077 2289 2145; x_wconf 83' lang='grc' dir='ltr'><strong><em>ἔχθραν</em></strong></span> <span class='ocrx_word' id='word_1_225' title='bbox 2315 2079 2494 2147; x_wconf 80' lang='grc' dir='ltr'><strong><em>ὑπάρ-</em></strong></span> 
     </span>
    </p>

    <p class='ocr_par' dir='ltr' id='par_1_7' title="bbox 333 2154 2678 2910">
     <span class='ocr_line' id='line_1_23' title="bbox 333 2154 2502 2229; baseline 0.003 -21"><span class='ocrx_word' id='word_1_226' title='bbox 333 2159 399 2208; x_wconf 86' lang='grc'><strong><em>49</em></strong></span> <span class='ocrx_word' id='word_1_227' title='bbox 415 2172 598 2220; x_wconf 91' lang='grc' dir='ltr'><strong><em>χοντα,</em></strong></span> <span class='ocrx_word' id='word_1_228' title='bbox 637 2158 971 2226; x_wconf 88' lang='grc' dir='ltr'><strong><em>προείρηταί</em></strong></span> <span class='ocrx_word' id='word_1_229' title='bbox 1004 2173 1103 2222; x_wconf 91' lang='grc' dir='ltr'><strong><em>μοι</em></strong></span> <span class='ocrx_word' id='word_1_230' title='bbox 1139 2157 1394 2225; x_wconf 88' lang='grc' dir='ltr'><strong><em>μετρίως.</em></strong></span> <span class='ocrx_word' id='word_1_231' title='bbox 1483 2154 1685 2208; x_wconf 85' lang='grc' dir='ltr'><strong><em>λοιπὸν</em></strong></span> <span class='ocrx_word' id='word_1_232' title='bbox 1735 2156 1793 2209; x_wconf 81' lang='grc' dir='ltr'><strong><em>δὲ</em></strong></span> <span class='ocrx_word' id='word_1_233' title='bbox 1844 2160 2027 2211; x_wconf 83' lang='grc' dir='ltr'><strong><em>εἰπεῖν</em></strong></span> <span class='ocrx_word' id='word_1_234' title='bbox 2074 2163 2163 2212; x_wconf 82' lang='grc' dir='ltr'><strong><em>ὅτι</em></strong></span> <span class='ocrx_word' id='word_1_235' title='bbox 2208 2164 2302 2213; x_wconf 83' lang='grc' dir='ltr'><strong><em>καὶ</em></strong></span> <span class='ocrx_word' id='word_1_236' title='bbox 2337 2168 2502 2229; x_wconf 86' lang='grc' dir='ltr'><strong><em>μενεῖ</em></strong></span> 
     </span>
     <span class='ocr_line' id='line_1_24' title="bbox 417 2238 2678 2311; baseline 0.004 -21"><span class='ocrx_word' id='word_1_237' title='bbox 417 2247 587 2290; x_wconf 84' lang='grc' dir='ltr'><strong><em>ταῦτα</em></strong></span> <span class='ocrx_word' id='word_1_238' title='bbox 627 2238 1026 2308; x_wconf 88' lang='grc' dir='ltr'><strong><em>διαλλαγέντων</em></strong></span> <span class='ocrx_word' id='word_1_239' title='bbox 1063 2244 1228 2307; x_wconf 81' lang='grc' dir='ltr'><strong><em>ὑμῶν.</em></strong></span> <span class='ocrx_word' id='word_1_240' title='bbox 1291 2239 1395 2311; x_wconf 83' lang='grc' dir='ltr'><strong><em>ἤδη</em></strong></span> <span class='ocrx_word' id='word_1_241' title='bbox 1424 2244 1526 2311; x_wconf 91' lang='grc' dir='ltr'><strong><em>γάρ</em></strong></span> <span class='ocrx_word' id='word_1_242' title='bbox 1554 2247 1703 2305; x_wconf 90' lang='grc' dir='ltr'><strong><em>τινές</em></strong></span> <span class='ocrx_word' id='word_1_243' title='bbox 1740 2246 1885 2295; x_wconf 86' lang='grc' dir='ltr'><strong><em>εἰσιν</em></strong></span> <span class='ocrx_word' id='word_1_244' title='bbox 1914 2247 1969 2295; x_wconf 85' lang='grc' dir='ltr'><strong><em>οἱ</em></strong></span> <span class='ocrx_word' id='word_1_245' title='bbox 1993 2248 2087 2297; x_wconf 85' lang='grc' dir='ltr'><strong><em>καὶ</em></strong></span> <span class='ocrx_word' id='word_1_246' title='bbox 2112 2252 2276 2298; x_wconf 85' lang='grc' dir='ltr'><strong><em>τοῦτο</em></strong></span> <span class='ocrx_word' id='word_1_247' title='bbox 2307 2245 2486 2299; x_wconf 90' lang='grc' dir='ltr'><strong><em>δεδοι-</em></strong></span> <span class='ocrx_word' id='word_1_248' title='bbox 2512 2255 2678 2299; x_wconf 74' lang='lat'>(15331</span> 
     </span>
     <span class='ocr_line' id='line_1_25' title="bbox 416 2324 2575 2399; baseline 0.002 -24"><span class='ocrx_word' id='word_1_249' title='bbox 416 2327 586 2387; x_wconf 88' lang='grc' dir='ltr'><strong><em>κότες,</em></strong></span> <span class='ocrx_word' id='word_1_250' title='bbox 627 2325 701 2377; x_wconf 84' lang='grc' dir='ltr'><strong><em>ὧν</em></strong></span> <span class='ocrx_word' id='word_1_251' title='bbox 740 2324 1087 2392; x_wconf 79' lang='grc' dir='ltr'><strong><em>ἀποδέχομαι</em></strong></span> <span class='ocrx_word' id='word_1_252' title='bbox 1124 2333 1225 2377; x_wconf 83' lang='grc' dir='ltr'><strong><em>τοῦ</em></strong></span> <span class='ocrx_word' id='word_1_253' title='bbox 1262 2328 1442 2396; x_wconf 80' lang='grc' dir='ltr'><strong><em>φόβου</em></strong></span> <span class='ocrx_word' id='word_1_254' title='bbox 1482 2331 1580 2399; x_wconf 86' lang='grc' dir='ltr'><strong><em>τήν</em></strong></span> <span class='ocrx_word' id='word_1_255' title='bbox 1620 2330 1832 2393; x_wconf 80' lang='grc' dir='ltr'><strong><em>αἰτίαν,</em></strong></span> <span class='ocrx_word' id='word_1_256' title='bbox 1874 2329 1932 2381; x_wconf 83' lang='grc' dir='ltr'><strong><em>εἴ</em></strong></span> <span class='ocrx_word' id='word_1_257' title='bbox 1960 2347 2020 2398; x_wconf 90' lang='grc' dir='ltr'><strong><em>γε</em></strong></span> <span class='ocrx_word' id='word_1_258' title='bbox 2060 2329 2314 2399; x_wconf 90' lang='grc' dir='ltr'><strong><em>λέγουσιν</em></strong></span> <span class='ocrx_word' id='word_1_259' title='bbox 2354 2334 2487 2384; x_wconf 80' lang='grc' dir='ltr'><strong><em>αὐτὸ</em></strong></span> <span class='ocrx_word' id='word_1_260' title='bbox 2528 2339 2575 2380; x_wconf 83' lang='grc'><strong><em>25</em></strong></span> 
     </span>
     <span class='ocr_line' id='line_1_26' title="bbox 418 2410 2492 2488; baseline 0.003 -26"><span class='ocrx_word' id='word_1_261' title='bbox 418 2415 540 2472; x_wconf 87' lang='grc' dir='ltr'><strong><em>ταῖς</em></strong></span> <span class='ocrx_word' id='word_1_262' title='bbox 567 2410 862 2481; x_wconf 89' lang='grc' dir='ltr'><strong><em>ἀληθείαις</em></strong></span> <span class='ocrx_word' id='word_1_263' title='bbox 888 2413 1298 2478; x_wconf 81' lang='grc' dir='ltr'><strong><em>ἐπιθυμοῦντες</em></strong></span> <span class='ocrx_word' id='word_1_264' title='bbox 1324 2422 1423 2486; x_wconf 86' lang='grc' dir='ltr'><strong><em>τῆς</em></strong></span> <span class='ocrx_word' id='word_1_265' title='bbox 1451 2415 1719 2480; x_wconf 82' lang='grc' dir='ltr'><strong><em>ὁμονοίας</em></strong></span> <span class='ocrx_word' id='word_1_266' title='bbox 1744 2417 1837 2466; x_wconf 83' lang='grc' dir='ltr'><strong><em>καὶ</em></strong></span> <span class='ocrx_word' id='word_1_267' title='bbox 1866 2417 2213 2486; x_wconf 80' lang='grc' dir='ltr'><strong><em>φοβούμενοι</em></strong></span> <span class='ocrx_word' id='word_1_268' title='bbox 2237 2419 2310 2488; x_wconf 84' lang='grc' dir='ltr'><strong><em>μή</em></strong></span> <span class='ocrx_word' id='word_1_269' title='bbox 2343 2415 2492 2488; x_wconf 84' lang='grc' dir='ltr'><strong><em>λυθῇ</em></strong></span> 
     </span>
     <span class='ocr_line' id='line_1_27' title="bbox 416 2498 2493 2574; baseline 0.004 -28"><span class='ocrx_word' id='word_1_270' title='bbox 416 2499 507 2548; x_wconf 80' lang='grc' dir='ltr'><strong><em>καὶ</em></strong></span> <span class='ocrx_word' id='word_1_271' title='bbox 555 2498 616 2546; x_wconf 83' lang='grc' dir='ltr'><strong><em>οὐ</em></strong></span> <span class='ocrx_word' id='word_1_272' title='bbox 666 2498 981 2548; x_wconf 80' lang='grc' dir='ltr'><strong><em>τούναντίον</em></strong></span> <span class='ocrx_word' id='word_1_273' title='bbox 1031 2499 1201 2549; x_wconf 81' lang='grc' dir='ltr'><strong><em>αὑτοῦ</em></strong></span> <span class='ocrx_word' id='word_1_274' title='bbox 1239 2502 1403 2569; x_wconf 83' lang='grc' dir='ltr'><strong><em>χάριν</em></strong></span> <span class='ocrx_word' id='word_1_275' title='bbox 1449 2506 1552 2550; x_wconf 83' lang='grc' dir='ltr'><strong><em>τοῦ</em></strong></span> <span class='ocrx_word' id='word_1_276' title='bbox 1608 2498 1748 2570; x_wconf 83' lang='grc' dir='ltr'><strong><em>μηδὲ</em></strong></span> <span class='ocrx_word' id='word_1_277' title='bbox 1799 2498 1943 2563; x_wconf 80' lang='grc' dir='ltr'><strong><em>ὅλως</em></strong></span> <span class='ocrx_word' id='word_1_278' title='bbox 1993 2503 2163 2574; x_wconf 83' lang='grc' dir='ltr'><strong><em>αὐτήν</em></strong></span> <span class='ocrx_word' id='word_1_279' title='bbox 2221 2504 2493 2569; x_wconf 90' lang='grc' dir='ltr'><strong><em>γενέσθαι</em></strong></span> 
     </span>
     <span class='ocr_line' id='line_1_28' title="bbox 414 2579 2481 2653; baseline 0.005 -23"><span class='ocrx_word' id='word_1_280' title='bbox 414 2588 575 2631; x_wconf 84' lang='grc' dir='ltr'><strong><em>τοῦτο</em></strong></span> <span class='ocrx_word' id='word_1_281' title='bbox 615 2579 1040 2650; x_wconf 79' lang='grc' dir='ltr'><strong><em>προβάλλονται.</em></strong></span> <span class='ocrx_word' id='word_1_282' title='bbox 1103 2585 1165 2634; x_wconf 86' lang='grc' dir='ltr'><strong><em>τὸ</em></strong></span> <span class='ocrx_word' id='word_1_283' title='bbox 1203 2587 1303 2649; x_wconf 82' lang='grc' dir='ltr'><strong><em>μὲν</em></strong></span> <span class='ocrx_word' id='word_1_284' title='bbox 1344 2586 1439 2636; x_wconf 81' lang='grc' dir='ltr'><strong><em>οὖν</em></strong></span> <span class='ocrx_word' id='word_1_285' title='bbox 1476 2589 1741 2653; x_wconf 87' lang='grc' dir='ltr'><strong><em>μέγιστον</em></strong></span> <span class='ocrx_word' id='word_1_286' title='bbox 1767 2587 1897 2651; x_wconf 81' lang='grc' dir='ltr'><strong><em>ὑμῖν</em></strong></span> <span class='ocrx_word' id='word_1_287' title='bbox 1922 2589 2015 2638; x_wconf 80' lang='grc' dir='ltr'><strong><em>καὶ</em></strong></span> <span class='ocrx_word' id='word_1_288' title='bbox 2040 2590 2103 2639; x_wconf 85' lang='grc' dir='ltr'><strong><em>τὸ</em></strong></span> <span class='ocrx_word' id='word_1_289' title='bbox 2133 2591 2481 2641; x_wconf 88' lang='grc' dir='ltr'><strong><em>πιστότατον</em></strong></span> 
     </span>
     <span class='ocr_line' id='line_1_29' title="bbox 415 2669 2491 2745; baseline 0.005 -31"><span class='ocrx_word' id='word_1_290' title='bbox 415 2672 516 2714; x_wconf 85' lang='grc' dir='ltr'><strong><em>τοῦ</em></strong></span> <span class='ocrx_word' id='word_1_291' title='bbox 558 2671 740 2730; x_wconf 87' lang='grc' dir='ltr'><strong><em>μενεῖν</em></strong></span> <span class='ocrx_word' id='word_1_292' title='bbox 788 2669 883 2737; x_wconf 82' lang='grc' dir='ltr'><strong><em>τήν</em></strong></span> <span class='ocrx_word' id='word_1_293' title='bbox 934 2669 1195 2733; x_wconf 91' lang='grc' dir='ltr'><strong><em>ὁμόνοιαν</em></strong></span> <span class='ocrx_word' id='word_1_294' title='bbox 1234 2672 1487 2738; x_wconf 77' lang='grc' dir='ltr'><strong><em>ἐνέχυρον</em></strong></span> <span class='ocrx_word' id='word_1_295' title='bbox 1537 2672 1681 2721; x_wconf 88' lang='grc' dir='ltr'><strong><em>ἔστω</em></strong></span> <span class='ocrx_word' id='word_1_296' title='bbox 1727 2673 1791 2722; x_wconf 86' lang='grc' dir='ltr'><strong><em>τὸ</em></strong></span> <span class='ocrx_word' id='word_1_297' title='bbox 1835 2677 2143 2742; x_wconf 90' lang='grc' dir='ltr'><strong><em>συμφέρειν</em></strong></span> <span class='ocrx_word' id='word_1_298' title='bbox 2194 2675 2378 2745; x_wconf 81' lang='grc' dir='ltr'><strong><em>αὐτήν.</em></strong></span> <span class='ocrx_word' id='word_1_299' title='bbox 2457 2677 2491 2725; x_wconf 82' lang='grc' dir='ltr'><strong><em>ἀ</em></strong></span> 
     </span>
     <span class='ocr_line' id='line_1_30' title="bbox 415 2749 2575 2828; baseline 0.006 -30"><span class='ocrx_word' id='word_1_300' title='bbox 415 2750 515 2818; x_wconf 83' lang='grc' dir='ltr'><strong><em>γὰρ</em></strong></span> <span class='ocrx_word' id='word_1_301' title='bbox 564 2752 655 2801; x_wconf 85' lang='grc' dir='ltr'><strong><em>καὶ</em></strong></span> <span class='ocrx_word' id='word_1_302' title='bbox 706 2749 842 2818; x_wconf 81' lang='grc' dir='ltr'><strong><em>λόγῳ</em></strong></span> <span class='ocrx_word' id='word_1_303' title='bbox 885 2751 1338 2820; x_wconf 86' lang='grc' dir='ltr'><strong><em>παραδειχθέντα</em></strong></span> <span class='ocrx_word' id='word_1_304' title='bbox 1392 2753 1539 2806; x_wconf 86' lang='grc' dir='ltr'><strong><em>διότι</em></strong></span> <span class='ocrx_word' id='word_1_305' title='bbox 1590 2757 1839 2807; x_wconf 88' lang='grc' dir='ltr'><strong><em>συνοίσει</em></strong></span> <span class='ocrx_word' id='word_1_306' title='bbox 1886 2760 2058 2823; x_wconf 92' lang='grc' dir='ltr'><strong><em>μόνον</em></strong></span> <span class='ocrx_word' id='word_1_307' title='bbox 2102 2756 2206 2828; x_wconf 80' lang='grc' dir='ltr'><strong><em>ἤδη</em></strong></span> <span class='ocrx_word' id='word_1_308' title='bbox 2257 2760 2489 2810; x_wconf 89' lang='grc' dir='ltr'><strong><em>πείθειν</em></strong></span> <span class='ocrx_word' id='word_1_309' title='bbox 2526 2763 2575 2804; x_wconf 84' lang='grc'><strong><em>30</em></strong></span> 
     </span>
     <span class='ocr_line' id='line_1_31' title="bbox 415 2836 2493 2910; baseline 0.005 -26"><span class='ocrx_word' id='word_1_310' title='bbox 415 2836 555 2899; x_wconf 80' lang='grc' dir='ltr'><strong><em>ὑμᾶς</em></strong></span> <span class='ocrx_word' id='word_1_311' title='bbox 592 2836 761 2899; x_wconf 84' lang='grc' dir='ltr'><strong><em>ἔοικε,</em></strong></span> <span class='ocrx_word' id='word_1_312' title='bbox 813 2843 933 2898; x_wconf 85' lang='grc' dir='ltr'><strong><em>πῶς</em></strong></span> <span class='ocrx_word' id='word_1_313' title='bbox 982 2839 1043 2887; x_wconf 83' lang='grc' dir='ltr'><strong><em>οὐ</em></strong></span> <span class='ocrx_word' id='word_1_314' title='bbox 1077 2842 1176 2909; x_wconf 86' lang='grc' dir='ltr'><strong><em>χρή</em></strong></span> <span class='ocrx_word' id='word_1_315' title='bbox 1218 2842 1315 2910; x_wconf 88' lang='grc' dir='ltr'><strong><em>τήν</em></strong></span> <span class='ocrx_word' id='word_1_316' title='bbox 1366 2841 1482 2891; x_wconf 87' lang='grc' dir='ltr'><strong><em>ἀπὸ</em></strong></span> <span class='ocrx_word' id='word_1_317' title='bbox 1531 2847 1641 2891; x_wconf 86' lang='grc' dir='ltr'><strong><em>τῶν</em></strong></span> <span class='ocrx_word' id='word_1_318' title='bbox 1691 2842 1865 2908; x_wconf 81' lang='grc' dir='ltr'><strong><em>ἔργων</em></strong></span> <span class='ocrx_word' id='word_1_319' title='bbox 1913 2840 2057 2905; x_wconf 79' lang='grc' dir='ltr'><strong><em>ἕξειν</em></strong></span> <span class='ocrx_word' id='word_1_320' title='bbox 2108 2844 2246 2893; x_wconf 80' lang='grc' dir='ltr'><strong><em>αὐτὰ</em></strong></span> <span class='ocrx_word' id='word_1_321' title='bbox 2299 2845 2493 2894; x_wconf 80' lang='grc' dir='ltr'><strong><em>πειθὼ</em></strong></span> 
     </span>
    </p>
   </div>
   <div class='ocr_carea' id='block_1_3' title="bbox 486 2971 1700 2981">
    <p class='ocr_par' dir='ltr' id='par_1_8' title="bbox 486 2971 1700 2981">
     <span class='ocr_line' id='line_1_32' title="bbox 486 2971 1700 2981; baseline 0 0"><span class='ocrx_word' id='word_1_322' title='bbox 486 2971 1700 2981; x_wconf 95' lang='lat' dir='ltr'><strong><em> </em></strong></span> 
     </span>
    </p>
   </div>
   <div class='ocr_carea' id='block_1_4' title="bbox 1860 2979 2440 2984">
    <p class='ocr_par' dir='ltr' id='par_1_9' title="bbox 1860 2979 2440 2984">
     <span class='ocr_line' id='line_1_33' title="bbox 1860 2979 2440 2984; baseline 0 0"><span class='ocrx_word' id='word_1_323' title='bbox 1860 2979 2440 2984; x_wconf 95' lang='lat' dir='ltr'><strong><em> </em></strong></span> 
     </span>
    </p>
   </div>
   <div class='ocr_carea' id='block_1_5' title="bbox 421 3056 2495 3747">
    <p class='ocr_par' dir='ltr' id='par_1_10' title="bbox 421 3056 2495 3747">
     <span class='ocr_line' id='line_1_34' title="bbox 562 3056 2352 3119; baseline 0.005 -20"><span class='ocrx_word' id='word_1_324' title='bbox 562 3061 580 3099; x_wconf 89' lang='grc'>1</span> <span class='ocrx_word' id='word_1_325' title='bbox 614 3056 833 3115; x_wconf 78' lang='grc' dir='ltr'><strong><em>εἰσορῶσι</em></strong></span> <span class='ocrx_word' id='word_1_326' title='bbox 863 3058 1130 3105; x_wconf 82' lang='lat' dir='ltr'>Herwerden</span> <span class='ocrx_word' id='word_1_327' title='bbox 1162 3061 1375 3106; x_wconf 83' lang='lat' dir='ltr'><strong>dubitans</strong></span> <span class='ocrx_word' id='word_1_328' title='bbox 1548 3065 1576 3106; x_wconf 88' lang='grc'>4</span> <span class='ocrx_word' id='word_1_329' title='bbox 1604 3059 1801 3109; x_wconf 81' lang='grc' dir='ltr'><strong><em>κάλλιον</em></strong></span> <span class='ocrx_word' id='word_1_330' title='bbox 1829 3061 2006 3119; x_wconf 73' lang='lat' dir='ltr'>Pflug1&lt;‚</span> <span class='ocrx_word' id='word_1_331' title='bbox 2038 3063 2191 3110; x_wconf 84' lang='grc' dir='ltr'><strong><em>καλὸν</em></strong></span> <span class='ocrx_word' id='word_1_332' title='bbox 2226 3064 2352 3110; x_wconf 88' lang='lat' dir='ltr'><strong><em>UBM</em></strong></span> 
     </span>
     <span class='ocr_line' id='line_1_35' title="bbox 426 3121 2381 3192; baseline 0.006 -24"><span class='ocrx_word' id='word_1_333' title='bbox 426 3127 475 3168; x_wconf 89' lang='grc'><strong><em>10</em></strong></span> <span class='ocrx_word' id='word_1_334' title='bbox 503 3121 532 3182; x_wconf 85' lang='grc' dir='ltr'><em>ἢ</em></span> <span class='ocrx_word' id='word_1_335' title='bbox 561 3127 608 3171; x_wconf 87' lang='grc' dir='ltr'><strong><em>τί</em></strong></span> <span class='ocrx_word' id='word_1_336' title='bbox 635 3131 694 3180; x_wconf 84' lang='grc' dir='ltr'><strong><em>(τι</em></strong></span> <span class='ocrx_word' id='word_1_337' title='bbox 724 3128 827 3182; x_wconf 91' lang='grc' dir='ltr'><strong><em>ΒΜ)</em></strong></span> <span class='ocrx_word' id='word_1_338' title='bbox 857 3124 923 3174; x_wconf 73' lang='grc' dir='ltr'><strong><em>ἔτι</em></strong></span> <span class='ocrx_word' id='word_1_339' title='bbox 953 3126 1136 3176; x_wconf 78' lang='grc' dir='ltr'><strong><em>τούτων</em></strong></span> <span class='ocrx_word' id='word_1_340' title='bbox 1174 3133 1469 3191; x_wconf 84' lang='grc' dir='ltr'><strong><em>γιγνομένων</em></strong></span> <span class='ocrx_word' id='word_1_341' title='bbox 1500 3133 1781 3192; x_wconf 83' lang='grc' dir='ltr'><strong><em>(γινομένων</em></strong></span> <span class='ocrx_word' id='word_1_342' title='bbox 1811 3133 1867 3189; x_wconf 89' lang='lat' dir='ltr'><strong><em>U)</em></strong></span> <span class='ocrx_word' id='word_1_343' title='bbox 1899 3134 2024 3188; x_wconf 85' lang='lat' dir='ltr'>libri,</span> <span class='ocrx_word' id='word_1_344' title='bbox 2070 3148 2187 3180; x_wconf 85' lang='lat' dir='ltr'><strong>corr.</strong></span> <span class='ocrx_word' id='word_1_345' title='bbox 2219 3135 2381 3192; x_wconf 88' lang='lat' dir='ltr'>Pflugk</span> 
     </span>
     <span class='ocr_line' id='line_1_36' title="bbox 425 3187 2495 3264; baseline 0.008 -27"><span class='ocrx_word' id='word_1_346' title='bbox 425 3198 471 3237; x_wconf 88' lang='lat'><strong><em>11</em></strong></span> <span class='ocrx_word' id='word_1_347' title='bbox 503 3191 533 3253; x_wconf 78' lang='grc' dir='ltr'><em>ἢ</em></span> <span class='ocrx_word' id='word_1_348' title='bbox 563 3187 725 3253; x_wconf 70' lang='grc' dir='ltr'><strong><em>ὥσπερ</em></strong></span> <span class='ocrx_word' id='word_1_349' title='bbox 752 3198 832 3242; x_wconf 88' lang='lat' dir='ltr'><strong><em>UT</em></strong></span> <span class='ocrx_word' id='word_1_350' title='bbox 862 3191 891 3257; x_wconf 78' lang='grc' dir='ltr'><em>ᾖ</em></span> <span class='ocrx_word' id='word_1_351' title='bbox 921 3191 1084 3261; x_wconf 70' lang='grc' dir='ltr'><strong><em>ὥσπερ</em></strong></span> <span class='ocrx_word' id='word_1_352' title='bbox 1113 3201 1150 3245; x_wconf 93' lang='grc' dir='ltr'><strong>Β</strong></span> <span class='ocrx_word' id='word_1_353' title='bbox 1325 3207 1375 3247; x_wconf 84' lang='grc'><strong><em>12</em></strong></span> <span class='ocrx_word' id='word_1_354' title='bbox 1407 3199 1702 3250; x_wconf 75' lang='grc' dir='ltr'><strong><em>ἀκούσεσθαι</em></strong></span> <span class='ocrx_word' id='word_1_355' title='bbox 1733 3205 1782 3249; x_wconf 91' lang='grc' dir='ltr'><strong>Μ</strong></span> <span class='ocrx_word' id='word_1_356' title='bbox 1925 3201 1987 3251; x_wconf 71' lang='grc' dir='ltr'><strong><em>ἄν</em></strong></span> <span class='ocrx_word' id='word_1_357' title='bbox 2026 3201 2077 3264; x_wconf 80' lang='grc' dir='ltr'><strong><em>δὴ</em></strong></span> <span class='ocrx_word' id='word_1_358' title='bbox 2110 3202 2416 3260; x_wconf 79' lang='grc' dir='ltr'><strong><em>δεξιώσονται</em></strong></span> <span class='ocrx_word' id='word_1_359' title='bbox 2446 3208 2495 3253; x_wconf 89' lang='grc' dir='ltr'>Μ</span> 
     </span>
     <span class='ocr_line' id='line_1_37' title="bbox 421 3258 2412 3335; baseline 0.007 -26"><span class='ocrx_word' id='word_1_360' title='bbox 421 3258 836 3319; x_wconf 78' lang='grc' dir='ltr'><strong><em>ἀντιδεξιώσωνται</em></strong></span> <span class='ocrx_word' id='word_1_361' title='bbox 863 3268 902 3313; x_wconf 89' lang='lat' dir='ltr'><strong>U</strong></span> <span class='ocrx_word' id='word_1_362' title='bbox 1017 3275 1067 3316; x_wconf 83' lang='lat'><strong><em>13</em></strong></span> <span class='ocrx_word' id='word_1_363' title='bbox 1099 3266 1317 3330; x_wconf 75' lang='grc' dir='ltr'><strong><em>ἀλλήλαις</em></strong></span> <span class='ocrx_word' id='word_1_364' title='bbox 1345 3274 1425 3319; x_wconf 90' lang='lat' dir='ltr'><strong><em>UT</em></strong></span> <span class='ocrx_word' id='word_1_365' title='bbox 1544 3278 1598 3319; x_wconf 87' lang='lat'><strong><em>14</em></strong></span> <span class='ocrx_word' id='word_1_366' title='bbox 1626 3268 1896 3335; x_wconf 77' lang='grc' dir='ltr'><strong><em>κτήσασθαι</em></strong></span> <span class='ocrx_word' id='word_1_367' title='bbox 1926 3276 1976 3320; x_wconf 88' lang='grc' dir='ltr'><strong>Μ</strong></span> <span class='ocrx_word' id='word_1_368' title='bbox 2066 3272 2332 3335; x_wconf 80' lang='grc' dir='ltr'><strong><em>χρήσεσθαι</em></strong></span> <span class='ocrx_word' id='word_1_369' title='bbox 2362 3278 2412 3322; x_wconf 89' lang='grc' dir='ltr'><strong>Μ</strong></span> 
     </span>
     <span class='ocr_line' id='line_1_38' title="bbox 424 3331 2494 3408; baseline 0.007 -26"><span class='ocrx_word' id='word_1_370' title='bbox 424 3338 474 3376; x_wconf 86' lang='grc'><strong><em>15</em></strong></span> <span class='ocrx_word' id='word_1_371' title='bbox 506 3331 692 3392; x_wconf 76' lang='grc' dir='ltr'><strong><em>ὤφελον</em></strong></span> <span class='ocrx_word' id='word_1_372' title='bbox 721 3337 756 3379; x_wconf 92' lang='grc' dir='ltr'>Β</span> <span class='ocrx_word' id='word_1_373' title='bbox 871 3335 959 3385; x_wconf 89' lang='grc' dir='ltr'><strong><em>τὸν</em></strong></span> <span class='ocrx_word' id='word_1_374' title='bbox 987 3353 1042 3385; x_wconf 83' lang='lat' dir='ltr'><strong><em>ex</em></strong></span> <span class='ocrx_word' id='word_1_375' title='bbox 1070 3346 1166 3388; x_wconf 80' lang='grc' dir='ltr'><strong><em>τῶν</em></strong></span> <span class='ocrx_word' id='word_1_376' title='bbox 1195 3343 1234 3389; x_wconf 91' lang='lat' dir='ltr'>U</span> <span class='ocrx_word' id='word_1_377' title='bbox 1264 3348 1362 3390; x_wconf 81' lang='grc' dir='ltr'><strong><em>τῶν</em></strong></span> <span class='ocrx_word' id='word_1_378' title='bbox 1392 3345 1481 3388; x_wconf 88' lang='grc' dir='ltr'><strong><em>ΒΜ</em></strong></span> <span class='ocrx_word' id='word_1_379' title='bbox 1632 3350 1682 3390; x_wconf 87' lang='grc'><strong><em>16</em></strong></span> <span class='ocrx_word' id='word_1_380' title='bbox 1713 3342 1906 3404; x_wconf 74' lang='grc' dir='ltr'><strong><em>ὤφελον</em></strong></span> <span class='ocrx_word' id='word_1_381' title='bbox 1936 3347 2015 3393; x_wconf 91' lang='lat' dir='ltr'><strong><em>BU</em></strong></span> <span class='ocrx_word' id='word_1_382' title='bbox 2133 3346 2494 3408; x_wconf 84' lang='grc' dir='ltr'><strong><em>οἰκοδομήματα</em></strong></span> 
     </span>
     <span class='ocr_line' id='line_1_39' title="bbox 423 3404 2494 3476; baseline 0.01 -31"><span class='ocrx_word' id='word_1_383' title='bbox 423 3404 604 3448; x_wconf 82' lang='lat' dir='ltr'><strong>seclusit</strong></span> <span class='ocrx_word' id='word_1_384' title='bbox 632 3405 760 3462; x_wconf 87' lang='lat' dir='ltr'><strong>Emp.</strong></span> <span class='ocrx_word' id='word_1_385' title='bbox 904 3414 952 3453; x_wconf 80' lang='lat'><strong><em>17</em></strong></span> <span class='ocrx_word' id='word_1_386' title='bbox 985 3406 1244 3460; x_wconf 79' lang='grc' dir='ltr'><strong><em>ἀπόλλυται</em></strong></span> <span class='ocrx_word' id='word_1_387' title='bbox 1274 3415 1404 3460; x_wconf 89' lang='grc' dir='ltr'><strong><em>ΒΜΤ</em></strong></span> <span class='ocrx_word' id='word_1_388' title='bbox 1539 3421 1589 3462; x_wconf 90' lang='grc'><strong><em>18</em></strong></span> <span class='ocrx_word' id='word_1_389' title='bbox 1621 3418 1837 3463; x_wconf 83' lang='lat' dir='ltr'><strong>fortasse:</strong></span> <span class='ocrx_word' id='word_1_390' title='bbox 1869 3420 2015 3465; x_wconf 85' lang='grc' dir='ltr'><strong><em>ποίαν</em></strong></span> <span class='ocrx_word' id='word_1_391' title='bbox 2043 3419 2342 3476; x_wconf 85' lang='grc' dir='ltr'><strong><em>(φέροντος)</em></strong></span> <span class='ocrx_word' id='word_1_392' title='bbox 2370 3414 2494 3476; x_wconf 80' lang='grc' dir='ltr'><strong><em>ω’φὲ·</em></strong></span> 
     </span>
     <span class='ocr_line' id='line_1_40' title="bbox 423 3469 2350 3547; baseline 0.005 -24"><span class='ocrx_word' id='word_1_393' title='bbox 423 3472 551 3515; x_wconf 68' lang='grc' dir='ltr'><strong><em>λείαν</em></strong></span> <span class='ocrx_word' id='word_1_394' title='bbox 690 3469 896 3531; x_wconf 66' lang='grc' dir='ltr'><strong><em>ὠφελίαν</em></strong></span> <span class='ocrx_word' id='word_1_395' title='bbox 924 3476 973 3520; x_wconf 88' lang='grc' dir='ltr'><strong>Μ</strong></span> <span class='ocrx_word' id='word_1_396' title='bbox 1122 3483 1266 3527; x_wconf 84' lang='grc' dir='ltr'><strong><em>ποίαν</em></strong></span> <span class='ocrx_word' id='word_1_397' title='bbox 1295 3496 1375 3538; x_wconf 85' lang='lat' dir='ltr'><strong><em>pro</em></strong></span> <span class='ocrx_word' id='word_1_398' title='bbox 1406 3485 1514 3530; x_wconf 86' lang='grc' dir='ltr'><strong><em>τίνα</em></strong></span> <span class='ocrx_word' id='word_1_399' title='bbox 1546 3484 1667 3530; x_wconf 91' lang='lat' dir='ltr'><strong><em>UBT</em></strong></span> <span class='ocrx_word' id='word_1_400' title='bbox 1846 3490 1896 3530; x_wconf 83' lang='lat'><strong><em>19</em></strong></span> <span class='ocrx_word' id='word_1_401' title='bbox 1928 3481 2171 3544; x_wconf 78' lang='grc' dir='ltr'><strong><em>λυσιτελὴς</em></strong></span> <span class='ocrx_word' id='word_1_402' title='bbox 2201 3485 2270 3547; x_wconf 78' lang='grc' dir='ltr'><strong><em>εἴη</em></strong></span> <span class='ocrx_word' id='word_1_403' title='bbox 2299 3488 2350 3532; x_wconf 96' lang='grc' dir='ltr'><strong>Μ</strong></span> 
     </span>
     <span class='ocr_line' id='line_1_41' title="bbox 423 3536 2492 3614; baseline 0.011 -32"><span class='ocrx_word' id='word_1_404' title='bbox 423 3543 470 3582; x_wconf 83' lang='grc'><strong><em>21</em></strong></span> <span class='ocrx_word' id='word_1_405' title='bbox 505 3536 562 3587; x_wconf 83' lang='grc' dir='ltr'><strong><em>τὰ</em></strong></span> <span class='ocrx_word' id='word_1_406' title='bbox 592 3547 695 3587; x_wconf 80' lang='lat' dir='ltr'><strong>ante</strong></span> <span class='ocrx_word' id='word_1_407' title='bbox 724 3540 794 3592; x_wconf 79' lang='grc' dir='ltr'><strong><em>διὰ</em></strong></span> <span class='ocrx_word' id='word_1_408' title='bbox 825 3559 911 3590; x_wconf 90' lang='lat' dir='ltr'><strong><em>om.</em></strong></span> <span class='ocrx_word' id='word_1_409' title='bbox 943 3548 991 3591; x_wconf 89' lang='lat' dir='ltr'>M</span> <span class='ocrx_word' id='word_1_410' title='bbox 1077 3554 1128 3595; x_wconf 85' lang='lat'><strong><em>22</em></strong></span> <span class='ocrx_word' id='word_1_411' title='bbox 1158 3552 1285 3608; x_wconf 84' lang='grc' dir='ltr'><strong><em>μένει</em></strong></span> <span class='ocrx_word' id='word_1_412' title='bbox 1318 3554 1366 3596; x_wconf 84' lang='grc' dir='ltr'><strong>Μ</strong></span> <span class='ocrx_word' id='word_1_413' title='bbox 1453 3559 1506 3600; x_wconf 83' lang='grc'><strong><em>23</em></strong></span> <span class='ocrx_word' id='word_1_414' title='bbox 1540 3552 1664 3602; x_wconf 80' lang='grc' dir='ltr'><strong><em>οἷ’κοι</em></strong></span> <span class='ocrx_word' id='word_1_415' title='bbox 1694 3570 1776 3614; x_wconf 82' lang='lat' dir='ltr'><strong><em>pro</em></strong></span> <span class='ocrx_word' id='word_1_416' title='bbox 1799 3555 1845 3603; x_wconf 75' lang='grc' dir='ltr'><strong><em>οἱ</em></strong></span> <span class='ocrx_word' id='word_1_417' title='bbox 1872 3559 1953 3603; x_wconf 86' lang='grc' dir='ltr'><strong><em>καὶ</em></strong></span> <span class='ocrx_word' id='word_1_418' title='bbox 1983 3556 2033 3599; x_wconf 89' lang='grc' dir='ltr'><strong>Μ</strong></span> <span class='ocrx_word' id='word_1_419' title='bbox 2120 3560 2174 3602; x_wconf 83' lang='grc'><strong><em>25</em></strong></span> <span class='ocrx_word' id='word_1_420' title='bbox 2206 3553 2343 3605; x_wconf 80' lang='grc' dir='ltr'><strong><em>αὐτοὶ</em></strong></span> <span class='ocrx_word' id='word_1_421' title='bbox 2371 3560 2492 3614; x_wconf 87' lang='lat' dir='ltr'>libri,</span> 
     </span>
     <span class='ocr_line' id='line_1_42' title="bbox 422 3611 2380 3684; baseline 0.009 -31"><span class='ocrx_word' id='word_1_422' title='bbox 422 3622 534 3655; x_wconf 86' lang='lat' dir='ltr'>corr.</span> <span class='ocrx_word' id='word_1_423' title='bbox 566 3611 696 3669; x_wconf 85' lang='lat' dir='ltr'><strong>Emp.</strong></span> <span class='ocrx_word' id='word_1_424' title='bbox 854 3621 903 3661; x_wconf 79' lang='lat'><strong><em>27</em></strong></span> <span class='ocrx_word' id='word_1_425' title='bbox 938 3617 1054 3677; x_wconf 84' lang='grc' dir='ltr'><strong><em>αὐτῆ</em></strong></span> <span class='ocrx_word' id='word_1_426' title='bbox 1080 3624 1178 3677; x_wconf 86' lang='lat' dir='ltr'>(pro</span> <span class='ocrx_word' id='word_1_427' title='bbox 1210 3617 1366 3679; x_wconf 70' lang='grc' dir='ltr'><strong><em>αὐτὴν)</em></strong></span> <span class='ocrx_word' id='word_1_428' title='bbox 1397 3625 1435 3669; x_wconf 89' lang='grc' dir='ltr'>Τ</span> <span class='ocrx_word' id='word_1_429' title='bbox 1608 3631 1662 3671; x_wconf 84' lang='grc'><strong><em>29</em></strong></span> <span class='ocrx_word' id='word_1_430' title='bbox 1691 3635 1852 3684; x_wconf 83' lang='grc' dir='ltr'><strong><em>μενεῖν</em></strong></span> <span class='ocrx_word' id='word_1_431' title='bbox 1881 3627 2058 3683; x_wconf 77' lang='lat' dir='ltr'><strong>scripsi,</strong></span> <span class='ocrx_word' id='word_1_432' title='bbox 2092 3625 2248 3673; x_wconf 82' lang='grc' dir='ltr'><strong><em>ιιὲνειν</em></strong></span> <span class='ocrx_word' id='word_1_433' title='bbox 2275 3626 2380 3671; x_wconf 86' lang='lat' dir='ltr'>libri</span> 
     </span>
     <span class='ocr_line' id='line_1_43' title="bbox 422 3681 2490 3747; baseline 0.009 -23"><span class='ocrx_word' id='word_1_434' title='bbox 422 3683 507 3726; x_wconf 86' lang='grc' dir='ltr'><strong><em>τοῦ</em></strong></span> <span class='ocrx_word' id='word_1_435' title='bbox 535 3681 583 3724; x_wconf 92' lang='grc' dir='ltr'><strong>Μ</strong></span> <span class='ocrx_word' id='word_1_436' title='bbox 696 3687 746 3729; x_wconf 90' lang='grc'><strong><em>30</em></strong></span> <span class='ocrx_word' id='word_1_437' title='bbox 777 3691 1134 3747; x_wconf 80' lang='grc' dir='ltr'><strong><em>παραδεχθέντα</em></strong></span> <span class='ocrx_word' id='word_1_438' title='bbox 1167 3692 1286 3738; x_wconf 88' lang='lat' dir='ltr'><strong><em>UBT</em></strong></span> <span class='ocrx_word' id='word_1_439' title='bbox 1404 3692 1584 3743; x_wconf 84' lang='grc' dir='ltr'><strong><em>σύνοισι</em></strong></span> <span class='ocrx_word' id='word_1_440' title='bbox 1613 3697 1663 3742; x_wconf 93' lang='grc' dir='ltr'><strong>Μ</strong></span> <span class='ocrx_word' id='word_1_441' title='bbox 1694 3699 1932 3745; x_wconf 85' lang='grc' dir='ltr'><strong><em>συνοίσειν</em></strong></span> <span class='ocrx_word' id='word_1_442' title='bbox 1962 3698 1999 3742; x_wconf 90' lang='grc' dir='ltr'><strong>Τ</strong></span> <span class='ocrx_word' id='word_1_443' title='bbox 2118 3701 2167 3743; x_wconf 88' lang='grc'><strong><em>31</em></strong></span> <span class='ocrx_word' id='word_1_444' title='bbox 2202 3700 2351 3743; x_wconf 84' lang='grc' dir='ltr'><strong><em>ταῦτα</em></strong></span> <span class='ocrx_word' id='word_1_445' title='bbox 2382 3698 2490 3743; x_wconf 87' lang='lat' dir='ltr'><strong>Wil.</strong></span> 
     </span>
    </p>
   </div>
  </div>
 </body>
</html>
