2684 4140
1057 283 1284 330 ORATIO
1314 283 1520 330 LXXVI.
2224 284 2326 331 205

1196 669 1363 676 ,—

8 547 221 638 fruman)
863 527 986 591 (59)
1039 522 1292 591 ΠΕΡΙ
1340 523 1700 592 ΕΘΟΥΣ.

365 758 519 818 Ἔστι
557 764 616 819 δὲ
655 768 718 817 τὸ
758 767 898 828 ἔθος
934 768 1120 837 γνώμη
1159 769 1260 832 μὲν
1307 773 1419 818 τῶν
1464 772 1767 837 χρωμένων
1813 771 1998 840 κοινή,
2050 772 2222 836 νόμος
2261 767 2320 821 δὲ
2365 763 2388 812 1

233 852 489 921 ἄγραφος
526 851 732 912 ἔθνους
767 851 799 920 ἢ
829 848 1066 915 πόλεως,
1108 849 1324 903 δίκαιον
1352 850 1410 903 δὲ
1450 854 1721 916 ἑκούσιον,
1758 855 1898 904 κατὰ
1938 847 2112 905 ταύτὰ
2151 860 2327 906 πᾶσιν

236 936 498 1005 ἀρέσκον,
551 937 761 1006 εὕρημα
811 933 870 987 δὲ
920 937 1247 1006 ἀνθρώπων
1297 930 1553 1001 οὐδενός,
1604 935 1744 988 ἀλλὰ
1794 939 1921 1005 βίου
1968 941 2063 991 καὶ
2104 943 2326 1009 χρόνου.

236 1025 346 1071 τῶν
381 1022 484 1086 μὲν
523 1020 618 1071 οὖν
657 1017 842 1072 ἄλλων
892 1023 1078 1086 νόμων
1129 1024 1363 1084 ἕκαστος
1412 1020 1570 1085 ἅπαξ
1615 1020 1989 1089 δοκιμασθεὶς
2027 1022 2191 1092 ἔλαβε
2229 1027 2329 1095 τὴν

180 1126 205 1165 5
242 1107 423 1169 ἰσχύν·
462 1107 526 1157 τὸ
567 1103 625 1156 δὲ
664 1106 804 1167 ἔθος
841 1106 930 1157 ἀεὶ
967 1101 1341 1171 δοκιμάζεται.
1414 1109 1508 1158 καὶ
1544 1109 1716 1172 νόμος
1752 1110 1853 1173 μὲν
1893 1102 2078 1170 οὐδεὶς
2115 1108 2330 1179 ῥᾳδίως

235 1191 348 1240 ὑπὸ
376 1192 605 1243 πάντων
630 1191 1055 1259 ἐγκριθήσεται·
1094 1194 1220 1252 ταῖς
1243 1191 1346 1259 γὰρ
1372 1197 1484 1242 τῶν
1511 1189 1790 1243 πλειόνων
1818 1190 2013 1255 δόξαις
2035 1201 2328 1262 κυροῦται·

235 1274 375 1335 ἔθος
418 1272 477 1325 δὲ
518 1267 616 1325 οὐκ
652 1276 778 1344 ἐνῆν
814 1274 1086 1341 γενέσθαι
1119 1276 1193 1344 μὴ
1235 1272 1593 1344 προσδεχθὲν
1630 1276 1743 1326 ὑπὸ
1771 1278 2018 1328 πάντων.
2080 1278 2333 1339 κάκεῖνος

234 1356 485 1410 ἀπειλῶν
531 1359 625 1409 καὶ
659 1354 992 1425 βιαζόμενος
1027 1361 1183 1423 μένει
1218 1360 1435 1432 κύριος,
1485 1361 1598 1410 ὑπὸ
1653 1357 1711 1411 δὲ
1767 1366 1879 1412 τῶν
1930 1362 2084 1412 ἐθῶν
2124 1362 2331 1412 πειθό-

233 1459 394 1507 μενοι
428 1443 522 1494 καὶ
557 1439 698 1493 καλὰ
734 1443 828 1493 καὶ
867 1446 1224 1513 συμφέροντα
1261 1445 1520 1513 κρίνομεν
1560 1436 1718 1497 αὐτά.
1785 1443 1876 1497 διό
1912 1463 2014 1513 μοι
2055 1444 2215 1498 δοκεῖ
2243 1465 2331 1508 τις
2371 1441 2403 1491 2

157 1533 203 1576 10
240 1528 308 1578 ἂν
349 1528 728 1596 προσεικάσαι
775 1528 872 1577 τὸν
921 1528 1023 1592 μὲν
1061 1528 1341 1598 ἔγγραφον
1389 1531 1560 1595 νόμον
1607 1537 1678 1601 τῇ
1725 1529 1956 1598 δυνάμει
1994 1539 2092 1603 τῆς
2140 1549 2335 1601 τυραν-

234 1608 415 1672 νίδος“
467 1611 626 1681 φόβῳ
666 1611 769 1680 γὰρ
821 1614 1054 1663 ἕκαστον
1101 1614 1195 1665 καὶ
1231 1614 1373 1680 μετὰ
1414 1617 1854 1683 προστάγματος
1894 1614 2333 1687 διαπράττεται·

169 1716 173 1717 ’
232 1697 296 1746 τὸ
337 1693 396 1746 δὲ
435 1696 576 1758 ἔθος
612 1694 822 1762 μᾶλλον
866 1704 935 1767 τῇ
986 1695 1404 1768 φιλανθρωπίᾳ
1453 1707 1552 1771 τῆς
1602 1699 1912 1767 βασιλείας.
1999 1700 2335 1769 βουλόμενοι

231 1780 335 1848 γὰρ
376 1775 527 1848 αὐτῷ
568 1783 778 1844 πάντες
812 1784 907 1835 καὶ
946 1780 1071 1848 δίχα
1100 1785 1340 1854 ἀνάγκης
1365 1787 1618 1836 ἕπονται.
1682 1787 1777 1837 καὶ
1802 1789 2008 1852 νόμους
2031 1789 2134 1854 μὲν
2175 1786 2336 1854 ἴσμεν

234 1863 481 1927 πολλοὺς
519 1868 897 1936 ἀνῃρημένους
934 1869 1046 1918 ὑπὸ
1086 1875 1197 1921 τῶν
1223 1870 1443 1920 θέντων
1482 1863 1700 1934 αὐτούς,
1741 1873 1819 1932 ὡς
1845 1874 2156 1942 πονηρούς·
2195 1872 2337 1933 ἔθος

158 1957 205 1999 15
244 1948 302 2001 δὲ
344 1944 440 2002 οὐκ
489 1953 557 2002 ἂν
608 1943 791 2014 οὐδεὶς
836 1951 1050 2024 ῥᾳδίως
1102 1951 1302 2017 δείξειε
1353 1952 1663 2021 λελυμένον.
1748 1957 1842 2007 καὶ
1890 1953 1998 2027 μὴν
2047 1955 2125 2024 τῴ
2166 1958 2340 2007 παντὶ

236 2035 376 2106 ῥᾷόν
413 2039 567 2088 ἐστιν
606 2035 821 2089 ἀνελεῖν
859 2041 966 2102 ὅ,τι
1011 2037 1205 2106 βούλει
1253 2045 1364 2090 τῶν
1412 2042 1706 2111 ἐγγράφων
1754 2041 1786 2111 ἢ
1851 2047 1962 2092 τῶν
2011 2042 2182 2092 ἐθῶν.
2267 2042 2336 2091 τὰ

235 2123 336 2187 μὲν
373 2122 476 2191 γάρ
515 2123 583 2172 ἂν
620 2119 951 2192 ἀπαλείψῃς
1000 2121 1182 2188 ἅπαξ,
1232 2128 1409 2194 ἡμέρᾳ
1456 2124 1562 2193 μιᾷ
1614 2123 1867 2177 λέλυται·
1923 2127 2231 2196 συνήθειαν
2274 2124 2333 2177 δὲ
2376 2123 2406 2173 3

238 2204 460 2268 πόλεως
499 2199 597 2258 οὐκ
634 2208 788 2258 ἔστιν
827 2209 884 2258 ἐν
923 2210 1072 2259 πάνυ
1111 2206 1310 2276 πολλῷ
1345 2207 1659 2261 καταλῦσαι
1691 2213 1892 2279 χρόνῳ.
1955 2213 2203 2262 κάκεῖνοι
2239 2213 2340 2277 μὲν

237 2293 295 2343 ἔν
335 2293 557 2344 σανίσιν
593 2294 625 2363 ἢ
669 2291 901 2364 στήλαις
940 2290 1347 2363 φυλάττονται·
1396 2301 1507 2346 τῶν
1559 2293 1618 2346 δὲ
1667 2298 1900 2347 ἕκαστον
1939 2298 1997 2347 ἐν
2048 2299 2174 2357 ταῖς
2210 2300 2342 2365 ἠμε-

158 2383 207 2425 20
242 2379 433 2447 τέραις
469 2382 696 2445 ψυχαῖς.
774 2376 1172 2449 ἀσφαλεστέρα
1214 2377 1273 2431 δὲ
1311 2381 1405 2431 καὶ
1441 2381 1707 2450 κρείττων
1758 2385 1789 2451 ἠ
1831 2384 2062 2452 τοιαύτη
2106 2379 2340 2452 φυλακή.

238 2463 333 2513 καὶ
367 2459 476 2532 μὴν
514 2464 546 2513 ὁ
579 2465 682 2529 μὲν
720 2464 1000 2535 ἔγγραφος
1037 2467 1210 2531 νόμος
1249 2458 1527 2536 αὐστηρός
1565 2467 1689 2517 ἐστι
1723 2468 1818 2517 καὶ
1872 2468 2116 2537 ἀπηνής,
2168 2467 2343 2527 ἔθους

240 2543 299 2596 δὲ
341 2540 502 2598 οὐδὲν
540 2545 717 2617 ἥδιον.
793 2549 995 2599 ἔπειτα
1047 2551 1179 2611 τοὺς
1227 2553 1432 2616 νόμους
1482 2544 1623 2619 παρ’
1668 2548 1852 2602 ἄλλων
1902 2552 2340 2616 πυνθανόμεθα,

72 2638 152 2679 (649
166 2637 218 2680 Μ)
242 2633 311 2682 τά
351 2630 410 2683 δὲ
449 2633 558 2703 ἔθη
600 2635 809 2695 πάντες
835 2636 1218 2701 ἐπιστάμεθα.
1280 2637 1547 2687 κάκείνων
1573 2639 1674 2702 μέν
1702 2637 1847 2687 εἰσιν
1875 2629 1939 2687 οὗ
1969 2642 2169 2707 σαφῶς
2196 2637 2339 2687 ἔνιοι
2376 2636 2410 2685 4

241 2722 612 2788 γεγραμμένοι
636 2720 730 2770 καὶ
756 2717 1200 2791 διαστρέφονται
1226 2719 1501 2783 πολλάκις
1520 2722 1633 2772 ὑπὸ
1656 2728 1754 2792 τῆς
1775 2727 1886 2772 τῶν
1906 2723 2159 2791 ῥητόρων
2183 2719 2344 2772 δυνά-

388 2903 407 2943 1
444 2896 476 2946 δ’
505 2912 587 2956 pro
619 2896 677 2947 τὸ
708 2900 759 2945 Μ
906 2903 1004 2948 τῶν
1030 2898 1228 2961 χρόνων
1256 2902 1292 2945 Ρ
1322 2904 1450 2957 (mrg.
1481 2918 1555 2960 γρ.
1583 2900 1861 2960 χρωμένων)
1893 2904 1964 2947 τῶ
1990 2899 2156 2961 χρόνω
2186 2901 2231 2946 Η

245 2973 270 3013 2
300 2973 382 3016 καὶ
410 2973 517 3016 ante
546 2972 730 3018 δίκαιον
758 2971 861 3017 add.
891 2985 950 3016 m.
982 2985 1074 3018 sec.
1103 2972 1140 3016 P
1283 2974 1364 3017 καὶ
1392 2964 1542 3018 ταύτὰ
1573 2972 1610 3014 Β
1638 2973 1720 3016 καὶ
1749 2973 1898 3017 ταῦτα
1927 2970 1971 3015 U
1999 2985 2057 3017 m.
2088 2986 2155 3029 pr.
2188 2973 2238 3017 M
2265 2978 2348 3021 καὶ

243 3037 366 3088 κατὰ
399 3037 548 3088 ταύτὰ
579 3041 676 3096 PH,
707 3055 823 3087 corr.
854 3043 990 3088 Dind.
1110 3047 1134 3087 3
1165 3034 1342 3102 εῧρεμα
1374 3042 1491 3095 libri,
1522 3055 1637 3086 corr.
1667 3042 1802 3086 Dind.
1901 3046 1929 3086 4
1960 3038 2112 3100 νόμος
2142 3041 2345 3099 ἑκάστος

243 3111 294 3156 Μ
324 3112 476 3168 νόμος
505 3109 711 3159 ἓκάστωι
745 3112 788 3157 U
817 3126 876 3156 m.
906 3126 976 3168 pr.
1006 3114 1046 3158 B
1163 3118 1187 3156 5
1219 3108 1334 3166 ἔθος
1363 3107 1438 3160 ἀεὶ
1468 3112 1772 3168 δοκιμάζεται
1791 3111 1872 3156 ΡΗ
1903 3108 2020 3168 ἔθος
2049 3110 2346 3173 ἀποδοκιμά-

245 3184 378 3238 ζεται
408 3182 450 3227 U
478 3185 523 3237 (a
553 3195 669 3228 corr.
701 3178 822 3229 ἀπο·
853 3182 1072 3238 deletum,
1111 3177 1187 3230 ἀεὶ
1226 3183 1447 3238 additum)
1478 3183 1529 3227 M
1558 3179 1679 3237 ἔθος
1707 3178 1825 3230 αὐτὸ
1857 3183 2162 3241 δοκιμάζεται
2192 3187 2232 3231 Β

247 3251 422 3316 ῥᾳδίως
451 3255 507 3307 (ω
538 3265 567 3298 a
597 3257 731 3307 corr.)
760 3252 802 3298 U
947 3257 972 3296 6
1001 3250 1338 3312 ἐγκριθήσεται
1366 3254 1540 3310 scripsi,
1569 3251 1848 3313 κριθήσεται
1877 3255 1983 3300 libri
2123 3259 2347 3305 πλεόνων

248 3322 380 3368 ΠΒΜ
468 3327 490 3366 7
522 3318 676 3370 ἔνεστι
694 3323 778 3368 PH
865 3326 889 3367 8
920 3317 1114 3382 άπηλῶν
1134 3324 1170 3368 P
1262 3328 1312 3367 10
1338 3319 1582 3384 ἔγγραφον
1603 3326 1865 3382 compendio
1885 3325 1931 3369 H
2016 3325 2107 3374 τὸν
2133 3329 2222 3385 μὲν
2251 3327 2346 3389 γὰρ

247 3390 473 3453 ἄγραφον
502 3395 545 3441 U
574 3409 633 3441 m.
664 3409 731 3453 pr.
882 3399 929 3440 11
963 3392 1167 3449 ἕκαστος
1196 3395 1246 3439 Μ
1395 3399 1446 3440 13
1478 3389 1595 3442 αὐτὸ
1626 3395 1730 3443 libri
1758 3401 1940 3453 praeter
1966 3397 2018 3441 M
2146 3396 2346 3447 ἕπωνται

250 3465 443 3520 Geelius‚
475 3465 663 3514 οἴονται
690 3467 794 3511 libri
913 3471 963 3511 15
994 3468 1187 3521 δείξειεν
1216 3466 1258 3512 U
1278 3479 1334 3511 m.
1356 3479 1424 3523 pr.
1458 3468 1597 3522 δείξει
1618 3466 1668 3510 Μ
1787 3471 1839 3513 16
1870 3465 2040 3533 ῥᾴδιόν
2067 3467 2198 3516 ἐστιν
2227 3470 2347 3527 libri,

251 3549 367 3581 corr.
400 3536 508 3581 editi
628 3542 674 3581 17
708 3531 980 3597 ἀπολείψῃς
1008 3538 1073 3591 Μ,
1100 3538 1207 3582 item
1238 3538 1547 3594 superscripto
1578 3555 1609 3584 α
1637 3537 1683 3583 Η
1776 3530 1909 3594 ἅπαξ
1933 3543 2039 3597 post
2065 3543 2153 3605 μιᾷ
2181 3541 2263 3584 ΡΗ

255 3610 305 3652 18
335 3604 464 3654 ἔστιν
494 3608 539 3655 εἰ
564 3604 628 3667 μὴ
659 3607 713 3655 ἐν
743 3608 823 3655 UB
852 3609 916 3664 (in
944 3608 994 3653 M
1023 3608 1070 3655 εἰ
1094 3604 1158 3667 μὴ
1187 3621 1217 3653 a
1246 3621 1364 3654 corr.
1395 3608 1518 3664 add.)
1631 3607 1808 3657 ἐκεῖνοι
1836 3611 1925 3667 μὲν
1954 3611 1993 3654 Β
2116 3615 2171 3655 20
2196 3619 2350 3672 κρεῖτ-

251 3693 339 3724 τον
369 3678 408 3725 U
435 3692 495 3724 m.
524 3693 594 3736 pr.
768 3673 1104 3739 ἀσφαλέστερα
1145 3683 1192 3724 et
1229 3686 1478 3739 κρεῖττωεε
1519 3682 1576 3734 (c.
1621 3683 1730 3735 rae.)
1770 3681 1807 3726 P
1981 3685 2034 3726 22
2064 3682 2153 3740 μὲν
2182 3695 2266 3739 pro
2300 3683 2351 3730 δὲ

250 3747 287 3792 P
314 3762 374 3795 m.
403 3763 474 3807 pr.
591 3768 619 3797 ν
647 3751 695 3798 in
727 3744 864 3799 οὐδὲν
892 3763 921 3796 a
950 3764 1011 3796 m.
1043 3763 1133 3797 sec.
1162 3750 1199 3795 P
