2684 4140
1075 269 1304 315 ORATIO
1334 269 1500 315 LVIII.
2226 267 2327 314 129

238 407 548 484 Ἀκαδημίᾳ
598 411 771 465 πάλιν
820 415 902 475 εἰς
938 416 1002 464 τὸ
1052 416 1299 465 Λύκειον
1351 410 1539 463 ἐλθὼν
1579 406 1678 464 οὐκ
1727 415 1890 465 ὤκνει
1940 410 2327 481 διαλέγεσθαι,

240 499 334 548 καὶ
370 505 638 559 τοσοῦτος
685 496 788 567 ἤδη
824 501 1023 567 χρόνος
1060 499 1211 548 ἐστὶν
1250 495 1310 560 ἐξ
1359 495 1428 547 οὗ
1470 497 1571 558 τὰς
1621 491 1794 559 αὐτὰς
1834 495 2163 548 διδάσκουσι
2199 516 2328 567 τρα-

240 579 449 648 γῳδίας
494 584 587 633 καὶ
622 580 943 648 κωμῳδίας·
993 586 1154 651 ἡμεῖς
1204 580 1262 632 δὲ
1311 583 1529 632 ἄτοπον
1578 579 1812 648 δόξομεν
1862 586 2076 644 ποιεῖν,
2129 580 2325 653 ἐπειδὴ

241 663 523 731 βούλεσθε
561 666 886 733 ἀκροᾶσθαι
926 663 1102 733 λόγων
1140 672 1324 728 τινῶν,
1363 668 1494 727 τοὺς
1531 667 1813 735 ῥηθέντας
1850 668 1995 733 πρὸς
2031 668 2127 717 τὸν
2167 659 2328 717 αὖτο-

183 758 208 798 5
241 751 484 818 κράτορα
524 756 617 800 νῦν
656 747 1115 817 ἀπαγγέλλοντες,
1155 752 1232 812 ὡς
1260 744 1323 801 οὗ
1353 748 1624 820 διαφέρον
1651 747 1861 801 εἰδέναι
1899 748 2141 820 πότερον
2180 753 2327 821 ὠφέ-

238 832 394 900 λιμοι
430 835 524 885 καὶ
554 835 824 904 χρήσιμοι
860 837 954 886 καὶ
998 837 1127 900 ὑμῖν
1178 837 1271 885 καὶ
1319 839 1441 896 τοῖς
1492 832 1688 896 ἄλλοις
1736 835 2073 903 ἀνθρώποις
2111 836 2327 886 ἅπασιν

236 920 440 969 ἐκεῖνοι
475 920 507 988 ἢ
551 916 759 988 φαῦλοι
794 921 887 970 καὶ
925 917 1251 989 ἀνωφελεῖς.
1339 919 1403 970 εὖ
1443 919 1546 987 γὰρ
1588 917 1708 969 ἴστε
1747 921 1835 969 ὅτι
1870 923 1992 980 τοῖς
2027 921 2128 984 μὲν
2167 917 2322 970 ἰδιώ-
2350 931 2411 982 12

236 1021 363 1064 ταις
402 1005 458 1053 οἱ
497 1001 783 1070 λεγόμενοι
812 1002 968 1071 λόγοι
996 1007 1140 1074 πρὸς
1168 997 1371 1064 αὐτούς
1407 1004 1653 1063 ἐκείνους
1691 1004 1940 1054 τείνουσι
1975 1005 2069 1054 καὶ
2107 1001 2327 1071 ὀλίγους

237 1094 347 1139 τῶν
386 1086 595 1139 ἄλλων·
647 1090 702 1138 οἱ
751 1086 809 1139 δὲ
860 1091 1005 1156 πρὸς
1056 1091 1186 1150 τοὺς
1233 1085 1503 1155 βασιλέας
1550 1090 1676 1147 ταῖς
1726 1085 2027 1156 δημοσίαις
2076 1089 2326 1138 ἐοίκασιν

152 1181 196 1220 10
237 1166 422 1237 εὐχαῖς
470 1174 500 1242 ἢ
552 1176 838 1240 κατάραις.
933 1174 1071 1224 ὅθεν
1121 1174 1226 1240 ἐγὼ
1287 1174 1383 1222 τὸν
1431 1172 1659 1240 Πέρσην
1709 1171 1834 1221 οὔτε
1894 1169 2068 1221 τᾶλλα
2118 1168 2324 1237 νομίζει)

241 1260 515 1327 φρόνιμον
554 1258 678 1307 οὔτε
717 1260 804 1308 ὅτι
842 1259 973 1318 τούς
1009 1253 1276 1321 τυχόντας
1314 1256 1661 1324 ἀνθρώπους
1699 1262 1956 1324 πανταχῇ
1996 1253 2325 1321 διέπεμπεν,

238 1326 351 1392 ὦτα
388 1339 667 1408 βασιλέως
703 1339 1091 1406 καλουμένους,
1129 1342 1223 1391 καὶ
1260 1342 1446 1391 πάντα
1486 1341 1721 1400 ἐκείνοις
1759 1341 1981 1390 ἀκούειν
2031 1340 2326 1409 ἐπέτρεπε,

238 1424 364 1477 δέον
405 1423 797 1496 φυλάττεσθαι
834 1427 902 1476 τὰ
940 1423 1222 1493 βασιλέως
1262 1424 1378 1475 ὦτα
1407 1422 1552 1475 πολὺ
1580 1421 1789 1490 μᾶλλον
1827 1431 1925 1495 τῆς
1947 1431 2157 1495 χρυσῆς
2183 1421 2327 1474 πλα-

235 1513 419 1573 τάνου,
459 1512 532 1580 μή
573 1528 629 1561 τι
670 1508 929 1580 δυσχερὲς
967 1512 1175 1580 ἀκούσῃ
1213 1512 1307 1561 καὶ
1343 1508 1635 1579 βλαβερόν.

21 1951 211 1995 :aonam
908 1931 1028 1997 (41)
1073 1929 1644 1996 ΑΧΙΛΛΕΥΣ.

1187 2074 1344 2083 -—-⁴

155 2174 201 2216 15
373 2164 432 2221 Ὁ
452 2165 732 2235 Ἀχιλλεὺς
757 2174 853 2223 τὸν
872 2173 1136 2242 Χείρωνα
1162 2174 1343 2242 ἤρετο,
1377 2175 1448 2224 Τί
1471 2166 1548 2239 μ’,
1578 2174 1704 2243 ἔφη,
1732 2169 1978 2234 τοξεύειν
2005 2170 2320 2235 διδάσκεις,·
2364 2176 2380 2223 1

59 2261 139 2303 (573
159 2249 361 2318 ΜΫΌτι,
401 2256 528 2325 ἔφη,
566 2258 660 2307 καὶ
696 2263 862 2307 τοῦτο
889 2263 1000 2308 τῶν
1026 2254 1348 2323 πολεμικῶν
1386 2260 1556 2309 ἐστιν.
1618 2254 1854 2319 Δειλῶν,
1894 2258 2022 2327 ἔφη,
2061 2259 2124 2308 τὸ
2164 2259 2323 2327 ἔργον

230 2342 328 2391 ἐπὶ
366 2337 600 2402 δειλούς.
664 2341 831 2403 Πῶς,-
869 2343 996 2412 ἔφη.
1062 2335 1127 2392 Ὅ
1163 2358 1223 2409 γε
1263 2336 1359 2393 οὐκ
1397 2342 1464 2411 ἑᾷ
1503 2345 1598 2393 τὸν
1638 2340 1912 2408 πολέμιον
1950 2344 2108 2409 ἐγγύς
2146 2358 2322 2410 προσ-

231 2423 438 2477 ελθεῖν.
502 2420 569 2477 Ὅ
605 2443 664 2493 γε
705 2419 803 2477 οὐκ
839 2425 905 2495 ἐᾷ
945 2429 1042 2478 τὸν
1085 2425 1359 2494 πολέμιον
1384 2429 1601 2497 μακρὰν
1629 2425 1924 2478 ἀπελθεῖν.
1995 2426 2322 2495 Φευγόντων

230 2513 293 2561 τὸ
334 2508 524 2562 ὅπλον.
607 2510 744 2574 Οὔκ,
790 2503 912 2561 ἀλλ’
956 2513 1055 2563 ἐπὶ
1091 2514 1223 2574 τούς
1262 2515 1585 2582 φεύγοντας.
1662 2503 1857 2562 Αὐτὸν
1898 2509 1991 2563 δεῖ
2021 2514 2152 2574 τούς
2193 2515 2323 2583 φεύ-

150 2597 197 2638 20
233 2611 432 2662 γοντας
470 2597 664 2664 αἱρεῖν.
740 2594 988 2665 Βράδιον
1025 2598 1057 2667 ἢ
1097 2599 1320 2662 τάχιον;
1352 2591 1442 2660 Ὡς
1482 2596 1604 2648 οἶόν
1642 2614 1701 2647 τε
1739 2598 1992 2661 τάχιστα.
2067 2593 2322 2667 Πότερον

232 2680 327 2730 οὖν
365 2684 571 2748 τρέχων
621 2698 708 2742 τις
747 2682 909 2751 αἱροῖ
939 2682 1007 2732 ἂν
1044 2682 1257 2733 θᾶττον
1308 2684 1340 2753 ἢ
1383 2681 1722 2749 πετόμενος,·
1774 2683 1872 2752 Μὴ
1917 2682 2012 2732 οὖν
2059 2673 2226 2743 αὐτός
2263 2699 2321 2749 γε

229 2766 385 2834 αἱρεῖ
387 2783 406 2827 ,·
449 2766 548 2826 Τίς
585 2767 722 2835 μήν,·
765 2768 841 2816 Τὸ
869 2764 1047 2833 βέλος.
1109 2757 1228 2818 Ἐὰν
1256 2765 1314 2817 δὲ
1344 2769 1656 2837 ἀκοντίσῃς,
1695 2768 1782 2828 τίς
1810 2768 1968 2835 αἱρεῖ
1971 2785 1991 2828 ,·
2034 2758 2148 2817 Οὐκ
2175 2764 2319 2816 οἶδα.

219 2841 388 2899 Ἀλλά
428 2848 568 2901 πότε
609 2843 776 2912 αὐτὸς
815 2852 994 2919 αἱρεῖς
1030 2853 1125 2903 καὶ
1162 2853 1516 2914 ἀποκτείνεις
1527 2871 1547 2915 ,·
1585 2855 1718 2903 ὅταν
1747 2849 2073 2920 διασπάσῃς
2113 2849 2313 2917 λαβών,
2355 2852 2385 2901 2

370 3015 389 3055 1
423 3010 586 3058 λύκιον
615 3013 654 3058 U
772 3017 797 3057 2
827 3016 908 3060 καὶ
937 3026 1024 3059 om.
1057 3014 1094 3057 B
1235 3010 1416 3072 χρόνος
1443 3010 1528 3072 ἤδη
1558 3014 1661 3066 (hoc
1691 3014 1804 3068 ord.)
1834 3014 1915 3058 PH
2057 3011 2144 3069 τὰς
2174 3009 2321 3069 αὐτὰς

226 3082 438 3135 casaub„
468 3082 706 3137 τοσαύτας
733 3083 838 3128 libri
951 3089 980 3129 4
1008 3081 1273 3144 βούλεσθαι
1303 3084 1351 3127 Μ
1468 3089 1492 3128 5
1524 3080 1707 3144 πότερο
1740 3085 1774 3128 Ρ
1912 3087 1935 3127 7
1966 3082 2141 3131 ἐκεῖνοι
2172 3086 2319 3142 Emp.‚

226 3149 386 3197 ἱκανοί
413 3152 518 3196 libri
547 3151 740 3207 (ἱκανῶς
770 3166 886 3198 corr.
918 3153 980 3208 H)
1095 3149 1348 3211 ἀνοφελεῖς
1376 3154 1411 3198 Ρ
1527 3151 1709 3208 ἰδιώτες
1738 3155 1774 3198 Ρ
1863 3157 1888 3200 8
1919 3152 2132 3209 ἐκείνους
2161 3157 2317 3202 τίνου-

227 3237 303 3268 σιν
333 3223 378 3265 Μ
410 3221 622 3275 ἐκείνους
650 3224 873 3269 πείθουσι
903 3223 946 3267 H
974 3222 1151 3270 ἐκεῖνοι
1179 3225 1406 3271 πείθουσι
1436 3224 1471 3268 Ρ
1615 3229 1641 3269 9
1674 3221 1700 3271 ὃ
1733 3239 1817 3283 pro
1849 3224 1896 3272 οἱ
1926 3227 1975 3269 Μ
2130 3222 2319 3272 οἷ’κασιν

226 3293 263 3336 Ρ
293 3307 350 3337 m.
380 3306 450 3350 pr.
569 3297 621 3337 10
651 3289 772 3340 ἄλλα
801 3294 851 3338 Μ
996 3298 1048 3339 12
1078 3295 1331 3354 βασιλὲους
1360 3295 1400 3341 U
1429 3308 1488 3341 m.
1518 3308 1588 3352 pr.
1738 3301 1789 3341 14
1819 3291 2022 3344 ἀκούσοι
2051 3296 2094 3340 H
2123 3291 2318 3345 ἀκούσει

227 3363 262 3407 Ρ
292 3377 351 3408 m.
382 3378 451 3420 pr.
482 3366 567 3417 (-οι
598 3369 734 3418 corr.)
853 3369 904 3409 15
935 3361 1023 3425 ἔφη
1053 3379 1140 3411 om.
1162 3366 1212 3410 M
1326 3368 1375 3412 τί
1401 3382 1476 3423 με,
1505 3367 1621 3426 φησί
1649 3367 1692 3411 H
1721 3369 1770 3414 τί
1796 3367 1857 3424 με’
1885 3383 1999 3425 φησι
2018 3367 2055 3412 P
2147 3372 2196 3411 17
2229 3371 2317 3415 δει-

226 3431 336 3489 λοὺς
368 3432 477 3494 ἔφη·
511 3438 613 3490 πῶς
634 3435 765 3480 PHM
790 3437 912 3490 (item
942 3450 1060 3482 corr.
1082 3437 1125 3484 U
1154 3438 1200 3482 in
1219 3442 1411 3493 rasura),
1442 3439 1564 3496 quod
1583 3437 1858 3495 praeferrem
1878 3439 2164 3484 coniecturae
2185 3439 2314 3484 codd.

226 3506 323 3563 ΠΒ,
354 3507 393 3551 si
422 3510 524 3561 πῶς
553 3510 650 3551 tum
679 3508 845 3552 iustam
875 3508 1223 3565 explicatIOnem
1253 3509 1442 3554 haberet
1589 3512 1639 3553 19
1671 3507 1722 3568 ὀὴ
1753 3521 1836 3565 pro
1867 3511 1939 3556 δεῖ
1965 3509 2007 3553 Η
2152 3514 2205 3555 20
2237 3506 2317 3557 τά·

224 3573 365 3634 χιστά
395 3588 539 3623 ποτε·
570 3573 785 3637 πότερον
815 3577 896 3623 UB
1032 3582 1082 3624 21
1115 3595 1170 3638 γε
1201 3592 1288 3625 om.
1320 3578 1452 3624 UBM
1596 3582 1650 3623 22
1682 3577 1832 3638 αἱρεῖς
1862 3580 1942 3624 ΡΗ
2086 3576 2316 3640 ἀκοντίσῃ

3 3666 6 3690 ι
227 3646 360 3692 UBM
504 3643 591 3694 οὐκ
622 3643 713 3695 οἶδ’
745 3642 863 3696 ἀλλά
897 3649 1002 3694 libri
1148 3653 1201 3694 23
1232 3650 1352 3697 ποτὲ
1380 3650 1417 3695 P
1562 3644 1870 3705 ἀποκτέννεις
1899 3650 1935 3694 Ρ
1966 3645 2244 3706 ἀποκτένεις
2273 3652 2315 3696 H

226 3711 513 3778 α’ποκτείνης
541 3719 590 3763 Μ

311 3795 406 3833 ΒῙΟ.
431 3795 481 3832 11.
1945 3794 1970 3835 9
