2684 4140
335 251 437 302 246
1054 242 1260 290 DIONIS
1291 241 1376 286 DE
1406 235 1709 287 AVARITIA

332 396 391 448 δὲ
427 398 691 461 μέγιστον
728 380 892 455 (μέν)
926 390 1080 440 ἐστιν
1109 379 1259 453 αὐτῷ
1286 400 1400 437 τινι
1423 388 1620 437 κακόν·
1662 383 1837 437 λυπεῖ
1856 384 1915 437 δὲ
1942 386 2038 438 καὶ
2062 388 2194 449 τοὺς
2221 384 2424 449 πέλας
2438 398 2572 440 (4653
2591 398 2667 462 Π)Ι

329 478 556 531 καὶτὸν
603 469 942 543 πλεονέκτην
982 469 1165 533 οὐδεὶς
1215 468 1370 522 ἐλεεῖ
1410 469 1704 542 δήπουθεν
1756 469 1882 522 οὐδὲ
1934 467 2097 535 αξιοῖ
2127 468 2429 536 διδάσκειν,

263 567 294 618 8
332 556 753 632 προβάλλονται
791 555 851 608 δὲ
884 558 1133 617 ἅπαντες
1157 557 1252 606 καὶ
1279 553 1555 622 πολέμιον
1583 556 1766 607 αὐτῶν
1792 552 2131 622 νομίζουσιν.
2196 559 2432 619 ἕκαστος

332 647 428 698 οὖν
465 646 648 696 αὐτῶν
687 644 738 694 εἰ
777 639 1044 709 βούλεται
1079 644 1291 709 γνῶναι
1327 642 1391 693 τὸ
1430 642 1678 709 μέγεθος
1716 645 1815 712 τῆς
1840 645 2110 713 τοιαύτης
2136 643 2431 713 πονηρίας,

327 731 646 800 ἐννοησάτω
687 732 813 789 πῶς
852 727 1020 789 αὐτὸς
1057 727 1171 792 ἔχει
1210 728 1356 796 πρὸς
1402 728 1534 788 τούς
1582 727 2008 797 ἐπιχειροῦντας
2057 724 2426 779 πλεονεκτεῖν·
2464 736 2489 777 5

330 817 507 877 οὕτως
543 815 646 883 γὰρ
686 813 754 864 ἂν
796 810 1075 881 συμβάλοι
1116 816 1241 874 πῶς
1276 814 1372 864 καὶ
1417 814 1549 874 τοὺς
1589 810 1827 874 λοιποὺς
1865 814 2070 883 ἀνάγκη
2113 812 2258 882 πρὸς
2295 813 2434 863 ἐκεῖ-

328 918 423 953 νον
461 901 621 965 ἔχειν,
661 899 759 950 ἐὰν
795 882 833 968 ᾗ
870 904 1143 959 τοιοῦτος.
1208 899 1303 949 καὶ
1339 899 1448 969 μὴν
1487 900 1518 949 ὅ
1553 913 1614 966 γε
1642 896 1974 968 Εὐριπίδης,
2017 895 2242 958 ουδενὸς
2267 898 2435 968 ἦττον

329 982 556 1048 ἔνδοξος
603 985 681 1035 ὢν
730 989 841 1035 τῶν
892 988 1177 1053 ποιητῶν,
1229 985 1329 1054 τὴν
1371 976 1657 1054 Ἰοκάστην
1706 985 1923 1051 εἰσάγει
1974 980 2244 1052 λέγουσαν
2291 984 2437 1051 πρὸς

328 1073 425 1122 τὸν
457 1061 757 1133 Ἐτεοκλέα,
798 1066 1239 1139 παρακαλοῦσαν
1267 1069 1434 1120 αὐτὸν
1471 1069 1796 1140 ἀποστῆναι
1821 1072 1925 1119 τοῦ
1944 1066 2298 1120 πλεονεκτεῖν
2336 1068 2433 1119 τὸν
2459 1078 2539 1121 (249
2552 1078 2604 1122 Μ)

330 1151 595 1226 ἀδελφόν,
635 1156 780 1205 οὕτω
821 1167 973 1216 πως·
2472 1156 2520 1204 10

266 1259 298 1310 9
680 1250 738 1305 τί
775 1260 874 1325 τῆς
909 1253 1177 1323 κακίστης
1218 1250 1501 1319 δαιμόνων
1540 1252 1773 1323 ἐφίεσαι

673 1336 1025 1403 πλεονεξίας,
1066 1343 1206 1401 παῖ,·
1243 1341 1316 1410 μὴ
1361 1341 1427 1389 σύ·
1465 1329 1540 1406 γ’.
1599 1332 1795 1400 ἄδικος
1831 1338 1863 1408 ἠ
1905 1339 2061 1399 θεός.

674 1420 924 1486 πολλοὺς
963 1417 1017 1475 δ’
1060 1425 1118 1485 ἐς
1158 1422 1346 1485 οἴκους
1382 1424 1477 1474 καὶ
1515 1420 1715 1484 πόλεις
1754 1420 2097 1488 εὐδαίμονας

670 1507 906 1580 εἰσῆλθε
943 1502 1251 1580 <κάξῆλθ’>
1287 1502 1387 1559 ἐπ’
1432 1502 1655 1578 ὀλέθρῳ
1695 1513 1807 1559 τῶν
1840 1512 2172 1577 χρωμένων·

672 1588 770 1665 ἐφ’
812 1587 850 1663 ᾗ
894 1597 958 1644 σὺ
997 1596 1204 1660 μαίνει.
1281 1596 1447 1644 τοῦτο
1484 1591 1786 1644 κάλλιστον
1822 1594 2080 1662 βροτοῖς,
2473 1598 2521 1644 15

674 1680 909 1750 ἰσότητα
949 1681 1114 1745 τιμᾶν
1151 1681 1245 1730 καὶ
1285 1677 1488 1749 φίλους
1528 1677 1676 1729 εἶναι
1715 1672 1908 1749 φίλοις

674 1763 874 1827 πόλεις
911 1783 971 1816 τε
1012 1761 1218 1816 πόλεσι
1259 1766 1582 1831 συμμάχους
1621 1781 1681 1815 τε
1724 1766 2040 1830 συμμάχοις

680 1849 926 1902 συνδεῖν·
966 1852 1029 1901 τὸ
1068 1851 1172 1920 γὰρ
1214 1847 1339 1901 ἴσον
1376 1851 1616 1916 νόμιμον
1656 1851 1996 1919 ἀνθρώποις
2034 1850 2169 1920 ἔφυ,

674 1935 752 2004 τῷ
793 1934 996 1987 πλέονι
1033 1929 1087 1987 δ’
1133 1937 1222 1987 ἀεὶ
1261 1933 1539 2001 πολέμιον
1576 1935 1932 1986 καθίσταται

676 2018 1021 2085 τοῦλασσον,
1062 2019 1273 2090 ἐχθροῖς
1310 2013 1380 2071 θ’
1422 2023 1635 2091 ἡμέρας
1670 2023 2022 2090 κατάρχεται.
2475 2021 2525 2069 26

253 2125 318 2176 10
339 2120 674 2190 παρεθέμην
727 2118 785 2171 δὲ
837 2114 964 2192 ἑξῆς
1011 2119 1081 2171 τοὶ
1133 2122 1381 2188 ἰαμβεῖα.
1457 2122 1520 2170 τὸ
1571 2121 1675 2189 γὰρ
1725 2124 1847 2181 τοῖς
1893 2118 2078 2182 καλῶς
2126 2121 2444 2190 εἰρημένοις

339 2204 532 2267 αὐτοῖς
564 2206 820 2277 χρῆσθαι
858 2210 986 2257 νοῦν
1025 2207 1250 2272 ἔχοντός
1288 2205 1459 2257 ἐστιν.
1534 2207 1593 2257 ἐν
1634 2203 1697 2277 δή
1739 2206 1964 2268 τούτοις
1993 2208 2219 2257 ἅπαντα
2259 2205 2444 2256 ἔνεστι

335 2290 404 2342 τά
447 2292 823 2358 συμβαίνοντα
863 2293 923 2342 ἐκ
960 2299 1058 2362 τῆς
1099 2289 1450 2355 πλεονεξίας,
1492 2289 1581 2342 ὅτι
1617 2293 1756 2362 μήτε
1797 2289 1917 2360 ἰδίᾳ
1943 2294 2084 2362 μήτε
2109 2286 2266 2360 κοινῇ
2310 2303 2443 2355 συμ-

342 2380 531 2447 φέρει,
570 2377 897 2428 τούναντίον
938 2375 997 2428 δὲ
1035 2378 1129 2428 καὶ
1168 2378 1267 2446 τὴν
1304 2382 1416 2428 τῶν
1456 2375 1624 2427 οἴκων
1664 2374 2028 2443 εὐδαιμονίαν
2065 2379 2160 2428 καὶ
2196 2379 2294 2447 τὴν
2333 2383 2445 2427 τῶν

341 2459 564 2512 πόλεων
603 2462 910 2532 ἀνατρέπει
933 2463 1028 2513 καὶ
1055 2459 1415 2532 διαφθείρει·
1453 2463 1547 2512 καὶ
1585 2459 1761 2513 πάλιν
1800 2464 1876 2524 ὡς
1902 2465 2073 2529 νόμος
2100 2461 2439 2531 ἀνθρώποις
2475 2463 2525 2509 25

335 2550 502 2612 τιμᾶν
551 2547 614 2597 τὸ
656 2544 807 2611 ἴσον,
859 2549 953 2599 καὶ
1001 2552 1167 2598 τοῦτο
1216 2549 1318 2613 μὲν
1365 2549 1555 2618 κοινὴν
1607 2545 1804 2617 φιλίαν
1852 2549 1947 2599 καὶ
1995 2550 2171 2598 πᾶσιν
2221 2548 2662 2617 εἰρήνηνί4δὸΒΙΙ)

338 2631 484 2702 πρὸς
522 2629 795 2703 ἀλλήλους
836 2635 1021 2697 ποιεῖ,
1071 2633 1173 2694 τὰς
1214 2628 1272 2683 δὲ
1313 2630 1597 2702 διαφορὰς
1634 2634 1728 2684 καὶ
1764 2633 1866 2694 τὰς
1917 2630 2205 2704 ἐμφύλους
2254 2630 2447 2702 ἔριδας

335 2718 430 2769 καὶ
466 2716 596 2779 τούς
635 2715 741 2781 ἔξω
787 2716 1071 2784 πολέμους
1109 2709 1235 2769 κατ’
1283 2715 1442 2768 οὐδὲν
1483 2713 1672 2787 ἕτερον
1703 2720 2115 2785 συμβαίνοντας
2151 2719 2183 2788 ἢ
2216 2714 2309 2769 διὰ
2348 2719 2447 2788 τὴν

335 2806 441 2854 τοῦ
475 2801 739 2865 πλείονος
777 2804 1127 2870 ἐπιθυμίαν,
1175 2800 1237 2867 ἐξ
1286 2797 1362 2855 ὧν
1400 2806 1635 2865 ἕκαστος
1672 2805 1767 2854 καὶ
1803 2809 1915 2855 τῶν
1958 2805 2161 2855 ἱκανῶν
2201 2805 2447 2853 ἀποστε-

485 3017 503 3057 1
537 3013 626 3071 μέν
655 3010 760 3058 add.
783 3014 969 3071 Pflugk;
1000 3016 1212 3071 spectare
1243 3026 1345 3058 eum
1367 3013 1610 3058 Menandri
1631 3012 1761 3069 frgm.
1785 3017 1865 3077 557
1888 3013 1971 3066 (ΙΙΙ
1991 3027 2036 3070 p.
2062 3016 2142 3057 170
2164 3012 2311 3066 Kock)
2341 3012 2450 3056 vidit

340 3080 597 3130 Meinekius
686 3088 712 3130 3
744 3085 904 3133 αὑτῶν
934 3080 1084 3143 Εῐῑιρ.,
1117 3079 1276 3132 αὐταῖν
1307 3085 1356 3128 Μ
1390 3080 1542 3132 αὐτὸν
1572 3084 1651 3129 UB
1755 3089 1780 3129 9
1813 3078 2100 3132 οἷποστεῖναι
2131 3084 2168 3128 U
2201 3097 2257 3127 m.
2290 3096 2360 3139 pr.

344 3156 398 3196 10
429 3152 542 3197 Eur.
573 3153 744 3198 Phoen.
778 3158 858 3199 531
894 3180 950 3186 —
981 3158 1064 3199 540
1185 3157 1235 3198 12
1266 3170 1322 3213 γε
1351 3154 1401 3197 Μ
1510 3154 1788 3212 φιλοτιμίας
1816 3153 1932 3198 Eur.
1963 3153 2031 3197 l.l
2160 3157 2212 3198 14
2241 3146 2446 3211 κάξῆλθ’

340 3236 428 3269 om.
459 3223 593 3268 UBM
622 3237 680 3267 m.
711 3239 779 3282 pr.
931 3229 981 3270 15
1013 3221 1070 3272 σὺ
1099 3227 1247 3284 μαίνῃ
1279 3225 1333 3281 Τ,
1366 3226 1617 3285 συμβαίνει
1648 3224 1780 3269 ΠΒΜ
1925 3223 2101 3271 τούτου
2130 3224 2171 3270 U
2315 3231 2449 3270 κεῖνο

337 3292 550 3349 κάλλιον,
580 3293 751 3341 τέκνον
779 3295 891 3342 Eur‘.
1011 3298 1064 3342 16
1095 3291 1123 3355 ἢ
1156 3297 1322 3355 φίλους
1352 3290 1427 3343 ἀεὶ
1457 3294 1618 3355 φίλοις
1639 3291 1751 3341 Eur.
1873 3298 1922 3339 17
1961 3288 2227 3355 συμμάχοις
2256 3310 2308 3340 τε
2338 3310 2448 3350 συμ-

337 3362 523 3424 μάχους
552 3362 655 3420 (hoc
688 3367 799 3421 ord.)
830 3366 882 3412 Μ
1018 3369 1070 3413 18
1103 3371 1288 3415 συνδεῖν
1317 3364 1463 3422 UBM,
1495 3370 1653 3414 συνδεῖ
1681 3363 1792 3414 Eur.
1942 3365 1991 3412 19
2023 3364 2115 3414 αἰεὶ
2145 3361 2183 3410 Β
2299 3361 2353 3407 2'0
2385 3356 2447 3408 θ’

341 3437 469 3492 Eur„
499 3453 554 3483 τε
585 3435 685 3490 ΒΜ,
706 3446 804 3483 Um.
837 3436 879 3484 U
967 3443 1018 3484 21
1052 3443 1212 3494 καλῶς
1240 3436 1449 3498 (ἄλλοις)
1478 3435 1755 3484 Herw'erden
1845 3436 1898 3481 22
1931 3427 2086 3484 αὐτὸν
2114 3436 2244 3490 idem,
2275 3438 2449 3479 utrum-

340 3519 429 3564 que
457 3508 555 3553 sine
584 3508 854 3554 necessitate
970 3509 1025 3554 23
1057 3503 1140 3557 ὅτε
1171 3508 1221 3553 Μ
1366 3509 1582 3568 συμφέρη
1614 3509 1652 3553 Β
1685 3508 1918 3568 συμφέρηι
1947 3502 1990 3553 U
2020 3516 2077 3551 m.
2107 3515 2176 3563 pr.
2313 3506 2365 3549 25
2396 3501 2451 3550 ἐν

343 3573 625 3637 ἀνθρώποις
654 3582 768 3644 τιμᾷ
798 3578 848 3624 Μ
993 3583 1047 3625 26
1076 3585 1224 3628 τοῦτο
1257 3578 1307 3626 Μ
1337 3577 1404 3628 ἔτι
1436 3578 1494 3627 τὸ
1526 3576 1609 3626 UB
1639 3579 1758 3625 unde
1791 3571 1867 3626 ὅτι
1896 3574 1954 3626 τὸ
1987 3578 2121 3635 Emp.
2287 3575 2451 3635 φιλίαν

342 3647 508 3709 κοινὴν
537 3651 640 3705 (hoc
670 3651 782 3705 ord.)
814 3649 851 3695 B
967 3652 1020 3696 27
1052 3649 1177 3712 πρὸς
1208 3650 1384 3707 ἄλλους
1414 3648 1455 3698 U
1585 3647 1673 3706 τὰς
1704 3676 1761 3685 -
1791 3645 2026 3710 διαφορὰς
2055 3674 2112 3683 -
2140 3650 2221 3695 καὶ
2250 3641 2364 3700 τοὺς
2396 3672 2450 3678 -

342 3721 583 3779 πολέμους
614 3748 667 3754 -
698 3723 1073 3781 συμβαίνοντας;
1105 3724 1398 3769 anacoluthia
1427 3736 1531 3769 vere
1560 3723 1739 3769 Dionea
