2684 4140
3 1046 187 1084 besan)

1053 253 1279 301 ORATIO
1309 254 1453 300 XXX.
1788 256 1790 258 ’
2187 257 2291 307 305

209 389 368 456 ζουσι
403 396 502 465 τὴν
535 397 698 464 χάριν
725 401 836 447 τῶν
862 398 1045 448 θεῶν·
1087 400 1142 449 οἱ
1185 397 1244 450 δὲ
1281 402 1505 469 μέτριοί
1540 417 1600 452 τε
1636 403 1730 453 καὶ
1765 403 2036 464 ἐπιεικεῖς
2073 410 2141 473 τῇ
2176 400 2284 468 μὲν
2306 408 2370 456 41

209 475 382 547 ἡδονῇ
419 475 620 547 πρᾴως
640 486 888 549 χρῶνται
925 484 1018 533 καὶ
1057 481 1152 534 διὰ
1174 487 1375 552 χρόνου
1406 487 1777 556 φοβούμενοι·
1819 487 2010 556 ὥσπερ
2050 482 2155 557 [δὲ]
2192 490 2288 540 ἄν*

210 563 454 632 θρωπος
491 562 819 634 ἐλευθέριος
854 565 1087 636 κληθεὶς
1125 570 1239 619 ’ὑπό
1276 587 1429 632 τινος
1466 577 1576 622 τῶν
1613 573 1970 640 κρειττόνων,
2008 570 2289 638 βασιλέως

204 648 237 716 ἢ
279 645 569 711 δυνάστου,
609 656 712 699 τοῦ
743 646 850 716 μὲν
887 653 1110 704 ἐσθίειν
1149 656 1243 705 καὶ
1279 656 1465 706 πίνειν
1505 653 1724 722 ἀμελεῖ,
1770 653 1916 726 πλὴν
1953 658 2086 707 ὅσον
2123 658 2288 725 ἀναγ-

150 737 174 778 5
210 734 386 793 καῖον,
427 734 694 799 προσέχει
732 730 796 785 δὲ
835 739 956 797 τοῖς
993 735 1153 788 ἔνδον
1190 740 1284 790 καὶ
1319 741 1542 801 τούτοις
1577 745 1873 810 τέρπεται··
1910 742 2155 793 κάκεῖνοι
2190 746 2287 808 μέ·

204 813 319 883 θης
355 811 462 880 μὲν
498 818 592 867 καὶ
630 824 850 870 πεττῶν
886 823 980 872 καὶ
1005 820 1372 890 ἀστραγάλων
1411 821 1729 890 ἀμελοῦσιν,
1768 826 1943 893 ὁρῶσι
1981 821 2045 878 δὲ
2083 824 2286 878 τᾶνδον

206 898 365 959 ὅπως
402 899 529 964 ἔχει,
567 903 661 953 καὶ
696 905 792 953 τόν
830 921 888 954 τε
925 903 1197 974 ἀνδρῶνα,
1245 909 1303 957 ἑν-
1342 899 1388 974 ᾦ
1421 910 1794 972 κατάκεινται,
1832 905 2194 975 θαυμάζουσί
2227 926 2287 963 τε

203 983 297 1033 καὶ
334 979 592 1054 ζητοῦσιν
629 988 788 1049 ὅπως
823 993 1037 1056 γέγονε,
1090 991 1184 1041 καὶ
1219 991 1288 1040 τά
1326 993 1384 1042 ἐν
1423 991 1572 1059 αὐτῷ
1612 995 1797 1043 πάντα
1838 994 2029 1062 ὥσπερ
2066 997 2288 1064 γραφάς
2348 995 2351 996 ’

31 1090 110 1131 (309
131 1090 183 1132 M)
210 1085 368 1130 τινας
405 1068 638 1131 εὐειδεῖς
673 1073 767 1122 καὶ
802 1070 975 1134 καλάς
1011 1080 1365 1138 κατανοοῦσι,
1402 1077 1497 1126 καὶ
1533 1078 1631 1146 τὴν
1669 1074 1840 1146 ἀλλην
1868 1079 2189 1144 οἰκονομίαν
2226 1095 2287 1131 τε

126 1157 174 1199 10
209 1154 302 1204 καὶ
347 1151 505 1216 τάξιν
562 1157 656 1206 καὶ
717 1156 816 1217 τὰς
866 1158 1044 1226 ὥρας,
1102 1159 1179 1218 ὡς
1240 1159 1304 1208 εὖ
1349 1176 1408 1209 τε
1455 1161 1549 1210 καὶ
1615 1162 2006 1226 ἐπισταμένως
2062 1165 2284 1215 ἅπαντα

205 1240 548 1307 πράττουσι,
597 1242 691 1291 καὶ
740 1245 1116 1309 προσέχουσιν
1170 1243 1389 1305 αὐτοῖς,
1438 1245 1532 1293 καὶ
1577 1246 1744 1308 μόνοι
1787 1242 1850 1313 δὴ
1903 1251 2004 1295 τοῦ
2049 1245 2284 1309 κάλλους

205 1319 598 1375 αἰσθάνονται.
673 1322 832 1389 μέλει
877 1318 930 1375 δ’
988 1326 1180 1387 αὐτοῖς
1229 1329 1387 1388 ὅπως
1436 1329 1508 1398 μὴ
1563 1324 1802 1379 δοκῶσιν
1854 1330 1930 1389 ὡς
1977 1329 2184 1399 τυφλοί
2227 1334 2372 1384 τε42

111 1455 113 1457 ,
201 1410 294 1459 καὶ
338 1410 525 1478 κωφοὶ
570 1407 972 1479 μετειληφέναι
1017 1411 1257 1474 τούτων,
1316 1408 1456 1461 ἀλλά
1506 1414 1600 1462 καὶ
1646 1410 2060 1480 ἀπαλλαγέντες
2107 1416 2278 1480 ἔχωσί

202 1509 258 1541 τι
296 1494 479 1544 εἰπεῖν
519 1495 652 1562 περὶ
678 1494 875 1557 αὐτῶν,
915 1493 1077 1556 εἴτις
1105 1493 1475 1560 πυνθάνοιτο,
1517 1498 1552 1546 ά
1587 1514 1647 1548 τε
1674 1494 1824 1548 εἶδον
1863 1499 1899 1547 ἅ
1924 1514 1984 1548 τε
2021 1499 2282 1565 ἔγνωσαν.

125 1580 173 1622 15
208 1579 303 1629 καὶ
337 1584 511 1628 ταῦτα
552 1574 943 1648 φροντίζοντες
978 1581 1072 1630 καὶ
1119 1581 1259 1645 μετὰ
1308 1588 1408 1631 νοῦ
1452 1588 1550 1651 τῆς
1596 1579 1799 1652 ἡδονῆς
1845 1580 2096 1648 ἐμμελῶς
2131 1589 2287 1649 μετέ-

195 1680 390 1728 χοντες
418 1659 725 1730 διάγουσιν,
753 1664 835 1725 εἷς
855 1665 938 1715 ἑνὶ
964 1662 1351 1732 διαλεγόμενοι
1375 1668 1469 1717 καὶ
1491 1667 1632 1716 κατὰ
1661 1664 1759 1717 δύο
1785 1669 1877 1738 καὶ
1901 1672 2051 1736 τρεῖς
2076 1671 2281 1734 ὅμοιοι.

200 1749 380 1799 ἐνίοτε
420 1744 484 1800 δὲ
511 1746 754 1817 μεγάλης
779 1756 1020 1819 κραυγῆς
1046 1754 1347 1819 γενομένης
1384 1752 1478 1802 καὶ
1501 1751 1754 1817 θορύβου
1782 1753 1937 1821 παρὰ
1964 1758 2074 1802 τῶν
2109 1754 2285 1818 μεθυ-

205 1835 379 1884 όντων
416 1834 637 1883 κάκεῖσε
677 1831 1028 1901 ἀπέβλεψαν,
1071 1835 1271 1886 ἔπειτα
1312 1836 1484 1896 εὐθὺς
1523 1833 1696 1886 πάλιν
1734 1838 1878 1904 πρὸς
1916 1840 2136 1898 ἑαυτοῖς
2171 1839 2285 1904 ἑγέ-

206 1933 383 1967 νοντο.
458 1919 552 1968 καὶ
588 1915 822 1969 ἐπειδὰν
849 1919 1083 1970 ἀπιέναι
1127 1917 1239 1988 δέῃ,
1281 1921 1336 1969 οἱ
1372 1917 1478 1985 μὲν
1507 1921 1722 1970 ἄσωτοι
1758 1923 1851 1971 καὶ
1876 1922 2132 1989 ἀκρατεῖς
2168 1923 2279 1973 ὑπὸ
2302 1922 2370 1974 43

124 2007 172 2048 20
208 2007 319 2053 τῶν
346 1999 811 2054 ἀκολουθούντων
838 2001 1092 2054 ἕλκονται
1131 2006 1224 2054 καὶ
1252 2007 1517 2074 σύρονται
1541 2005 1680 2070 μετὰ
1709 2007 1898 2055 πόνων
1923 2023 1984 2056 τε
2007 2008 2100 2057 καὶ
2124 2020 2286 2075 νοση-

199 2085 393 2151 μάτων
429 2090 754 2156 κεκραγότες
799 2089 893 2138 καὶ
932 2084 1296 2153 οἰμώζοντες,
1347 2085 1512 2140 οὐδὲν
1558 2086 1770 2149 εἰδότες
1809 2090 1933 2139 οὔτε
1971 2092 2108 2140 ὅποι
2145 2106 2286 2158 παρ-

200 2169 383 2241 ῆλθον
424 2172 547 2222 οὔτε
585 2175 744 2233 ὅπως
782 2171 1190 2241 εἱστιάθησαν,
1239 2174 1340 2224 κᾶν
1380 2167 1528 2224 πάνυ
1568 2171 1746 2223 πολύν
1784 2191 1871 2234 τις
1910 2174 2089 2225 αὐτῶν
2126 2175 2283 2242 μείνῃ

194 2259 410 2325 χρόνον.
489 2258 545 2307 οἱ
583 2253 646 2309 δὲ
688 2258 861 2326 ὀρθοί
897 2275 956 2309 τε
995 2260 1089 2309 καὶ
1128 2256 1401 2328 ἀσφαλῶς
1439 2262 1561 2319 τοῖς
1600 2261 1810 2308 ἑαυτῶν
1851 2259 2020 2309 ποσὶν
2059 2251 2284 2322 ἀπίασι,

202 2345 758 2412 προσαγορεύσαντες
790 2344 920 2404 τοὺς
949 2340 1166 2412 φίλους,
1197 2340 1435 2412 φαιδροί
1459 2360 1518 2393 τε
1544 2344 1637 2393 καὶ
1661 2343 1981 2412 γεγηθότες,
2021 2345 2097 2404 ὡς
2125 2341 2283 2394 οὐδὲν

123 2429 171 2471 25
209 2428 711 2497 ἀσχημονήσαντες.
786 2434 959 2478 ταῦτα
1002 2427 1095 2478 οὖν
1137 2429 1167 2477 ὁ
1204 2428 1344 2488 θεὸς
1382 2429 1712 2478 ἐπισκοπῶν
1748 2429 1842 2478 καὶ
1880 2423 2100 2488 πάντας
2136 2429 2278 2495 ὁρῶν
2301 2428 2368 2476 44

203 2514 279 2573 ὡς
317 2515 374 2562 ἑν
414 2510 539 2579 ἰδίῳ
583 2512 713 2580 οἴκῳ
757 2515 915 2573 ὅπως
940 2515 1178 2573 ἕκαστος
1205 2513 1470 2575 εἱστιᾶτο,
1510 2513 1640 2572 τοὺς
1665 2509 1990 2578 βελτίστους
2027 2503 2116 2563 ἀεὶ
2141 2502 2280 2579 παρ’

205 2598 371 2648 αὑτὸν
407 2595 579 2661 καλεῖ,
616 2599 717 2648 κᾶν
755 2615 831 2665 τῳ
875 2595 1097 2667 σφόδρα
1140 2589 1408 2666 ἀρεσθεὶς
1447 2599 1595 2665 τύχῃ,
1644 2600 1830 2662 μένειν
1876 2597 2041 2646 αὐτὸν
2075 2592 2286 2646 κελεύει

206 2683 301 2733 καὶ
342 2685 635 2751 συμπότην
672 2683 766 2733 καὶ
803 2685 1026 2751 ἑταῖρον
1064 2683 1395 2752 ἐποιήσατο,
1432 2683 1526 2732 καὶ
1562 2687 1664 2730 τοῦ
1697 2684 1957 2749 νέκταρος
1980 2677 2083 2749 ἤδη
2125 2677 2286 2738 οὗτος

22 2768 520 2832 5643Π)εύωχεῖται.
596 2772 761 2816 τοῦτο
802 2762 865 2818 δὲ
894 2767 1040 2818 ἔοικε
1064 2763 1171 2832 μὲν
1210 2765 1288 2834 τῷ
1327 2774 1424 2836 τῆς
1453 2766 1821 2835 σωφροσύνης
1847 2766 2092 2829 πώματι,
2133 2761 2284 2813 διαυ-

345 3006 370 3046 2
403 3003 451 3048 δὲ
481 3002 667 3058 seclusi3
699 3005 767 3046 est
796 3001 912 3045 enim
942 3000 1137 3057 protasis
1166 2999 1285 3043 inter
1314 2998 1536 3054 duplicem
1565 2997 1783 3053 apodosin
1964 2999 1988 3039 3
2017 2993 2284 3054 ἐλευθέριος

203 3072 491 3128 Herwerden,
520 3070 776 3131 ἐλεύθερος
806 3072 868 3125 Μ,
899 3083 985 3115 om.
1018 3070 1096 3114 UB
1213 3084 1344 3121 τινος
1372 3067 1522 3118 Βίοᾱ.,
1553 3082 1695 3112 τινων
1722 3066 1824 3109 libri
1938 3070 1960 3109 7
1994 3061 2091 3123 ἔχηι
2118 3064 2199 3110 UB

203 3139 316 3188 τότε
344 3154 428 3198 pro
459 3138 548 3188 τόν
576 3158 630 3188 τε
659 3141 710 3184 Μ
824 3136 1151 3196 θαυμάζουσιν
1180 3142 1282 3192 (om.
1314 3154 1366 3184 τε
1395 3140 1475 3183 καὶ
1506 3139 1738 3195 ζητοῦσιν)
1767 3135 1817 3179 Μ
1945 3139 1970 3179 9
2003 3135 2285 3191 οἰκονομίαν

203 3213 432 3267 ReiskiuS,
463 3212 745 3268 οἰκοδομίαν
763 3211 868 3255 libri
889 3213 1031 3264 (certa
1051 3214 1119 3254 est
1142 3208 1319 3253 Reiskii
1347 3206 1600 3251 emendatio
1630 3211 1814 3262 propter
1834 3204 2033 3250 ordinem
2053 3217 2283 3250 enumera-

202 3284 354 3338 tionis)
440 3283 637 3328 fortasse
666 3282 870 3337 scripsit.
902 3283 980 3325 καὶ
1001 3276 1086 3338 τήν
1115 3294 1169 3325 τε
1197 3275 1340 3336 ἀλλην
1373 3274 1654 3333 οἰκονομίαν
1681 3279 1763 3322 καὶ
1792 3271 1922 3330 τάξιν
1940 3278 2021 3322 καὶ
2041 3271 2126 3329 τὰς
2155 3266 2284 3333 ὥρας

200 3350 443 3414 (ὁρῶσιν)
470 3354 541 3399 vel
568 3351 831 3411 (ὁρῶντες)
860 3368 925 3405 ως
955 3352 1005 3397 εὐ
1035 3366 1088 3396 τε
1117 3374 1174 3382 -
1203 3348 1521 3408 προσέχουσιν
1561 3341 1725 3400 αὐταῖς
1884 3349 1938 3390 14
1966 3344 2068 3391 ι’ὃον
2096 3345 2144 3388 Μ

25 3398 28 3474 λ
207 3430 257 3471 18
290 3423 486 3479 εαυτούς
516 3426 554 3468 Β
672 3427 721 3467 19
752 3417 943 3469 ἐπειδὰν
971 3421 1020 3464 Μ
1053 3412 1148 3479 όπη
1179 3415 1221 3465 δ’
1254 3415 1314 3466 ἂν
1344 3418 1423 3462 UB
1578 3421 1631 3462 20
1662 3411 1948 3464 ἀκολούθων
1977 3415 2174 3460 Cobetus

202 3497 324 3554 μετὰ
356 3494 521 3543 πόνων
550 3512 602 3542 τε
630 3497 710 3540 καὶ
741 3490 1024 3551 νοσημάτων
1054 3492 1271 3546 corrupta
1414 3491 1466 3532 22
1499 3484 1812 3546 εἰσθιάθησαν
1841 3486 1891 3530 Μ
2031 3501 2101 3538 τις
2129 3478 2287 3530 αὐτῶν

204 3566 357 3614 πολὺν
386 3569 488 3620 (hoc
519 3567 631 3621 ord.)
661 3565 703 3611 U
831 3566 884 3607 23
916 3557 1111 3610 ἀπίασιν
1142 3560 1230 3604 ΒΜ
1345 3560 1415 3615 ξ25
1446 3554 1633 3612 πάντας
1660 3558 1838 3614 scripsi,
1867 3551 2024 3603 πάντα
2054 3554 2158 3599 libri
2194 3615 2203 3631 ²

206 3640 260 3682 25
292 3636 508 3685 εὶσθιᾶτο
540 3637 589 3681 Μ
761 3638 812 3679 27
846 3627 994 3680 αὐτὸν
1025 3632 1074 3675 Μ
1217 3630 1375 3687 μένειν
1406 3624 1527 3675 εἶναι
1556 3628 1606 3673 Μ
1765 3622 1914 3674 αὐτὸν
1943 3624 2118 3681 scripsi,
2147 3627 2296 3669 αυτοῦ

204 3707 310 3752 libri
425 3711 478 3753 28
509 3700 661 3761 οὕτως
690 3705 730 3752 U
846 3708 898 3749 29
930 3700 1124 3760 πώματι
1155 3701 1205 3745 Μ
1235 3695 1418 3757 σώματι
1449 3698 1531 3745 UB
1895 3768 1920 3808 2

296 3785 392 3822 D10.
415 3784 464 3820 11.
1923 3770 1948 3807 0
