2684 4140
327 252 430 309 296
1056 246 1263 294 moms
1293 245 1696 292 CHARIDEMUS
2623 229 2625 233 ·
2658 215 2669 296 ζ

324 392 516 465 ράπαν
554 389 704 443 πάνυ
730 389 896 457 μόλις
932 389 1037 460 ἤδη
1068 385 1474 460 φθεγγόμενος,
1512 390 1606 440 καὶ
1635 393 1782 459 ἡμᾶς
1809 387 2020 440 ἐκέλευε
2049 387 2242 456 λέγειν,
2282 393 2413 442 ὅταν

326 492 419 529 σοι
456 478 781 541 ἐντύχωμεν,
821 477 909 525 ὅτι
937 480 1042 524 σοῦ
1074 479 1425 544 μεμνημένος
1463 471 1736 524 ἐτελεύτα.
1799 475 1892 524 καὶ
1927 475 2030 543 γὰρ
2070 476 2133 524 τὸ
2169 479 2416 526 συνεῖναι

324 555 476 627 αὐτῷ
511 561 606 610 καὶ
644 556 1016 626 διαλέγεσθαι
1053 561 1160 620 ἕως
1197 557 1440 613 ὑστάτου
1480 562 1832 630 παρέμεινεν.
1897 551 1959 608 οὗ
1999 561 2107 629 μὴν
2146 556 2286 609 ἀλλὰ
2324 561 2418 611 καὶ

323 642 429 709 ζῶν
470 645 614 694 οὕτω
656 641 893 694 διέκειτο
936 643 1080 693 ὥστε
1117 645 1212 695 καὶ
1248 643 1318 713 τῇ
1359 643 1552 713 σιωπῇ
1589 645 1683 694 καὶ
1718 642 1800 710 τῷ
1835 641 2147 710 βαδίσματι
2176 645 2418 706 καὶτοῖς

254 736 286 786 5
325 726 520 790 ἄλλοις
547 729 696 779 πᾶσί
726 743 788 779 σε
825 729 1099 794 ἐμιμεῖτο,
1140 730 1217 790 ὡς
1255 727 1444 797 ἔλεγον
1485 730 1540 779 οἱ
1577 726 1806 790 εἰδότες.
1834 756 1906 763 -
1928 730 1997 780 A.
2033 728 2206 780 Οὔτοι
2243 736 2418 780 ταῦτα
2456 741 2479 781 5

321 816 577 881 ἐμιμεῖτο
617 815 828 875 ἐκεῖνος
868 813 993 864 οὔτε
1031 814 1128 879 ἐμὲ
1162 814 1288 867 οὔτε
1315 812 1485 866 ἄλλον
1513 812 1729 877 οὐδένα,
1769 806 1897 865 ἀλλ’
1942 814 2120 874 οὕτως
2159 816 2416 884 πεφύκει.

322 898 599 966 πρότερον
653 893 711 946 δὲ
764 894 903 956 ἴσως
954 897 1095 962 ὑμᾶς
1144 897 1229 947 ἔτι
1280 901 1419 958 παῖς
1458 899 1535 948 ὢν
1573 894 1912 951 ἐλάνθανεν·
1961 899 2160 954 ἔπειτα
2200 900 2419 968 προῖὼν
2496 920 2501 924 ·

320 978 684 1051 ἐκδηλότερος
737 982 971 1048 ἐγένετο.
1048 979 1196 1037 πολὺ
1245 982 1349 1051 γὰρ
1397 980 1611 1048 μᾶλλον
1659 984 1849 1051 ἐκείνῳ
1902 984 2150 1051 ἔπρεπεν
2196 985 2229 1054 ἢ
2270 981 2419 1051 ἄλλῳ

322 1068 434 1126 τινὶ
471 1069 538 1121 τό
575 1083 635 1119 τε
663 1064 921 1134 ἀνδρεῖον
946 1068 1040 1119 καὶ
1077 1069 1141 1118 τὸ
1184 1070 1385 1133 σεμνὸν
1423 1075 1526 1119 τοῦ
1551 1070 1847 1139 σχήματος.
1913 1066 2054 1120 ἀλλὰ
2087 1070 2161 1139 μή
2189 1086 2247 1120 τι
2283 1070 2424 1135 ὑμᾶς

321 1150 520 1209 ἐλύπει
556 1154 782 1214 τούτοις
817 1153 850 1222 ἢ
894 1153 1371 1223 σκυθρωπότερος
1408 1155 1540 1220 ύμῖν
1577 1156 1843 1225 ἐφαίνετο
1855 1173 1875 1217 ,·
1923 1182 1996 1189 -
2037 1158 2098 1206 Τ.
2131 1145 2283 1220 Ἐμοὶ
2318 1156 2420 1220 μὲν
2458 1163 2506 1206 10

322 1237 426 1308 γὰρ
478 1234 663 1289 ἐδόκει
712 1238 1039 1295 τούναντίον
1091 1236 1319 1295 πολλῶν
1371 1237 1710 1310 ἱλαρώτερος
1758 1241 1852 1291 καὶ
1902 1241 2048 1309 πρὸς
2092 1241 2155 1290 τὸ
2202 1235 2426 1302 παίζειν

322 1325 567 1389 ἕτοιμος,
606 1325 740 1374 ὅσαι
778 1321 1099 1394 ἐλευθέριοι
1139 1322 1390 1389 παιδιαί,
1427 1327 1522 1377 καὶ
1559 1326 1651 1376 ἀεί
1686 1342 1813 1387 πως
1849 1323 2076 1392 μειδιᾶν
2115 1327 2261 1394 πρὸς
2298 1326 2429 1386 τούς

329 1409 612 1479 συνήθεις.
698 1406 944 1477 γελῶντα
996 1407 1055 1461 δὲ
1106 1410 1274 1461 αὐτὸν
1324 1408 1524 1480 ἀνέδην
1575 1411 1637 1461 ού
1689 1408 1964 1472 πολλάκις
2011 1409 2179 1462 εἶδον.
2269 1408 2430 1461 οὐδὲν

322 1490 485 1563 (οὖν)
517 1498 659 1562 ἡμᾶς
698 1491 912 1551 ἐλύπει.
976 1496 1197 1564 καὶγὰρ
1228 1493 1292 1566 δὴ
1320 1497 1415 1549 καὶ
1451 1498 1714 1565 ἐπῃνεῖτο
1753 1497 1867 1548 ὑπὸ
1908 1494 2135 1548 πολλῶν
2161 1497 2255 1547 καὶ
2290 1493 2429 1561 μᾶλ-

325 1576 683 1634 λον-ἐκεῖνον
719 1572 1027 1649 ᾐσχύνοντο
1069 1582 1125 1633 οἱ
1163 1578 1398 1632 πολῖται
1449 1579 1547 1635 δύο
1585 1583 1680 1636 καὶ
1716 1580 1927 1633 εἴκοσιν
1967 1584 2107 1633 ἐτῶν
2146 1584 2279 1633 ὅντα
2315 1581 2426 1644 (το-
2467 1591 2512 1633 15

330 1667 546 1723 σούτων
583 1666 687 1734 γὰρ
727 1662 1105 1735 ἐτελεύτησεν)
1142 1667 1175 1735 ἢ
1215 1668 1347 1727 τοὺς
1374 1667 1790 1737 πρεσβυτέρους
1827 1685 1887 1719 τε
1924 1669 2018 1719 καὶ
2056 1664 2331 1730 ἐνδόξους.
2360 1696 2429 1704 -

258 1755 290 1806 6
332 1743 577 1803 Δ.Άλλ’
618 1747 656 1819 ἦ
691 1767 749 1800 τι
787 1747 924 1801 ἄλλο
963 1752 1094 1816 ’ὑμῖν
1133 1748 1459 1803 ἐπέστειλεν
1495 1753 1528 1821 ἢ
1581 1749 1844 1821 διελέχθη
1895 1749 2166 1803 τελευτῶν
2177 1770 2197 1814 ,·
2243 1779 2313 1789 —-
2367 1755 2427 1802 Τ.
2448 1761 2644 1803 (549R11)

326 1832 525 1894 Πολλὰ
562 1836 657 1893 καὶ
696 1832 982 1901 δαιμόνια,
1024 1836 1100 1897 ὥς
1137 1851 1197 1903 γε
1236 1837 1364 1902 ἐμοὶ
1403 1833 1562 1888 δοκεῖ
1581 1838 1758 1905 πατρὶ
1785 1838 1931 1890 ὄντι’
1971 1839 2032 1897 ὃς
2068 1852 2127 1904 γε
2167 1838 2225 1887 ἐν
2251 1837 2429 1903 τούτῳ

326 1929 426 1992 τῆς
474 1919 693 1990 ἡλικίας
743 1922 802 1972 ἐκ
852 1927 955 1972 τοῦ
999 1921 1127 1988 βίου
1164 1921 1588 1988 μεθιστάμενος
1637 1922 1734 1987 οὐχ
1770 1924 1929 1983 ὅπως
1968 1919 2295 1992 ὠλοφύρετο
2335 1923 2595 1974 αύ-(3οοΜ)

328 2009 425 2060 τὸν.
463 2008 496 2077 ἢ
540 2004 870 2073 λυπουμένῳ
912 2001 1091 2074 ἐῴκει,
1130 2003 1272 2057 ἀλλὰ
1311 2007 1637 2061 τούναντίον
1673 2011 1822 2078 ἡμᾶς
1859 2007 2269 2076 παρεμυθεῖτο.
2342 2008 2436 2059 καὶ
2471 2015 2520 2057 20

328 2095 399 2143 τά
446 2108 506 2160 γε
554 2090 846 2149 τελευταῖα
895 2094 992 2147 τὸν
1042 2089 1224 2149 παῖδα
1273 2090 1516 2154 καλέσας
1563 2090 1778 2147 ἐκέλευε
1821 2095 2078 2163 γράφειν,
2119 2094 2312 2161 ὥσπερ
2352 2094 2435 2143 ἐν·

329 2179 606 2241 θουσιῶν,
635 2175 991 2247 παράκλησίν
1020 2195 1145 2229 τινα
1172 2182 1322 2248 ημῖν,
1364 2179 1507 2231 ὥστε
1533 2179 1808 2230 ὑπενόουν
1837 2179 1943 2245 ἐγὼ
1971 2180 2045 2249 μὴ
2075 2179 2183 2247 ἄρα
2212 2175 2435 2247 ἐξεστη-

331 2264 443 2324 κὼς
481 2261 585 2333 ἤδη
618 2261 711 2319 διὰ
740 2265 837 2315 τὸν
862 2263 1119 2318 θάνατον
1145 2269 1321 2314 ταῦτα
1349 2267 1539 2315 ποιοῖ·
1580 2261 1727 2334 πλὴν
1766 2265 1854 2314 ὅτι
1894 2265 1950 2313 οἱ
1987 2266 2265 2332 παρόντες
2290 2264 2433 2313 θαυ-

265 2355 295 2405 7
335 2353 567 2414 μαστῶς
593 2346 855 2416 ἐπῄνουν.
897 2375 964 2388 —
1003 2349 1071 2399 Δ.
1089 2341 1266 2414 Ἔχεις
1305 2348 1400 2399 οὖν
1439 2349 1507 2400 τὰ
1545 2352 1895 2418 γεγραμμένα
1908 2367 1927 2411 ,·
1966 2376 2033 2388 -——
2076 2352 2137 2400 T.
2164 2350 2303 2410 Πῶς
2332 2349 2435 2417 γὰρ

336 2434 430 2496 01²5,-
466 2459 535 2474 ψι-
572 2435 640 2485 Δ.
684 2431 882 2495 Θέλεις
921 2434 1016 2485 οὖν
1056 2436 1271 2497 εἰπεῖν;
1307 2463 1377 2476 —
1420 2438 1480 2491 T.
1515 2427 1670 2485 Ἀλλ’
1717 2436 2054 2500 αἰσχύνομαι
2089 2436 2162 2505 μὴ
2207 2435 2302 2484 οὐκ
2341 2435 2431 2503 ὀρ·
2469 2443 2516 2483 25

332 2520 461 2581 θῶς
499 2520 621 2588 ἔχῃ,
671 2521 748 2581 ὡς
797 2521 910 2570 ὑπὸ
961 2523 1233 2589 νεωτέρου
1283 2537 1342 2572 τε
1391 2522 1485 2571 καὶ
1533 2522 1591 2571 ἐν
1638 2522 1875 2587 τοιούτῳ
1926 2518 2103 2589 καιρῷ
2155 2520 2434 2588 εἰρημένα.

333 2606 429 2664 καὶ
472 2605 576 2674 γὰρ
615 2606 826 2666 ἐκεῖνος
865 2602 1046 2658 ἐδόκει
1083 2621 1187 2670 μοι.
1222 2602 1432 2671 μᾶλλον
1472 2607 1595 2667 ἐνὸς
1637 2612 1741 2656 σοῦ
1776 2608 2061 2673 παρόντος
2099 2606 2166 2655 ἂν
2206 2602 2436 2673 εὐλαβη-

337 2691 520 2760 θῆναί
554 2708 611 2742 τι
649 2691 833 2741 εἰπεῖν
870 2691 902 2760 ἢ
935 2696 1047 2741 τῶν
1086 2688 1271 2743 ἄλλων
1310 2692 1595 2742 ἁπάντων.
1636 2718 1705 2726 -
1742 2692 1811 2742 Δ.
1847 2689 1926 2742 Οὐ
1955 2692 2100 2760 πρὸς
2139 2684 2438 2758 ἀλλότριον

336 2777 647 2845 ἀναγνώσῃ,
688 2775 731 2826 ὦ
781 2773 1067 2842 βέλτιστε,
1115 2778 1209 2828 καὶ
1258 2778 1372 2842 ἅμα
1424 2777 1486 2826 ού
1535 2778 1634 2846 τὴν
1673 2777 1968 2846 ἑρμηνείαν
2015 2776 2189 2826 ποθῶ
2229 2781 2438 2842 γνῶναι

335 2867 608 2915 τοσοῦτον
657 2863 791 2912 ὅσον
839 2863 939 2932 τὴν
991 2859 1250 2914 διάνοιαν
1289 2853 1396 2932 ἀφ’
1439 2861 1506 2932 ἧς
1543 2859 1753 2929 ἔλεγεν,
1810 2862 1861 2911 εἰ
1898 2860 1976 2928 τῴ
2018 2861 2136 2911 ἄντι
2176 2861 2440 2925 εὐθύμως
2476 2868 2524 2909 30

266 2948 297 3000 8
333 2949 428 3004 καὶ
463 2947 698 3016 θαρρῶν
737 2948 1113 3017 ἀπέθνησκεν.
1153 2975 1224 2985 —-
1266 2950 1326 2998 T.
1349 2938 1501 2998 Ἀλλ’
1534 2948 1658 2998 ἔστι
1694 2952 1897 2996 ταῦτα·
2013 2938 2125 2995 ςΤοὶ
2163 2947 2264 3011 μὲν
2289 2937 2431 2995 καθ’

483 3089 502 3128 1
536 3058 782 3132 ἐκέλευσεν
811 3086 914 3138 (om.
947 3083 1117 3143 λέγειν)
1145 3083 1195 3127 Μ
1338 3087 1363 3126 2
1395 3086 1486 3130 σοῦ
1515 3083 1689 3140 scripsi,
1720 3099 1809 3129 σου
1838 3083 1970 3140 Emp.
2003 3083 2135 3128 Dind.
2291 3088 2314 3128 3
2347 3081 2439 3139 ἕως

340 3169 426 3202 om.
447 3157 498 3201 M
632 3161 659 3200 4
689 3159 749 3214 τῇ
779 3158 958 3214 σιωπῆς
988 3157 1227 3212 poteratne
1249 3159 1471 3200 oratorem
1501 3154 1915 3211 eloquentissimum
1935 3155 2125 3200 tacendo
2154 3155 2348 3200 imitari?
2378 3168 2439 3200 an

340 3226 543 3278 diversae
564 3229 744 3277 exstant
773 3225 957 3276 tacendi
975 3225 1206 3274 rationes?
1237 3225 1549 3272 scribendum:
1581 3228 1640 3284 τῇ
1669 3228 1808 3285 φωνῇ
1937 3230 1961 3270 5
1993 3242 2047 3284 γε
2076 3239 2160 3283 pro
2191 3242 2245 3274 σε
2274 3226 2324 3272 Μ

343 3288 478 3343 οὗτοι
506 3295 557 3346 Μ
699 3300 725 3341 6
758 3288 900 3350 οὗτος
929 3297 978 3347 Μ
1125 3300 1176 3342 13
1208 3290 1406 3355 ἄναίδην
1435 3296 1515 3342 UB
1661 3294 1764 3342 ἴδον
1794 3296 1845 3339 Μ
1992 3300 2043 3341 14
2075 3288 2160 3343 οὖν
2189 3309 2277 3346 om.
2309 3296 2439 3343 UBM

340 3380 399 3412 m.
420 3380 489 3423 pr.
581 3370 631 3412 16
653 3367 979 3427 πρεσβυτέρος
999 3384 1051 3417 τε
1071 3368 1112 3414 U
1204 3372 1255 3413 17
1287 3360 1317 3428 ἦ
1336 3384 1380 3415 τι
1400 3367 1629 3421 Reiskius,
1662 3364 1713 3413 εἴ
1733 3384 1777 3413 τι
1797 3366 1925 3423 libri3
1956 3362 2024 3414 ἔτι
2045 3384 2089 3413 τι
2108 3367 2351 3417 Jacobsius

342 3431 491 3491 ἄλλον
519 3437 569 3482 Μ
687 3441 737 3484 18
769 3441 1023 3501 δαιμονίως
1051 3440 1102 3484 Μ
1227 3431 1293 3494 ὥς
1321 3456 1377 3499 γε
1407 3439 1601 3491 Selden.‚
1632 3429 1758 3487 ὥστε
1787 3438 1892 3488 libri
2005 3434 2216 3497 πάτριόν
2244 3454 2288 3484 τι
2317 3438 2438 3491 libri,

343 3521 459 3558 corr·-
490 3508 652 3558 selden
795 3513 847 3554 19
879 3503 1167 3571 ὠλοφύρατο
1207 3511 1332 3566 libri,
1373 3523 1486 3561 corr.
1507 3511 1614 3557 Wil.
1761 3507 1912 3559 αὐτὸν
1946 3509 1985 3558 U
2130 3512 2183 3553 25
2212 3506 2439 3554 κέλευσον

344 3578 493 3626 εἰπεῖν
521 3578 640 3633 libri,
670 3580 921 3629 emendavit
949 3581 1084 3638 Emp..
1112 3576 1232 3629 α’λλά
1264 3582 1345 3628 UB
1462 3584 1516 3626 26
1547 3597 1599 3627 τε
1630 3594 1718 3629 om,
1740 3580 1780 3627 U
1898 3583 1950 3624 27
1983 3573 2040 3626 οὖ
2069 3591 2152 3637 pro
2184 3580 2273 3625 σοῦ
2302 3578 2352 3623 Μ

345 3652 399 3693 29
431 3642 700 3707 ἀναγνώσει
729 3650 779 3693 Μ
959 3655 1009 3699 31
1053 3648 1112 3700 τὰ
1144 3653 1232 3709 μὲν
1259 3678 1316 3687 -
1345 3649 1606 3712 γιγνόμενα
1636 3666 1680 3710 p·
1711 3655 1809 3705 297,
1840 3655 1864 3695 5
1904 3652 2114 3706 leguntur
2153 3649 2279 3694 Stob.
2311 3649 2433 3695 Flor.

346 3718 538 3765 CXXIII
559 3723 612 3764 33
643 3720 774 3769 valde
804 3726 1019 3778 corrupta
