<?xml version="1.0" encoding="UTF-8"?>
<!DOCTYPE html PUBLIC "-//W3C//DTD XHTML 1.0 Transitional//EN"
    "http://www.w3.org/TR/xhtml1/DTD/xhtml1-transitional.dtd">
<html xmlns="http://www.w3.org/1999/xhtml" xml:lang="en" lang="en">
 <head>
  <title>
</title>
<meta http-equiv="Content-Type" content="text/html;charset=utf-8" />
  <meta name='ocr-system' content='tesseract 3.04.00' />
  <meta name='ocr-capabilities' content='ocr_page ocr_carea ocr_par ocr_line ocrx_word'/>
</head>
<body>
  <div class='ocr_page' id='page_1' title='image "./dionisprusaensis02diocuoft_0163.png"; bbox 0 0 2684 4140; ppageno 0'>
   <div class='ocr_carea' id='block_1_1' title="bbox 1068 261 2314 308">
    <p class='ocr_par' dir='ltr' id='par_1_1' title="bbox 1068 261 2314 308">
     <span class='ocr_line' id='line_1_1' title="bbox 1068 261 2314 308; baseline 0.001 -1"><span class='ocrx_word' id='word_1_1' title='bbox 1068 261 1292 307; x_wconf 84' lang='lat' dir='ltr'><strong>ORATIO</strong></span> <span class='ocrx_word' id='word_1_2' title='bbox 1322 261 1484 306; x_wconf 84' lang='lat' dir='ltr'>LXIII.</span> <span class='ocrx_word' id='word_1_3' title='bbox 2213 261 2314 308; x_wconf 84' lang='lat'><strong><em>145</em></strong></span> 
     </span>
    </p>
   </div>
   <div class='ocr_carea' id='block_1_2' title="bbox 58 525 2137 596">
    <p class='ocr_par' dir='ltr' id='par_1_2' title="bbox 58 525 2137 596">
     <span class='ocr_line' id='line_1_2' title="bbox 58 525 2137 596; baseline 0.001 -4"><span class='ocrx_word' id='word_1_4' title='bbox 58 545 212 587; x_wconf 78' lang='lat' dir='ltr'><strong>24R11›</strong></span> <span class='ocrx_word' id='word_1_5' title='bbox 439 531 560 595; x_wconf 84' lang='lat'>(46)</span> <span class='ocrx_word' id='word_1_6' title='bbox 607 528 860 596; x_wconf 84' lang='lat' dir='ltr'>HEP1</span> <span class='ocrx_word' id='word_1_7' title='bbox 908 527 1267 595; x_wconf 75' lang='grc' dir='ltr'>ΤΥΧΗΣ</span> <span class='ocrx_word' id='word_1_8' title='bbox 1318 525 1731 595; x_wconf 76' lang='grc' dir='ltr'>ΠΡΩΤΟΣ</span> <span class='ocrx_word' id='word_1_9' title='bbox 1773 528 2137 595; x_wconf 81' lang='grc' dir='ltr'><strong><em>ΛΟΓΟΣ.</em></strong></span> 
     </span>
    </p>
   </div>
   <div class='ocr_carea' id='block_1_3' title="bbox 1184 673 1353 681">
    <p class='ocr_par' dir='ltr' id='par_1_3' title="bbox 1184 673 1353 681">
     <span class='ocr_line' id='line_1_3' title="bbox 1184 673 1353 681; baseline -0.012 0"><span class='ocrx_word' id='word_1_10' title='bbox 1184 673 1353 681; x_wconf 76' lang='lat'><strong><em>———</em></strong></span> 
     </span>
    </p>
   </div>
   <div class='ocr_carea' id='block_1_4' title="bbox 28 769 2380 2703">
    <p class='ocr_par' dir='ltr' id='par_1_4' title="bbox 227 769 2378 1094">
     <span class='ocr_line' id='line_1_4' title="bbox 375 769 2378 842; baseline 0.001 -21"><span class='ocrx_word' id='word_1_11' title='bbox 375 770 447 822; x_wconf 81' lang='grc' dir='ltr'><strong><em>Οἱ</em></strong></span> <span class='ocrx_word' id='word_1_12' title='bbox 484 773 790 840; x_wconf 82' lang='grc' dir='ltr'><strong><em>ἄνθρωποι</em></strong></span> <span class='ocrx_word' id='word_1_13' title='bbox 827 773 1046 822; x_wconf 79' lang='grc' dir='ltr'><strong><em>ἐοίκασι</em></strong></span> <span class='ocrx_word' id='word_1_14' title='bbox 1085 773 1230 839; x_wconf 84' lang='grc' dir='ltr'><strong><em>πρὸς</em></strong></span> <span class='ocrx_word' id='word_1_15' title='bbox 1267 777 1365 841; x_wconf 83' lang='grc' dir='ltr'><strong><em>την</em></strong></span> <span class='ocrx_word' id='word_1_16' title='bbox 1403 772 1569 840; x_wconf 84' lang='grc' dir='ltr'><strong><em>τύχην</em></strong></span> <span class='ocrx_word' id='word_1_17' title='bbox 1621 769 1950 822; x_wconf 80' lang='grc' dir='ltr'><strong><em>διακεῖσθαι</em></strong></span> <span class='ocrx_word' id='word_1_18' title='bbox 1998 772 2060 823; x_wconf 82' lang='grc' dir='ltr'><strong><em>ὃν</em></strong></span> <span class='ocrx_word' id='word_1_19' title='bbox 2098 775 2312 842; x_wconf 80' lang='grc' dir='ltr'><strong><em>τρόπον</em></strong></span> <span class='ocrx_word' id='word_1_20' title='bbox 2355 776 2378 825; x_wconf 91' lang='grc'>1</span> 
     </span>
     <span class='ocr_line' id='line_1_5' title="bbox 229 852 2312 926; baseline 0.001 -22"><span class='ocrx_word' id='word_1_21' title='bbox 229 856 287 904; x_wconf 85' lang='grc' dir='ltr'><strong><em>οἱ</em></strong></span> <span class='ocrx_word' id='word_1_22' title='bbox 323 852 588 918; x_wconf 82' lang='grc' dir='ltr'><strong><em>πλέοντες</em></strong></span> <span class='ocrx_word' id='word_1_23' title='bbox 627 858 772 924; x_wconf 86' lang='grc' dir='ltr'><strong><em>πρὸς</em></strong></span> <span class='ocrx_word' id='word_1_24' title='bbox 808 858 938 917; x_wconf 80' lang='grc' dir='ltr'><strong><em>τούς</em></strong></span> <span class='ocrx_word' id='word_1_25' title='bbox 977 856 1214 920; x_wconf 89' lang='grc' dir='ltr'><strong><em>ἀνέμους</em></strong></span> <span class='ocrx_word' id='word_1_26' title='bbox 1254 857 1390 916; x_wconf 84' lang='grc' dir='ltr'><strong><em>τούς</em></strong></span> <span class='ocrx_word' id='word_1_27' title='bbox 1427 857 1666 924; x_wconf 89' lang='grc' dir='ltr'><strong><em>φορούς·</em></strong></span> <span class='ocrx_word' id='word_1_28' title='bbox 1718 856 1954 920; x_wconf 80' lang='grc' dir='ltr'><strong><em>ἅσμενοι</em></strong></span> <span class='ocrx_word' id='word_1_29' title='bbox 1991 857 2095 926; x_wconf 85' lang='grc' dir='ltr'><strong><em>γὰρ</em></strong></span> <span class='ocrx_word' id='word_1_30' title='bbox 2135 872 2312 926; x_wconf 87' lang='grc' dir='ltr'><strong><em>προσ-</em></strong></span> 
     </span>
     <span class='ocr_line' id='line_1_6' title="bbox 229 935 2314 1010; baseline 0.001 -21"><span class='ocrx_word' id='word_1_31' title='bbox 229 946 560 1010; x_wconf 83' lang='grc' dir='ltr'><strong><em>καρτεροῦσι</em></strong></span> <span class='ocrx_word' id='word_1_32' title='bbox 597 939 675 1008; x_wconf 55' lang='lat' dir='ltr'><strong><em>rugi</em></strong></span> <span class='ocrx_word' id='word_1_33' title='bbox 718 938 922 1010; x_wconf 77' lang='grc' dir='ltr'><strong><em>δρόμῳ,</em></strong></span> <span class='ocrx_word' id='word_1_34' title='bbox 963 935 1092 1009; x_wconf 84' lang='grc' dir='ltr'><strong><em>[καὶ]</em></strong></span> <span class='ocrx_word' id='word_1_35' title='bbox 1135 938 1220 1000; x_wconf 90' lang='grc' dir='ltr'><strong><em>οἶς</em></strong></span> <span class='ocrx_word' id='word_1_36' title='bbox 1256 941 1323 990; x_wconf 84' lang='grc' dir='ltr'><strong><em>ἂν</em></strong></span> <span class='ocrx_word' id='word_1_37' title='bbox 1360 940 1393 989; x_wconf 83' lang='grc' dir='ltr'><strong><em>ό</em></strong></span> <span class='ocrx_word' id='word_1_38' title='bbox 1431 941 1636 1004; x_wconf 80' lang='grc' dir='ltr'><strong><em>ἄνεμος</em></strong></span> <span class='ocrx_word' id='word_1_39' title='bbox 1674 947 1845 1008; x_wconf 84' lang='grc' dir='ltr'><strong><em>παρῇ,</em></strong></span> <span class='ocrx_word' id='word_1_40' title='bbox 1891 941 2012 991; x_wconf 75' lang='grc' dir='ltr'><strong><em>ἐκεῖ</em></strong></span> <span class='ocrx_word' id='word_1_41' title='bbox 2039 958 2098 991; x_wconf 93' lang='grc' dir='ltr'><strong><em>τε</em></strong></span> <span class='ocrx_word' id='word_1_42' title='bbox 2133 938 2314 1010; x_wconf 79' lang='grc' dir='ltr'><strong><em>ἦλθον</em></strong></span> 
     </span>
     <span class='ocr_line' id='line_1_7' title="bbox 227 1020 2313 1094; baseline 0.001 -20"><span class='ocrx_word' id='word_1_43' title='bbox 227 1026 372 1075; x_wconf 82' lang='grc' dir='ltr'><strong><em>ὅπου</em></strong></span> <span class='ocrx_word' id='word_1_44' title='bbox 398 1023 624 1094; x_wconf 83' lang='grc' dir='ltr'><strong><em>ἤθελον,</em></strong></span> <span class='ocrx_word' id='word_1_45' title='bbox 666 1027 722 1076; x_wconf 77' lang='grc' dir='ltr'><strong><em>οἱ</em></strong></span> <span class='ocrx_word' id='word_1_46' title='bbox 760 1023 818 1076; x_wconf 79' lang='grc' dir='ltr'><strong><em>δὲ</em></strong></span> <span class='ocrx_word' id='word_1_47' title='bbox 858 1022 1313 1094; x_wconf 73' lang='grc' dir='ltr'><strong><em>ἀπολειφθέντες</em></strong></span> <span class='ocrx_word' id='word_1_48' title='bbox 1351 1026 1407 1074; x_wconf 85' lang='grc' dir='ltr'><strong><em>έν</em></strong></span> <span class='ocrx_word' id='word_1_49' title='bbox 1436 1020 1670 1090; x_wconf 78' lang='grc' dir='ltr'><strong><em>πελάγει</em></strong></span> <span class='ocrx_word' id='word_1_50' title='bbox 1693 1026 1845 1090; x_wconf 80' lang='grc' dir='ltr'><strong><em>μέσῳ</em></strong></span> <span class='ocrx_word' id='word_1_51' title='bbox 1874 1026 2054 1094; x_wconf 81' lang='grc' dir='ltr'><strong><em>μάτην</em></strong></span> <span class='ocrx_word' id='word_1_52' title='bbox 2089 1022 2313 1094; x_wconf 80' lang='grc' dir='ltr'><strong><em>ὀδύρον-</em></strong></span> 
     </span>
    </p>

    <p class='ocr_par' dir='ltr' id='par_1_5' title="bbox 171 1106 2314 1430">
     <span class='ocr_line' id='line_1_8' title="bbox 171 1106 2314 1178; baseline 0 -19"><span class='ocrx_word' id='word_1_53' title='bbox 171 1123 193 1159; x_wconf 82' lang='lat'>5</span> <span class='ocrx_word' id='word_1_54' title='bbox 230 1121 351 1159; x_wconf 91' lang='grc' dir='ltr'><strong><em>ται·</em></strong></span> <span class='ocrx_word' id='word_1_55' title='bbox 403 1111 580 1171; x_wconf 81' lang='grc' dir='ltr'><strong><em>οὕτως</em></strong></span> <span class='ocrx_word' id='word_1_56' title='bbox 631 1108 724 1160; x_wconf 77' lang='grc' dir='ltr'><strong><em>οὖν</em></strong></span> <span class='ocrx_word' id='word_1_57' title='bbox 761 1110 854 1159; x_wconf 84' lang='grc' dir='ltr'><strong><em>καὶ</em></strong></span> <span class='ocrx_word' id='word_1_58' title='bbox 891 1115 989 1178; x_wconf 84' lang='grc' dir='ltr'><strong><em>τῆς</em></strong></span> <span class='ocrx_word' id='word_1_59' title='bbox 1026 1110 1192 1177; x_wconf 82' lang='grc' dir='ltr'><strong><em>τύχης</em></strong></span> <span class='ocrx_word' id='word_1_60' title='bbox 1230 1109 1524 1177; x_wconf 85' lang='grc' dir='ltr'><strong><em>παρούσης</em></strong></span> <span class='ocrx_word' id='word_1_61' title='bbox 1559 1109 1660 1172; x_wconf 83' lang='grc' dir='ltr'><strong><em>μὲν</em></strong></span> <span class='ocrx_word' id='word_1_62' title='bbox 1693 1109 1911 1176; x_wconf 84' lang='grc' dir='ltr'><strong><em>χαίρειν</em></strong></span> <span class='ocrx_word' id='word_1_63' title='bbox 1937 1109 2030 1159; x_wconf 85' lang='grc' dir='ltr'><strong><em>καὶ</em></strong></span> <span class='ocrx_word' id='word_1_64' title='bbox 2067 1106 2314 1178; x_wconf 78' lang='grc' dir='ltr'><strong><em>ἥδεσθαι</em></strong></span> 
     </span>
     <span class='ocr_line' id='line_1_9' title="bbox 224 1188 2313 1263; baseline 0 -20"><span class='ocrx_word' id='word_1_65' title='bbox 224 1196 356 1255; x_wconf 82' lang='grc' dir='ltr'><strong><em>τούς</em></strong></span> <span class='ocrx_word' id='word_1_66' title='bbox 394 1195 752 1263; x_wconf 74' lang='grc' dir='ltr'><strong><em>ἀνθρώπους,</em></strong></span> <span class='ocrx_word' id='word_1_67' title='bbox 790 1194 864 1263; x_wconf 81' lang='grc' dir='ltr'><strong><em>μὴ</em></strong></span> <span class='ocrx_word' id='word_1_68' title='bbox 895 1194 1186 1261; x_wconf 88' lang='grc' dir='ltr'><strong><em>παρούσης</em></strong></span> <span class='ocrx_word' id='word_1_69' title='bbox 1214 1190 1273 1242; x_wconf 79' lang='grc' dir='ltr'><strong><em>δὲ</em></strong></span> <span class='ocrx_word' id='word_1_70' title='bbox 1303 1188 1482 1261; x_wconf 90' lang='grc' dir='ltr'><strong><em>λύπην</em></strong></span> <span class='ocrx_word' id='word_1_71' title='bbox 1510 1192 1654 1256; x_wconf 81' lang='grc' dir='ltr'><strong><em>ἔχειν</em></strong></span> <span class='ocrx_word' id='word_1_72' title='bbox 1679 1193 1773 1242; x_wconf 86' lang='grc' dir='ltr'><strong><em>καὶ</em></strong></span> <span class='ocrx_word' id='word_1_73' title='bbox 1800 1193 2062 1260; x_wconf 91' lang='grc' dir='ltr'><strong><em>ἀπορίαν.</em></strong></span> <span class='ocrx_word' id='word_1_74' title='bbox 2127 1195 2313 1243; x_wconf 89' lang='grc' dir='ltr'><strong><em>πάντα</em></strong></span> 
     </span>
     <span class='ocr_line' id='line_1_10' title="bbox 221 1270 2314 1349; baseline -0.001 -20"><span class='ocrx_word' id='word_1_75' title='bbox 221 1279 324 1347; x_wconf 84' lang='grc' dir='ltr'><strong><em>γάρ</em></strong></span> <span class='ocrx_word' id='word_1_76' title='bbox 356 1281 415 1329; x_wconf 77' lang='grc' dir='ltr'><strong><em>ἐκ</em></strong></span> <span class='ocrx_word' id='word_1_77' title='bbox 455 1285 553 1349; x_wconf 85' lang='grc' dir='ltr'><strong><em>τῆς</em></strong></span> <span class='ocrx_word' id='word_1_78' title='bbox 592 1276 858 1343; x_wconf 79' lang='grc' dir='ltr'><strong><em>δαίμονος</em></strong></span> <span class='ocrx_word' id='word_1_79' title='bbox 894 1278 1115 1346; x_wconf 86' lang='grc' dir='ltr'><strong><em>ταύτης,</em></strong></span> <span class='ocrx_word' id='word_1_80' title='bbox 1154 1277 1374 1346; x_wconf 81' lang='grc' dir='ltr'><strong><em>καὶγὰρ</em></strong></span> <span class='ocrx_word' id='word_1_81' title='bbox 1403 1278 1465 1326; x_wconf 87' lang='grc' dir='ltr'><strong><em>τὸ</em></strong></span> <span class='ocrx_word' id='word_1_82' title='bbox 1493 1277 1712 1344; x_wconf 79' lang='grc' dir='ltr'><strong><em>ἄπορον</em></strong></span> <span class='ocrx_word' id='word_1_83' title='bbox 1742 1275 1983 1345; x_wconf 74' lang='grc' dir='ltr'><strong><em>εὔπορον</em></strong></span> <span class='ocrx_word' id='word_1_84' title='bbox 2010 1270 2314 1345; x_wconf 89' lang='grc' dir='ltr'><strong><em>[φαίνεται]</em></strong></span> 
     </span>
     <span class='ocr_line' id='line_1_11' title="bbox 220 1358 2314 1430; baseline -0 -16"><span class='ocrx_word' id='word_1_85' title='bbox 220 1365 401 1414; x_wconf 79' lang='grc' dir='ltr'><strong><em>καὶτὸ</em></strong></span> <span class='ocrx_word' id='word_1_86' title='bbox 429 1363 669 1423; x_wconf 81' lang='grc' dir='ltr'><strong><em>ἀσθενὲς</em></strong></span> <span class='ocrx_word' id='word_1_87' title='bbox 708 1362 932 1429; x_wconf 79' lang='grc' dir='ltr'><strong><em>ἰσχυρόν</em></strong></span> <span class='ocrx_word' id='word_1_88' title='bbox 969 1362 1062 1411; x_wconf 82' lang='grc' dir='ltr'><strong><em>καὶ</em></strong></span> <span class='ocrx_word' id='word_1_89' title='bbox 1100 1362 1162 1410; x_wconf 87' lang='grc' dir='ltr'><strong><em>τὸ</em></strong></span> <span class='ocrx_word' id='word_1_90' title='bbox 1204 1361 1434 1430; x_wconf 86' lang='grc' dir='ltr'><strong><em>αἰσχρὸν</em></strong></span> <span class='ocrx_word' id='word_1_91' title='bbox 1470 1358 1638 1411; x_wconf 86' lang='grc' dir='ltr'><strong><em>καλὸν</em></strong></span> <span class='ocrx_word' id='word_1_92' title='bbox 1675 1362 1769 1411; x_wconf 85' lang='grc' dir='ltr'><strong><em>καὶ</em></strong></span> <span class='ocrx_word' id='word_1_93' title='bbox 1804 1363 1835 1428; x_wconf 79' lang='grc' dir='ltr'><strong><em>ἡ</em></strong></span> <span class='ocrx_word' id='word_1_94' title='bbox 1875 1362 2043 1411; x_wconf 89' lang='grc' dir='ltr'><strong><em>πενία</em></strong></span> <span class='ocrx_word' id='word_1_95' title='bbox 2068 1362 2314 1429; x_wconf 89' lang='grc' dir='ltr'><strong><em>γίγνεται</em></strong></span> 
     </span>
    </p>

    <p class='ocr_par' dir='ltr' id='par_1_6' title="bbox 28 1442 2380 2703">
     <span class='ocr_line' id='line_1_12' title="bbox 48 1442 2380 1516; baseline -0.001 -17"><span class='ocrx_word' id='word_1_96' title='bbox 48 1458 129 1499; x_wconf 80' lang='grc'>(690</span> <span class='ocrx_word' id='word_1_97' title='bbox 148 1457 202 1501; x_wconf 80' lang='grc' dir='ltr'><strong><em>Μ)</em></strong></span> <span class='ocrx_word' id='word_1_98' title='bbox 224 1443 482 1507; x_wconf 85' lang='grc' dir='ltr'><strong><em>πλοῦτος.</em></strong></span> <span class='ocrx_word' id='word_1_99' title='bbox 534 1448 700 1515; x_wconf 87' lang='grc' dir='ltr'><strong><em>τύχης</em></strong></span> <span class='ocrx_word' id='word_1_100' title='bbox 724 1451 854 1513; x_wconf 82' lang='grc' dir='ltr'><strong><em>γοῦν</em></strong></span> <span class='ocrx_word' id='word_1_101' title='bbox 880 1447 939 1496; x_wconf 78' lang='grc' dir='ltr'><strong><em>ἐν</em></strong></span> <span class='ocrx_word' id='word_1_102' title='bbox 965 1442 1222 1514; x_wconf 85' lang='grc' dir='ltr'><strong><em>θαλάττῃ</em></strong></span> <span class='ocrx_word' id='word_1_103' title='bbox 1249 1450 1546 1515; x_wconf 83' lang='grc' dir='ltr'><strong><em>γενομένης</em></strong></span> <span class='ocrx_word' id='word_1_104' title='bbox 1572 1443 1810 1496; x_wconf 83' lang='grc' dir='ltr'><strong><em>εὐπλοεῖ</em></strong></span> <span class='ocrx_word' id='word_1_105' title='bbox 1827 1451 1960 1507; x_wconf 82' lang='grc' dir='ltr'><strong><em>ναῦς</em></strong></span> <span class='ocrx_word' id='word_1_106' title='bbox 1983 1448 2076 1498; x_wconf 83' lang='grc' dir='ltr'><strong><em>καὶ</em></strong></span> <span class='ocrx_word' id='word_1_107' title='bbox 2101 1448 2159 1497; x_wconf 83' lang='grc' dir='ltr'><strong><em>έν</em></strong></span> <span class='ocrx_word' id='word_1_108' title='bbox 2187 1448 2312 1516; x_wconf 85' lang='grc' dir='ltr'><strong><em>ἀέρι</em></strong></span> <span class='ocrx_word' id='word_1_109' title='bbox 2349 1448 2380 1497; x_wconf 87' lang='grc'>2</span> 
     </span>
     <span class='ocr_line' id='line_1_13' title="bbox 143 1531 2312 1601; baseline 0 -20"><span class='ocrx_word' id='word_1_110' title='bbox 143 1540 189 1581; x_wconf 85' lang='grc'><strong><em>10</em></strong></span> <span class='ocrx_word' id='word_1_111' title='bbox 227 1532 498 1601; x_wconf 79' lang='grc' dir='ltr'><strong><em>φανείσης</em></strong></span> <span class='ocrx_word' id='word_1_112' title='bbox 524 1531 745 1595; x_wconf 81' lang='grc' dir='ltr'><strong><em>εὐτυχεῖ</em></strong></span> <span class='ocrx_word' id='word_1_113' title='bbox 762 1531 1018 1599; x_wconf 89' lang='grc' dir='ltr'><strong><em>γεωργός.</em></strong></span> <span class='ocrx_word' id='word_1_114' title='bbox 1064 1532 1157 1581; x_wconf 82' lang='grc' dir='ltr'><strong><em>καὶ</em></strong></span> <span class='ocrx_word' id='word_1_115' title='bbox 1186 1531 1332 1600; x_wconf 81' lang='grc' dir='ltr'><strong><em>ψυχὴ</em></strong></span> <span class='ocrx_word' id='word_1_116' title='bbox 1361 1531 1599 1599; x_wconf 83' lang='grc' dir='ltr'><strong><em>γέγηθεν</em></strong></span> <span class='ocrx_word' id='word_1_117' title='bbox 1625 1533 1737 1582; x_wconf 84' lang='grc' dir='ltr'><strong><em>ὑπὸ</em></strong></span> <span class='ocrx_word' id='word_1_118' title='bbox 1765 1537 1863 1601; x_wconf 84' lang='grc' dir='ltr'><strong><em>τῆς</em></strong></span> <span class='ocrx_word' id='word_1_119' title='bbox 1888 1533 2053 1600; x_wconf 91' lang='grc' dir='ltr'><strong><em>τύχης</em></strong></span> <span class='ocrx_word' id='word_1_120' title='bbox 2075 1533 2312 1598; x_wconf 89' lang='grc' dir='ltr'><strong><em>αἰωρου-</em></strong></span> 
     </span>
     <span class='ocr_line' id='line_1_14' title="bbox 215 1612 2309 1685; baseline 0.001 -20"><span class='ocrx_word' id='word_1_121' title='bbox 215 1618 384 1684; x_wconf 84' lang='grc' dir='ltr'><strong><em>μένη·</em></strong></span> <span class='ocrx_word' id='word_1_122' title='bbox 433 1616 484 1665; x_wconf 75' lang='grc' dir='ltr'><strong><em>εἰ</em></strong></span> <span class='ocrx_word' id='word_1_123' title='bbox 535 1613 593 1665; x_wconf 75' lang='grc' dir='ltr'><strong><em>δὲ</em></strong></span> <span class='ocrx_word' id='word_1_124' title='bbox 643 1612 928 1665; x_wconf 87' lang='grc' dir='ltr'><strong><em>ἀπολίποι</em></strong></span> <span class='ocrx_word' id='word_1_125' title='bbox 965 1617 1127 1684; x_wconf 92' lang='grc' dir='ltr'><strong><em>τύχη,</em></strong></span> <span class='ocrx_word' id='word_1_126' title='bbox 1178 1616 1467 1684; x_wconf 87' lang='grc' dir='ltr'><strong><em>περίεστιν</em></strong></span> <span class='ocrx_word' id='word_1_127' title='bbox 1507 1616 1584 1677; x_wconf 83' lang='grc' dir='ltr'><strong><em>ὡς</em></strong></span> <span class='ocrx_word' id='word_1_128' title='bbox 1622 1617 1680 1666; x_wconf 84' lang='grc' dir='ltr'><strong><em>έν</em></strong></span> <span class='ocrx_word' id='word_1_129' title='bbox 1730 1617 1892 1685; x_wconf 83' lang='grc' dir='ltr'><strong><em>τάφῳ</em></strong></span> <span class='ocrx_word' id='word_1_130' title='bbox 1946 1614 2024 1682; x_wconf 74' lang='grc' dir='ltr'><strong><em>τῴ</em></strong></span> <span class='ocrx_word' id='word_1_131' title='bbox 2074 1618 2309 1681; x_wconf 89' lang='grc' dir='ltr'><strong><em>σώματι.</em></strong></span> 
     </span>
     <span class='ocr_line' id='line_1_15' title="bbox 218 1696 2308 1769; baseline 0 -19"><span class='ocrx_word' id='word_1_132' title='bbox 218 1698 343 1750; x_wconf 71' lang='grc' dir='ltr'><strong><em>οὔτε</em></strong></span> <span class='ocrx_word' id='word_1_133' title='bbox 381 1701 483 1769; x_wconf 84' lang='grc' dir='ltr'><strong><em>γὰρ</em></strong></span> <span class='ocrx_word' id='word_1_134' title='bbox 525 1701 574 1751; x_wconf 82' lang='grc' dir='ltr'><strong><em>εἰ</em></strong></span> <span class='ocrx_word' id='word_1_135' title='bbox 615 1698 766 1767; x_wconf 81' lang='grc' dir='ltr'><strong><em>λέγοι</em></strong></span> <span class='ocrx_word' id='word_1_136' title='bbox 804 1716 907 1763; x_wconf 86' lang='grc' dir='ltr'><strong><em>τις,</em></strong></span> <span class='ocrx_word' id='word_1_137' title='bbox 952 1696 1248 1765; x_wconf 81' lang='grc' dir='ltr'><strong><em>εὐδοκιμεῖ,</em></strong></span> <span class='ocrx_word' id='word_1_138' title='bbox 1291 1700 1415 1750; x_wconf 72' lang='grc' dir='ltr'><strong><em>οὔτε</em></strong></span> <span class='ocrx_word' id='word_1_139' title='bbox 1444 1701 1494 1750; x_wconf 84' lang='grc' dir='ltr'><strong><em>εἰ</em></strong></span> <span class='ocrx_word' id='word_1_140' title='bbox 1522 1702 1768 1768; x_wconf 89' lang='grc' dir='ltr'><strong><em>πράττοι</em></strong></span> <span class='ocrx_word' id='word_1_141' title='bbox 1794 1717 1896 1762; x_wconf 83' lang='grc' dir='ltr'><strong><em>τις,</em></strong></span> <span class='ocrx_word' id='word_1_142' title='bbox 1937 1702 2308 1767; x_wconf 76' lang='grc' dir='ltr'><strong><em>ἐπιτυγχάνει,</em></strong></span> 
     </span>
     <span class='ocr_line' id='line_1_16' title="bbox 217 1782 2307 1855; baseline -0 -20"><span class='ocrx_word' id='word_1_143' title='bbox 217 1782 342 1835; x_wconf 77' lang='grc' dir='ltr'><strong><em>οὐδὲ</em></strong></span> <span class='ocrx_word' id='word_1_144' title='bbox 384 1783 588 1855; x_wconf 82' lang='grc' dir='ltr'><strong><em>ὄφελός</em></strong></span> <span class='ocrx_word' id='word_1_145' title='bbox 626 1803 682 1835; x_wconf 91' lang='grc' dir='ltr'><strong><em>τι</em></strong></span> <span class='ocrx_word' id='word_1_146' title='bbox 722 1786 896 1855; x_wconf 80' lang='grc' dir='ltr'><strong><em>εὐφυῆ</em></strong></span> <span class='ocrx_word' id='word_1_147' title='bbox 936 1785 1207 1851; x_wconf 88' lang='grc' dir='ltr'><strong><em>γενέσθαι</em></strong></span> <span class='ocrx_word' id='word_1_148' title='bbox 1246 1782 1648 1854; x_wconf 86' lang='grc' dir='ltr'><strong><em>ἀπολιπούσης</em></strong></span> <span class='ocrx_word' id='word_1_149' title='bbox 1686 1787 1867 1854; x_wconf 88' lang='grc' dir='ltr'><strong><em>τύχης.</em></strong></span> <span class='ocrx_word' id='word_1_150' title='bbox 1954 1787 2160 1854; x_wconf 88' lang='grc' dir='ltr'><strong><em>ταύτης</em></strong></span> <span class='ocrx_word' id='word_1_151' title='bbox 2205 1785 2307 1852; x_wconf 82' lang='grc' dir='ltr'><strong><em>γὰρ</em></strong></span> 
     </span>
     <span class='ocr_line' id='line_1_17' title="bbox 215 1866 2307 1939; baseline 0 -20"><span class='ocrx_word' id='word_1_152' title='bbox 215 1872 287 1939; x_wconf 81' lang='grc' dir='ltr'><strong><em>μὴ</em></strong></span> <span class='ocrx_word' id='word_1_153' title='bbox 329 1872 622 1939; x_wconf 89' lang='grc' dir='ltr'><strong><em>παρούσης</em></strong></span> <span class='ocrx_word' id='word_1_154' title='bbox 671 1871 733 1919; x_wconf 78' lang='grc' dir='ltr'><strong><em>οὐ</em></strong></span> <span class='ocrx_word' id='word_1_155' title='bbox 784 1867 1044 1939; x_wconf 87' lang='grc' dir='ltr'><strong><em>προῆλθε</em></strong></span> <span class='ocrx_word' id='word_1_156' title='bbox 1099 1867 1334 1920; x_wconf 74' lang='grc' dir='ltr'><strong><em>παιδεία</em></strong></span> <span class='ocrx_word' id='word_1_157' title='bbox 1387 1867 1512 1920; x_wconf 77' lang='grc' dir='ltr'><strong><em>οὐδὲ</em></strong></span> <span class='ocrx_word' id='word_1_158' title='bbox 1564 1866 1700 1919; x_wconf 82' lang='grc' dir='ltr'><strong><em>ἄλλο</em></strong></span> <span class='ocrx_word' id='word_1_159' title='bbox 1748 1888 1803 1920; x_wconf 92' lang='grc' dir='ltr'><strong><em>τι</em></strong></span> <span class='ocrx_word' id='word_1_160' title='bbox 1855 1870 2090 1936; x_wconf 88' lang='grc' dir='ltr'><strong><em>ἀγαθόν.</em></strong></span> <span class='ocrx_word' id='word_1_161' title='bbox 2167 1867 2307 1919; x_wconf 85' lang='grc' dir='ltr'><strong><em>ἀλλὰ</em></strong></span> 
     </span>
     <span class='ocr_line' id='line_1_18' title="bbox 28 1937 2308 2024; baseline 0 -20"><span class='ocrx_word' id='word_1_162' title='bbox 28 1937 119 2021; x_wconf 51' lang='lat' dir='ltr'>²15³)ss</span> <span class='ocrx_word' id='word_1_163' title='bbox 135 1967 177 2004; x_wconf 78' lang='lat'><strong><em>15</em></strong></span> <span class='ocrx_word' id='word_1_164' title='bbox 215 1957 322 2024; x_wconf 83' lang='grc' dir='ltr'><strong><em>μὴν</em></strong></span> <span class='ocrx_word' id='word_1_165' title='bbox 359 1956 451 2006; x_wconf 82' lang='grc' dir='ltr'><strong><em>καὶ</em></strong></span> <span class='ocrx_word' id='word_1_166' title='bbox 490 1951 654 2024; x_wconf 82' lang='grc' dir='ltr'><strong><em>ἀρετὴ</em></strong></span> <span class='ocrx_word' id='word_1_167' title='bbox 695 1956 822 2005; x_wconf 90' lang='grc' dir='ltr'><strong><em>τότε</em></strong></span> <span class='ocrx_word' id='word_1_168' title='bbox 861 1955 1035 2024; x_wconf 83' lang='grc' dir='ltr'><strong><em>ἔργων</em></strong></span> <span class='ocrx_word' id='word_1_169' title='bbox 1074 1957 1252 2005; x_wconf 76' lang='grc' dir='ltr'><strong><em>ἕνεκεν</em></strong></span> <span class='ocrx_word' id='word_1_170' title='bbox 1279 1950 1651 2020; x_wconf 82' lang='grc' dir='ltr'><strong><em>θαυμάζεται,</em></strong></span> <span class='ocrx_word' id='word_1_171' title='bbox 1692 1956 1824 2004; x_wconf 83' lang='grc' dir='ltr'><strong><em>ὅταν</em></strong></span> <span class='ocrx_word' id='word_1_172' title='bbox 1865 1960 2021 2023; x_wconf 81' lang='grc' dir='ltr'><strong><em>παρῇ</em></strong></span> <span class='ocrx_word' id='word_1_173' title='bbox 2057 1956 2218 2024; x_wconf 87' lang='grc' dir='ltr'><strong><em>τύχη·</em></strong></span> <span class='ocrx_word' id='word_1_174' title='bbox 2258 1956 2308 2005; x_wconf 85' lang='grc' dir='ltr'><strong><em>εἰ</em></strong></span> 
     </span>
     <span class='ocr_line' id='line_1_19' title="bbox 217 2036 2304 2109; baseline -0 -20"><span class='ocrx_word' id='word_1_175' title='bbox 217 2036 275 2089; x_wconf 72' lang='grc' dir='ltr'><strong><em>δὲ</em></strong></span> <span class='ocrx_word' id='word_1_176' title='bbox 315 2040 562 2108; x_wconf 83' lang='grc' dir='ltr'><strong><em>ἀφεθείη</em></strong></span> <span class='ocrx_word' id='word_1_177' title='bbox 601 2042 769 2108; x_wconf 90' lang='grc' dir='ltr'><strong><em>μόνη,</em></strong></span> <span class='ocrx_word' id='word_1_178' title='bbox 821 2036 982 2106; x_wconf 90' lang='grc' dir='ltr'><strong><em>λόγος</em></strong></span> <span class='ocrx_word' id='word_1_179' title='bbox 1032 2041 1152 2090; x_wconf 82' lang='grc' dir='ltr'><strong><em>ἐστὶ</em></strong></span> <span class='ocrx_word' id='word_1_180' title='bbox 1188 2036 1362 2089; x_wconf 83' lang='grc' dir='ltr'><strong><em>καλοῦ</em></strong></span> <span class='ocrx_word' id='word_1_181' title='bbox 1399 2041 1729 2108; x_wconf 89' lang='grc' dir='ltr'><strong><em>πράγματος</em></strong></span> <span class='ocrx_word' id='word_1_182' title='bbox 1779 2040 2082 2107; x_wconf 85' lang='grc' dir='ltr'><strong><em>ἄπρακτος.</em></strong></span> <span class='ocrx_word' id='word_1_183' title='bbox 2169 2041 2304 2109; x_wconf 80' lang='grc' dir='ltr'><strong><em>αὕτη</em></strong></span> 
     </span>
     <span class='ocr_line' id='line_1_20' title="bbox 214 2120 2306 2193; baseline 0 -21"><span class='ocrx_word' id='word_1_184' title='bbox 214 2120 611 2188; x_wconf 87' lang='grc' dir='ltr'><strong><em>πολεμούντων</em></strong></span> <span class='ocrx_word' id='word_1_185' title='bbox 629 2128 731 2188; x_wconf 89' lang='grc' dir='ltr'><strong><em>μέν</em></strong></span> <span class='ocrx_word' id='word_1_186' title='bbox 757 2125 878 2173; x_wconf 81' lang='grc' dir='ltr'><strong><em>ἐστι</em></strong></span> <span class='ocrx_word' id='word_1_187' title='bbox 906 2124 1025 2193; x_wconf 84' lang='grc' dir='ltr'><strong><em>νίκη</em></strong></span> <span class='ocrx_word' id='word_1_188' title='bbox 1053 2125 1146 2174; x_wconf 81' lang='grc' dir='ltr'><strong><em>καὶ</em></strong></span> <span class='ocrx_word' id='word_1_189' title='bbox 1173 2125 1394 2193; x_wconf 84' lang='grc' dir='ltr'><strong><em>εἰρήνην</em></strong></span> <span class='ocrx_word' id='word_1_190' title='bbox 1423 2125 1671 2190; x_wconf 87' lang='grc' dir='ltr'><strong><em>ἀγόντων</em></strong></span> <span class='ocrx_word' id='word_1_191' title='bbox 1699 2125 1932 2189; x_wconf 84' lang='grc' dir='ltr'><strong><em>ὁμόνοια</em></strong></span> <span class='ocrx_word' id='word_1_192' title='bbox 1952 2125 2046 2174; x_wconf 84' lang='grc' dir='ltr'><strong><em>καὶ</em></strong></span> <span class='ocrx_word' id='word_1_193' title='bbox 2069 2125 2306 2189; x_wconf 89' lang='grc' dir='ltr'><strong><em>γαμούν-</em></strong></span> 
     </span>
     <span class='ocr_line' id='line_1_21' title="bbox 212 2205 2306 2278; baseline 0 -21"><span class='ocrx_word' id='word_1_194' title='bbox 212 2225 322 2258; x_wconf 93' lang='grc' dir='ltr'><strong><em>των</em></strong></span> <span class='ocrx_word' id='word_1_195' title='bbox 371 2208 557 2258; x_wconf 80' lang='grc' dir='ltr'><strong><em>εύνοια</em></strong></span> <span class='ocrx_word' id='word_1_196' title='bbox 606 2210 699 2259; x_wconf 84' lang='grc' dir='ltr'><strong><em>καὶ</em></strong></span> <span class='ocrx_word' id='word_1_197' title='bbox 746 2210 1002 2275; x_wconf 81' lang='grc' dir='ltr'><strong><em>ἐρώντων</em></strong></span> <span class='ocrx_word' id='word_1_198' title='bbox 1039 2205 1208 2278; x_wconf 79' lang='grc' dir='ltr'><strong><em>ἡδονὴ</em></strong></span> <span class='ocrx_word' id='word_1_199' title='bbox 1248 2210 1341 2259; x_wconf 81' lang='grc' dir='ltr'><strong><em>καὶ</em></strong></span> <span class='ocrx_word' id='word_1_200' title='bbox 1391 2206 1534 2269; x_wconf 83' lang='grc' dir='ltr'><strong><em>ὅλως</em></strong></span> <span class='ocrx_word' id='word_1_201' title='bbox 1582 2212 1614 2278; x_wconf 79' lang='grc' dir='ltr'>ἡ</span> <span class='ocrx_word' id='word_1_202' title='bbox 1666 2210 1764 2258; x_wconf 80' lang='grc' dir='ltr'><strong><em>ἐπὶ</em></strong></span> <span class='ocrx_word' id='word_1_203' title='bbox 1802 2209 1974 2259; x_wconf 81' lang='grc' dir='ltr'><strong><em>παντὶ</em></strong></span> <span class='ocrx_word' id='word_1_204' title='bbox 2011 2206 2089 2275; x_wconf 75' lang='grc' dir='ltr'><strong><em>τῷ</em></strong></span> <span class='ocrx_word' id='word_1_205' title='bbox 2127 2224 2306 2275; x_wconf 89' lang='grc' dir='ltr'><strong><em>γιγνο-</em></strong></span> 
     </span>
     <span class='ocr_line' id='line_1_22' title="bbox 209 2291 2373 2363; baseline 0.003 -22"><span class='ocrx_word' id='word_1_206' title='bbox 209 2295 356 2359; x_wconf 81' lang='grc' dir='ltr'><strong><em>μένῳ</em></strong></span> <span class='ocrx_word' id='word_1_207' title='bbox 398 2293 688 2360; x_wconf 80' lang='grc' dir='ltr'><strong><em>εὐπραγία.</em></strong></span> <span class='ocrx_word' id='word_1_208' title='bbox 763 2300 861 2363; x_wconf 83' lang='grc' dir='ltr'><strong><em>γῆν</em></strong></span> <span class='ocrx_word' id='word_1_209' title='bbox 900 2294 990 2344; x_wconf 84' lang='grc' dir='ltr'><strong><em>ὅτε</em></strong></span> <span class='ocrx_word' id='word_1_210' title='bbox 1030 2294 1096 2343; x_wconf 82' lang='grc' dir='ltr'><strong><em>ἂν</em></strong></span> <span class='ocrx_word' id='word_1_211' title='bbox 1134 2291 1415 2362; x_wconf 83' lang='grc' dir='ltr'><strong><em>καταλίπῃ</em></strong></span> <span class='ocrx_word' id='word_1_212' title='bbox 1455 2295 1616 2363; x_wconf 92' lang='grc' dir='ltr'><strong><em>τύχη,</em></strong></span> <span class='ocrx_word' id='word_1_213' title='bbox 1666 2295 1792 2344; x_wconf 91' lang='grc' dir='ltr'><strong><em>τότε</em></strong></span> <span class='ocrx_word' id='word_1_214' title='bbox 1830 2293 1923 2343; x_wconf 85' lang='grc' dir='ltr'><strong><em>καὶ</em></strong></span> <span class='ocrx_word' id='word_1_215' title='bbox 1963 2294 2175 2344; x_wconf 88' lang='grc' dir='ltr'><strong><em>σείεται</em></strong></span> <span class='ocrx_word' id='word_1_216' title='bbox 2212 2295 2304 2344; x_wconf 84' lang='grc' dir='ltr'><strong><em>καὶ</em></strong></span> <span class='ocrx_word' id='word_1_217' title='bbox 2344 2298 2373 2348; x_wconf 89' lang='grc'><strong>3</strong></span> 
     </span>
     <span class='ocr_line' id='line_1_23' title="bbox 135 2370 2305 2448; baseline 0 -21"><span class='ocrx_word' id='word_1_218' title='bbox 135 2388 183 2428; x_wconf 83' lang='grc'><strong><em>20</em></strong></span> <span class='ocrx_word' id='word_1_219' title='bbox 220 2381 411 2446; x_wconf 87' lang='grc' dir='ltr'><strong><em>τρέμει</em></strong></span> <span class='ocrx_word' id='word_1_220' title='bbox 446 2379 539 2428; x_wconf 81' lang='grc' dir='ltr'><strong><em>καὶ</em></strong></span> <span class='ocrx_word' id='word_1_221' title='bbox 576 2378 643 2428; x_wconf 80' lang='grc' dir='ltr'><strong><em>τοὶ</em></strong></span> <span class='ocrx_word' id='word_1_222' title='bbox 684 2370 780 2428; x_wconf 73' lang='grc' dir='ltr'><strong><em>ἐπ’</em></strong></span> <span class='ocrx_word' id='word_1_223' title='bbox 826 2378 994 2448; x_wconf 82' lang='grc' dir='ltr'><strong><em>αὐτῆς</em></strong></span> <span class='ocrx_word' id='word_1_224' title='bbox 1036 2376 1178 2428; x_wconf 84' lang='grc' dir='ltr'><strong><em>καλὰ</em></strong></span> <span class='ocrx_word' id='word_1_225' title='bbox 1226 2376 1674 2448; x_wconf 80' lang='grc' dir='ltr'><strong><em>ὄιαρριπτεῐται’</em></strong></span> <span class='ocrx_word' id='word_1_226' title='bbox 1720 2383 1884 2428; x_wconf 82' lang='grc' dir='ltr'><strong><em>τοῦτο</em></strong></span> <span class='ocrx_word' id='word_1_227' title='bbox 1929 2385 2028 2448; x_wconf 85' lang='grc' dir='ltr'><strong><em>γῆς</em></strong></span> <span class='ocrx_word' id='word_1_228' title='bbox 2071 2381 2305 2447; x_wconf 92' lang='grc' dir='ltr'><strong><em>νόσημα,</em></strong></span> 
     </span>
     <span class='ocr_line' id='line_1_24' title="bbox 211 2458 2305 2533; baseline 0.001 -22"><span class='ocrx_word' id='word_1_229' title='bbox 211 2458 285 2530; x_wconf 87' lang='grc' dir='ltr'><strong><em>μὴ</em></strong></span> <span class='ocrx_word' id='word_1_230' title='bbox 327 2464 618 2531; x_wconf 89' lang='grc' dir='ltr'><strong><em>παρούσης</em></strong></span> <span class='ocrx_word' id='word_1_231' title='bbox 656 2464 836 2532; x_wconf 90' lang='grc' dir='ltr'><strong><em>τύχης.</em></strong></span> <span class='ocrx_word' id='word_1_232' title='bbox 901 2464 978 2524; x_wconf 82' lang='grc' dir='ltr'><strong><em>ὡς</em></strong></span> <span class='ocrx_word' id='word_1_233' title='bbox 1019 2460 1078 2513; x_wconf 78' lang='grc' dir='ltr'><strong><em>δὲ</em></strong></span> <span class='ocrx_word' id='word_1_234' title='bbox 1116 2470 1248 2524; x_wconf 84' lang='grc' dir='ltr'><strong><em>ναῦς</em></strong></span> <span class='ocrx_word' id='word_1_235' title='bbox 1286 2464 1406 2532; x_wconf 79' lang='grc' dir='ltr'><strong><em>εἰκῇ</em></strong></span> <span class='ocrx_word' id='word_1_236' title='bbox 1435 2467 1669 2533; x_wconf 88' lang='grc' dir='ltr'><strong><em>φέρεται</em></strong></span> <span class='ocrx_word' id='word_1_237' title='bbox 1697 2464 1790 2513; x_wconf 83' lang='grc' dir='ltr'><strong><em>καὶ</em></strong></span> <span class='ocrx_word' id='word_1_238' title='bbox 1819 2464 1953 2527; x_wconf 81' lang='grc' dir='ltr'><strong><em>ταχύ</em></strong></span> <span class='ocrx_word' id='word_1_239' title='bbox 1992 2459 2305 2529; x_wconf 78' lang='grc' dir='ltr'><strong><em>βυθίζεται,</em></strong></span> 
     </span>
     <span class='ocr_line' id='line_1_25' title="bbox 210 2545 2304 2618; baseline 0 -22"><span class='ocrx_word' id='word_1_240' title='bbox 210 2547 544 2617; x_wconf 73' lang='grc' dir='ltr'><strong><em>κυβερνήτου</em></strong></span> <span class='ocrx_word' id='word_1_241' title='bbox 586 2551 906 2618; x_wconf 85' lang='grc' dir='ltr'><strong><em>στερομένη,</em></strong></span> <span class='ocrx_word' id='word_1_242' title='bbox 949 2550 1043 2599; x_wconf 84' lang='grc' dir='ltr'><strong><em>καὶ</em></strong></span> <span class='ocrx_word' id='word_1_243' title='bbox 1082 2550 1158 2610; x_wconf 85' lang='grc' dir='ltr'><strong><em>ὡς</em></strong></span> <span class='ocrx_word' id='word_1_244' title='bbox 1196 2550 1346 2618; x_wconf 88' lang='grc' dir='ltr'><strong><em>τείχη</em></strong></span> <span class='ocrx_word' id='word_1_245' title='bbox 1387 2553 1663 2599; x_wconf 87' lang='grc' dir='ltr'><strong><em>κατέπεσε</em></strong></span> <span class='ocrx_word' id='word_1_246' title='bbox 1701 2545 1985 2613; x_wconf 86' lang='grc' dir='ltr'><strong><em>θεμελίων</em></strong></span> <span class='ocrx_word' id='word_1_247' title='bbox 2025 2550 2304 2617; x_wconf 89' lang='grc' dir='ltr'><strong><em>πονησάν-</em></strong></span> 
     </span>
     <span class='ocr_line' id='line_1_26' title="bbox 210 2627 2307 2703; baseline 0.001 -22"><span class='ocrx_word' id='word_1_248' title='bbox 210 2649 347 2694; x_wconf 85' lang='grc' dir='ltr'><strong><em>των,</em></strong></span> <span class='ocrx_word' id='word_1_249' title='bbox 403 2633 546 2682; x_wconf 81' lang='grc' dir='ltr'><strong><em>οὔτω</em></strong></span> <span class='ocrx_word' id='word_1_250' title='bbox 587 2629 755 2693; x_wconf 87' lang='grc' dir='ltr'><strong><em>πόλις</em></strong></span> <span class='ocrx_word' id='word_1_251' title='bbox 793 2634 875 2693; x_wconf 84' lang='grc' dir='ltr'><strong><em>εἰς</em></strong></span> <span class='ocrx_word' id='word_1_252' title='bbox 916 2634 1146 2703; x_wconf 82' lang='grc' dir='ltr'><strong><em>φθορὰν</em></strong></span> <span class='ocrx_word' id='word_1_253' title='bbox 1185 2631 1281 2703; x_wconf 87' lang='grc' dir='ltr'><strong><em>ὅλη</em></strong></span> <span class='ocrx_word' id='word_1_254' title='bbox 1325 2638 1505 2700; x_wconf 86' lang='grc' dir='ltr'><strong><em>χωρεῖ</em></strong></span> <span class='ocrx_word' id='word_1_255' title='bbox 1548 2635 1753 2684; x_wconf 88' lang='grc' dir='ltr'><strong><em>σπάνει</em></strong></span> <span class='ocrx_word' id='word_1_256' title='bbox 1800 2635 1979 2702; x_wconf 91' lang='grc' dir='ltr'><strong><em>τύχης.</em></strong></span> <span class='ocrx_word' id='word_1_257' title='bbox 2063 2627 2307 2703; x_wconf 85' lang='grc' dir='ltr'><strong><em>Ἀθῆναί</em></strong></span> 
     </span>
    </p>
   </div>
   <div class='ocr_carea' id='block_1_5' title="bbox 6 851 18 1081">
    <p class='ocr_par' dir='ltr' id='par_1_7' title="bbox 6 851 18 1081">
     <span class='ocr_line' id='line_1_27' title="bbox 6 851 18 1081; textangle 90"><span class='ocrx_word' id='word_1_258' title='bbox 6 851 18 1081; x_wconf 40' lang='grc' dir='ltr'><strong><em>,κατι-,-</em></strong></span> 
     </span>
    </p>
   </div>
   <div class='ocr_carea' id='block_1_6' title="bbox 220 2764 420 2769">
    <p class='ocr_par' dir='ltr' id='par_1_8' title="bbox 220 2764 420 2769">
     <span class='ocr_line' id='line_1_28' title="bbox 220 2764 420 2769; baseline 0 0"><span class='ocrx_word' id='word_1_259' title='bbox 220 2764 420 2769; x_wconf 95' lang='lat' dir='ltr'><strong><em> </em></strong></span> 
     </span>
    </p>
   </div>
   <div class='ocr_carea' id='block_1_7' title="bbox 2 2847 2302 3816">
    <p class='ocr_par' dir='ltr' id='par_1_9' title="bbox 3 2847 2300 2988">
     <span class='ocr_line' id='line_1_29' title="bbox 3 2847 2191 2913; baseline 0 -18"><span class='ocrx_word' id='word_1_260' title='bbox 3 2855 6 2901; x_wconf 72' lang='grc'>1</span> <span class='ocrx_word' id='word_1_261' title='bbox 352 2854 371 2895; x_wconf 92' lang='grc'>1</span> <span class='ocrx_word' id='word_1_262' title='bbox 407 2854 515 2910; x_wconf 85' lang='grc' dir='ltr'><strong><em>περὶ</em></strong></span> <span class='ocrx_word' id='word_1_263' title='bbox 545 2847 629 2910; x_wconf 82' lang='grc' dir='ltr'><strong><em>τὴν</em></strong></span> <span class='ocrx_word' id='word_1_264' title='bbox 659 2852 700 2895; x_wconf 88' lang='lat' dir='ltr'>H</span> <span class='ocrx_word' id='word_1_265' title='bbox 846 2855 870 2895; x_wconf 90' lang='lat'><strong>2</strong></span> <span class='ocrx_word' id='word_1_266' title='bbox 902 2849 1084 2911; x_wconf 86' lang='grc' dir='ltr'><strong><em>φορούς</em></strong></span> <span class='ocrx_word' id='word_1_267' title='bbox 1115 2852 1295 2906; x_wconf 80' lang='lat' dir='ltr'>Reiske‚</span> <span class='ocrx_word' id='word_1_268' title='bbox 1327 2858 1570 2913; x_wconf 81' lang='grc' dir='ltr'><strong><em>σφοδρους</em></strong></span> <span class='ocrx_word' id='word_1_269' title='bbox 1599 2854 1703 2897; x_wconf 80' lang='lat' dir='ltr'>libri</span> <span class='ocrx_word' id='word_1_270' title='bbox 1863 2857 1887 2896; x_wconf 89' lang='lat'><strong>3</strong></span> <span class='ocrx_word' id='word_1_271' title='bbox 1917 2856 1997 2899; x_wconf 84' lang='grc' dir='ltr'><strong><em>καὶ</em></strong></span> <span class='ocrx_word' id='word_1_272' title='bbox 2028 2852 2191 2897; x_wconf 83' lang='lat' dir='ltr'><strong>seclusi</strong></span> 
     </span>
     <span class='ocr_line' id='line_1_30' title="bbox 207 2919 2300 2988; baseline -0 -21"><span class='ocrx_word' id='word_1_273' title='bbox 207 2919 309 2968; x_wconf 78' lang='grc' dir='ltr'><strong><em>ἐκεῖ</em></strong></span> <span class='ocrx_word' id='word_1_274' title='bbox 336 2938 387 2968; x_wconf 85' lang='grc' dir='ltr'><strong><em>τε</em></strong></span> <span class='ocrx_word' id='word_1_275' title='bbox 418 2922 592 2979; x_wconf 78' lang='lat' dir='ltr'>scripsi,</span> <span class='ocrx_word' id='word_1_276' title='bbox 622 2921 797 2969; x_wconf 80' lang='grc' dir='ltr'><strong><em>ἐκεῖνοι</em></strong></span> <span class='ocrx_word' id='word_1_277' title='bbox 825 2923 930 2967; x_wconf 89' lang='lat' dir='ltr'>libri</span> <span class='ocrx_word' id='word_1_278' title='bbox 1069 2929 1093 2968; x_wconf 87' lang='lat'>5</span> <span class='ocrx_word' id='word_1_279' title='bbox 1125 2927 1206 2982; x_wconf 84' lang='grc' dir='ltr'><strong><em>τῆς</em></strong></span> <span class='ocrx_word' id='word_1_280' title='bbox 1236 2938 1323 2970; x_wconf 90' lang='lat' dir='ltr'><strong><em>om.</em></strong></span> <span class='ocrx_word' id='word_1_281' title='bbox 1347 2925 1387 2967; x_wconf 93' lang='lat' dir='ltr'>H</span> <span class='ocrx_word' id='word_1_282' title='bbox 1529 2929 1554 2968; x_wconf 85' lang='lat'><strong>6</strong></span> <span class='ocrx_word' id='word_1_283' title='bbox 1585 2919 1779 2988; x_wconf 78' lang='grc' dir='ltr'><strong><em>ἀπαντᾷ</em></strong></span> <span class='ocrx_word' id='word_1_284' title='bbox 1807 2924 1908 2968; x_wconf 82' lang='lat' dir='ltr'><strong>add.</strong></span> <span class='ocrx_word' id='word_1_285' title='bbox 1940 2923 2089 2979; x_wconf 87' lang='lat' dir='ltr'><strong>Emp.,</strong></span> <span class='ocrx_word' id='word_1_286' title='bbox 2120 2926 2300 2968; x_wconf 78' lang='lat' dir='ltr'><strong>secutus</strong></span> 
     </span>
    </p>

    <p class='ocr_par' dir='ltr' id='par_1_10' title="bbox 2 2967 2302 3123">
     <span class='ocr_line' id='line_1_31' title="bbox 2 2967 2302 3082; baseline 0.001 -48"><span class='ocrx_word' id='word_1_287' title='bbox 2 2967 17 3082; x_wconf 57' lang='lat' dir='ltr'><strong><em>i*</em></strong></span> <span class='ocrx_word' id='word_1_288' title='bbox 208 2991 463 3046; x_wconf 86' lang='lat' dir='ltr'>Reiskium‚</span> <span class='ocrx_word' id='word_1_289' title='bbox 501 2996 604 3048; x_wconf 78' lang='lat' dir='ltr'>post</span> <span class='ocrx_word' id='word_1_290' title='bbox 646 2987 884 3052; x_wconf 81' lang='grc' dir='ltr'><strong><em>ἀπορίαν,·</em></strong></span> <span class='ocrx_word' id='word_1_291' title='bbox 919 2997 968 3038; x_wconf 81' lang='lat' dir='ltr'><strong><em>at</em></strong></span> <span class='ocrx_word' id='word_1_292' title='bbox 1006 2995 1255 3038; x_wconf 83' lang='lat' dir='ltr'>accusativi</span> <span class='ocrx_word' id='word_1_293' title='bbox 1303 3007 1342 3039; x_wconf 85' lang='lat' dir='ltr'><strong><em>c.</em></strong></span> <span class='ocrx_word' id='word_1_294' title='bbox 1387 2994 1512 3039; x_wconf 90' lang='lat' dir='ltr'><strong>infin.</strong></span> <span class='ocrx_word' id='word_1_295' title='bbox 1560 2995 1757 3051; x_wconf 80' lang='lat' dir='ltr'>pendent</span> <span class='ocrx_word' id='word_1_296' title='bbox 1794 2995 1851 3038; x_wconf 83' lang='lat' dir='ltr'><strong><em>ab</em></strong></span> <span class='ocrx_word' id='word_1_297' title='bbox 1882 2993 2074 3039; x_wconf 83' lang='grc' dir='ltr'><strong><em>ἐοίκασί</em></strong></span> <span class='ocrx_word' id='word_1_298' title='bbox 2102 2994 2132 3038; x_wconf 94' lang='lat' dir='ltr'><strong><em>l.</em></strong></span> <span class='ocrx_word' id='word_1_299' title='bbox 2168 2998 2187 3037; x_wconf 87' lang='lat'>1</span> <span class='ocrx_word' id='word_1_300' title='bbox 2221 3006 2302 3050; x_wconf 86' lang='lat' dir='ltr'><strong><em>per</em></strong></span> 
     </span>
     <span class='ocr_line' id='line_1_32' title="bbox 209 3062 2188 3123; baseline 0.002 -19"><span class='ocrx_word' id='word_1_301' title='bbox 209 3062 547 3106; x_wconf 79' lang='lat' dir='ltr'>anacoluthiam</span> <span class='ocrx_word' id='word_1_302' title='bbox 691 3068 713 3106; x_wconf 87' lang='lat'><strong>7</strong></span> <span class='ocrx_word' id='word_1_303' title='bbox 746 3065 969 3121; x_wconf 80' lang='grc' dir='ltr'><strong><em>φαίνεται</em></strong></span> <span class='ocrx_word' id='word_1_304' title='bbox 998 3065 1161 3108; x_wconf 80' lang='lat' dir='ltr'>seclusi</span> <span class='ocrx_word' id='word_1_305' title='bbox 1305 3068 1330 3108; x_wconf 90' lang='lat'>8</span> <span class='ocrx_word' id='word_1_306' title='bbox 1361 3066 1542 3123; x_wconf 85' lang='grc' dir='ltr'><strong><em>γίνεται</em></strong></span> <span class='ocrx_word' id='word_1_307' title='bbox 1572 3064 1678 3108; x_wconf 84' lang='lat' dir='ltr'><strong>libri</strong></span> <span class='ocrx_word' id='word_1_308' title='bbox 1814 3068 1838 3107; x_wconf 80' lang='lat'>9</span> <span class='ocrx_word' id='word_1_309' title='bbox 1870 3064 2118 3123; x_wconf 79' lang='grc' dir='ltr'><strong><em>γινομένης</em></strong></span> <span class='ocrx_word' id='word_1_310' title='bbox 2147 3064 2188 3107; x_wconf 90' lang='lat' dir='ltr'>H</span> 
     </span>
    </p>

    <p class='ocr_par' dir='ltr' id='par_1_11' title="bbox 2 3086 2302 3204">
     <span class='ocr_line' id='line_1_33' title="bbox 2 3086 2302 3204; baseline 0.002 -27"><span class='ocrx_word' id='word_1_311' title='bbox 2 3086 5 3204; x_wconf 69' lang='grc' dir='ltr'>Ι</span> <span class='ocrx_word' id='word_1_312' title='bbox 214 3136 263 3177; x_wconf 88' lang='grc'><strong><em>10</em></strong></span> <span class='ocrx_word' id='word_1_313' title='bbox 305 3128 511 3190; x_wconf 80' lang='grc' dir='ltr'><strong><em>εὐτυχεῖς</em></strong></span> <span class='ocrx_word' id='word_1_314' title='bbox 541 3133 588 3175; x_wconf 89' lang='grc' dir='ltr'><strong>Μ</strong></span> <span class='ocrx_word' id='word_1_315' title='bbox 619 3128 787 3192; x_wconf 70' lang='grc' dir='ltr'><strong><em>εὐτυχῆ</em></strong></span> <span class='ocrx_word' id='word_1_316' title='bbox 816 3134 858 3180; x_wconf 89' lang='lat' dir='ltr'>U</span> <span class='ocrx_word' id='word_1_317' title='bbox 887 3148 945 3179; x_wconf 91' lang='lat' dir='ltr'><strong><em>m.</em></strong></span> <span class='ocrx_word' id='word_1_318' title='bbox 976 3148 1042 3192; x_wconf 87' lang='lat' dir='ltr'><strong><em>pr.</em></strong></span> <span class='ocrx_word' id='word_1_319' title='bbox 1158 3135 1492 3195; x_wconf 83' lang='grc' dir='ltr'><strong><em>γεωργουμένη</em></strong></span> <span class='ocrx_word' id='word_1_320' title='bbox 1522 3135 1641 3190; x_wconf 86' lang='lat' dir='ltr'>libri,</span> <span class='ocrx_word' id='word_1_321' title='bbox 1677 3133 1976 3193; x_wconf 79' lang='grc' dir='ltr'><strong><em>αἰωρουμένη</em></strong></span> <span class='ocrx_word' id='word_1_322' title='bbox 2006 3135 2075 3178; x_wconf 86' lang='lat' dir='ltr'><strong><em>vel</em></strong></span> <span class='ocrx_word' id='word_1_323' title='bbox 2103 3151 2302 3193; x_wconf 83' lang='grc' dir='ltr'><strong><em>γαυρου-</em></strong></span> 
     </span>
    </p>

    <p class='ocr_par' dir='ltr' id='par_1_12' title="bbox 2 3198 2300 3264">
     <span class='ocr_line' id='line_1_34' title="bbox 2 3198 2300 3264; baseline 0.001 -18"><span class='ocrx_word' id='word_1_324' title='bbox 2 3206 5 3264; x_wconf 57' lang='lat' dir='ltr'>l</span> <span class='ocrx_word' id='word_1_325' title='bbox 209 3201 325 3259; x_wconf 86' lang='grc' dir='ltr'><strong><em>μένη</em></strong></span> <span class='ocrx_word' id='word_1_326' title='bbox 356 3201 424 3245; x_wconf 86' lang='lat' dir='ltr'><strong><em>vel</em></strong></span> <span class='ocrx_word' id='word_1_327' title='bbox 455 3203 750 3263; x_wconf 88' lang='grc' dir='ltr'><strong><em>πτερουμένη</em></strong></span> <span class='ocrx_word' id='word_1_328' title='bbox 782 3205 912 3261; x_wconf 75' lang='lat' dir='ltr'><strong>Emp‚</strong></span> <span class='ocrx_word' id='word_1_329' title='bbox 1034 3209 1083 3250; x_wconf 90' lang='grc'><strong><em>11</em></strong></span> <span class='ocrx_word' id='word_1_330' title='bbox 1117 3198 1350 3251; x_wconf 84' lang='grc' dir='ltr'><strong><em>ἀπολίποι</em></strong></span> <span class='ocrx_word' id='word_1_331' title='bbox 1380 3207 1414 3259; x_wconf 88' lang='grc' dir='ltr'><strong><em>(ί</em></strong></span> <span class='ocrx_word' id='word_1_332' title='bbox 1443 3218 1470 3249; x_wconf 83' lang='lat' dir='ltr'>a</span> <span class='ocrx_word' id='word_1_333' title='bbox 1501 3210 1635 3260; x_wconf 87' lang='lat' dir='ltr'>corr.)</span> <span class='ocrx_word' id='word_1_334' title='bbox 1665 3204 1708 3250; x_wconf 91' lang='lat' dir='ltr'>U</span> <span class='ocrx_word' id='word_1_335' title='bbox 1859 3207 2091 3264; x_wconf 82' lang='grc' dir='ltr'><strong><em>περίεισιν</em></strong></span> <span class='ocrx_word' id='word_1_336' title='bbox 2123 3206 2223 3258; x_wconf 77' lang='grc' dir='ltr'><strong><em>ΒΜ,</em></strong></span> <span class='ocrx_word' id='word_1_337' title='bbox 2255 3206 2300 3249; x_wconf 92' lang='lat' dir='ltr'>in</span> 
     </span>
    </p>

    <p class='ocr_par' dir='ltr' id='par_1_13' title="bbox 2 3265 2300 3478">
     <span class='ocr_line' id='line_1_35' title="bbox 2 3265 2300 3334; baseline 0.003 -18"><span class='ocrx_word' id='word_1_338' title='bbox 2 3265 5 3289; x_wconf 76' lang='lat'><strong>¹</strong></span> <span class='ocrx_word' id='word_1_339' title='bbox 211 3272 251 3317; x_wconf 89' lang='lat' dir='ltr'>U</span> <span class='ocrx_word' id='word_1_340' title='bbox 283 3278 498 3316; x_wconf 81' lang='lat' dir='ltr'>accentus</span> <span class='ocrx_word' id='word_1_341' title='bbox 531 3278 578 3317; x_wconf 79' lang='lat' dir='ltr'><strong><em>et</em></strong></span> <span class='ocrx_word' id='word_1_342' title='bbox 607 3289 679 3320; x_wconf 86' lang='grc' dir='ltr'><strong><em>εισ</em></strong></span> <span class='ocrx_word' id='word_1_343' title='bbox 708 3287 740 3318; x_wconf 67' lang='grc'><strong>8</strong></span> <span class='ocrx_word' id='word_1_344' title='bbox 766 3288 898 3330; x_wconf 63' lang='lat' dir='ltr'>corr„</span> <span class='ocrx_word' id='word_1_345' title='bbox 928 3273 1159 3334; x_wconf 77' lang='grc' dir='ltr'><strong><em>περιΐησιν</em></strong></span> <span class='ocrx_word' id='word_1_346' title='bbox 1187 3276 1281 3331; x_wconf 88' lang='lat' dir='ltr'><strong><em>PH,</em></strong></span> <span class='ocrx_word' id='word_1_347' title='bbox 1315 3289 1432 3321; x_wconf 84' lang='lat' dir='ltr'><strong>corr.</strong></span> <span class='ocrx_word' id='word_1_348' title='bbox 1464 3276 1596 3332; x_wconf 85' lang='lat' dir='ltr'><strong>Emp.</strong></span> <span class='ocrx_word' id='word_1_349' title='bbox 1715 3280 1765 3320; x_wconf 85' lang='lat'><strong><em>12</em></strong></span> <span class='ocrx_word' id='word_1_350' title='bbox 1797 3270 2035 3332; x_wconf 76' lang='grc' dir='ltr'><strong><em>εὐδοκιμεῖ</em></strong></span> <span class='ocrx_word' id='word_1_351' title='bbox 2063 3277 2142 3319; x_wconf 88' lang='lat' dir='ltr'><strong><em>PH</em></strong></span> <span class='ocrx_word' id='word_1_352' title='bbox 2172 3275 2300 3322; x_wconf 81' lang='grc' dir='ltr'><strong><em>ἐπαι-</em></strong></span> 
     </span>
     <span class='ocr_line' id='line_1_36' title="bbox 211 3338 2299 3407; baseline 0.002 -19"><span class='ocrx_word' id='word_1_353' title='bbox 211 3351 310 3389; x_wconf 82' lang='grc' dir='ltr'><strong><em>νεῖν</em></strong></span> <span class='ocrx_word' id='word_1_354' title='bbox 341 3346 471 3389; x_wconf 80' lang='grc' dir='ltr'><strong><em>δοκεῖ</em></strong></span> <span class='ocrx_word' id='word_1_355' title='bbox 500 3343 539 3389; x_wconf 94' lang='lat' dir='ltr'>U</span> <span class='ocrx_word' id='word_1_356' title='bbox 570 3358 625 3387; x_wconf 85' lang='lat' dir='ltr'><strong><em>m.</em></strong></span> <span class='ocrx_word' id='word_1_357' title='bbox 657 3358 724 3401; x_wconf 88' lang='lat' dir='ltr'><strong><em>pr.</em></strong></span> <span class='ocrx_word' id='word_1_358' title='bbox 757 3346 868 3401; x_wconf 86' lang='lat' dir='ltr'><strong><em>BM;</em></strong></span> <span class='ocrx_word' id='word_1_359' title='bbox 898 3345 1063 3390; x_wconf 83' lang='lat' dir='ltr'><strong>fuitne:</strong></span> <span class='ocrx_word' id='word_1_360' title='bbox 1094 3338 1146 3393; x_wconf 75' lang='grc' dir='ltr'><strong><em>εὖ</em></strong></span> <span class='ocrx_word' id='word_1_361' title='bbox 1176 3346 1329 3406; x_wconf 83' lang='grc' dir='ltr'><strong><em>λέγειν</em></strong></span> <span class='ocrx_word' id='word_1_362' title='bbox 1359 3350 1489 3393; x_wconf 82' lang='grc' dir='ltr'><strong><em>δοκεῖ</em></strong></span> <span class='ocrx_word' id='word_1_363' title='bbox 1498 3348 1519 3391; x_wconf 80' lang='lat'><strong>?</strong></span> <span class='ocrx_word' id='word_1_364' title='bbox 1697 3351 1750 3391; x_wconf 92' lang='grc'><strong><em>14</em></strong></span> <span class='ocrx_word' id='word_1_365' title='bbox 1781 3342 1838 3393; x_wconf 80' lang='grc' dir='ltr'><strong><em>οὖ</em></strong></span> <span class='ocrx_word' id='word_1_366' title='bbox 1876 3350 2093 3407; x_wconf 76' lang='grc' dir='ltr'><strong><em>προῆλθε</em></strong></span> <span class='ocrx_word' id='word_1_367' title='bbox 2124 3348 2299 3405; x_wconf 83' lang='lat' dir='ltr'>scripsi,</span> 
     </span>
     <span class='ocr_line' id='line_1_37' title="bbox 211 3404 2299 3478; baseline 0.003 -18"><span class='ocrx_word' id='word_1_368' title='bbox 211 3410 300 3460; x_wconf 82' lang='grc' dir='ltr'><strong><em>οὐκ</em></strong></span> <span class='ocrx_word' id='word_1_369' title='bbox 329 3404 447 3471; x_wconf 75' lang='grc' dir='ltr'><strong><em>ἦλθε</em></strong></span> <span class='ocrx_word' id='word_1_370' title='bbox 476 3415 581 3458; x_wconf 87' lang='lat' dir='ltr'>libri</span> <span class='ocrx_word' id='word_1_371' title='bbox 699 3420 748 3460; x_wconf 88' lang='lat'><strong><em>15</em></strong></span> <span class='ocrx_word' id='word_1_372' title='bbox 781 3411 926 3474; x_wconf 77' lang='grc' dir='ltr'><strong><em>ἔργον</em></strong></span> <span class='ocrx_word' id='word_1_373' title='bbox 958 3416 1030 3460; x_wconf 89' lang='lat' dir='ltr'><strong><em>UP</em></strong></span> <span class='ocrx_word' id='word_1_374' title='bbox 1062 3430 1120 3460; x_wconf 81' lang='lat' dir='ltr'><strong><em>m.</em></strong></span> <span class='ocrx_word' id='word_1_375' title='bbox 1148 3431 1216 3473; x_wconf 88' lang='lat' dir='ltr'><strong><em>pr.</em></strong></span> <span class='ocrx_word' id='word_1_376' title='bbox 1332 3414 1472 3464; x_wconf 70' lang='grc' dir='ltr'><strong><em>ἕνεκα</em></strong></span> <span class='ocrx_word' id='word_1_377' title='bbox 1494 3417 1530 3461; x_wconf 91' lang='grc' dir='ltr'>Β</span> <span class='ocrx_word' id='word_1_378' title='bbox 1619 3421 1751 3478; x_wconf 81' lang='grc' dir='ltr'><strong><em>παρῇ</em></strong></span> <span class='ocrx_word' id='word_1_379' title='bbox 1780 3414 1892 3478; x_wconf 82' lang='grc' dir='ltr'><strong><em>τύχη</em></strong></span> <span class='ocrx_word' id='word_1_380' title='bbox 1914 3418 1993 3462; x_wconf 88' lang='grc' dir='ltr'><strong><em>ΡΗ</em></strong></span> <span class='ocrx_word' id='word_1_381' title='bbox 2024 3415 2156 3478; x_wconf 85' lang='grc' dir='ltr'><strong><em>πάρα</em></strong></span> <span class='ocrx_word' id='word_1_382' title='bbox 2186 3417 2299 3478; x_wconf 87' lang='grc' dir='ltr'><strong><em>τύχη</em></strong></span> 
     </span>
    </p>

    <p class='ocr_par' dir='ltr' id='par_1_14' title="bbox 4 3482 2213 3551">
     <span class='ocr_line' id='line_1_38' title="bbox 4 3482 2213 3551; baseline 0.004 -27"><span class='ocrx_word' id='word_1_383' title='bbox 4 3503 5 3508; x_wconf 63' lang='lat'>=</span> <span class='ocrx_word' id='word_1_384' title='bbox 211 3483 298 3526; x_wconf 88' lang='grc' dir='ltr'><strong><em>ΒΜ</em></strong></span> <span class='ocrx_word' id='word_1_385' title='bbox 329 3482 579 3544; x_wconf 71' lang='grc' dir='ltr'><strong><em>παρατύχῃ</em></strong></span> <span class='ocrx_word' id='word_1_386' title='bbox 600 3487 642 3531; x_wconf 93' lang='lat' dir='ltr'>U</span> <span class='ocrx_word' id='word_1_387' title='bbox 662 3499 719 3528; x_wconf 92' lang='lat' dir='ltr'><strong><em>m.</em></strong></span> <span class='ocrx_word' id='word_1_388' title='bbox 742 3499 809 3542; x_wconf 85' lang='lat' dir='ltr'><strong><em>pr.</em></strong></span> <span class='ocrx_word' id='word_1_389' title='bbox 833 3490 878 3539; x_wconf 82' lang='lat' dir='ltr'><strong><em>(a</em></strong></span> <span class='ocrx_word' id='word_1_390' title='bbox 898 3500 1013 3532; x_wconf 86' lang='lat' dir='ltr'>corr.</span> <span class='ocrx_word' id='word_1_391' title='bbox 1034 3488 1166 3532; x_wconf 80' lang='lat' dir='ltr'>lectio</span> <span class='ocrx_word' id='word_1_392' title='bbox 1190 3487 1286 3541; x_wconf 87' lang='lat' dir='ltr'><strong><em>PH)</em></strong></span> <span class='ocrx_word' id='word_1_393' title='bbox 1385 3491 1436 3532; x_wconf 88' lang='grc'><strong><em>18</em></strong></span> <span class='ocrx_word' id='word_1_394' title='bbox 1466 3488 1699 3550; x_wconf 83' lang='grc' dir='ltr'><strong><em>γινομένῳ</em></strong></span> <span class='ocrx_word' id='word_1_395' title='bbox 1718 3488 1850 3534; x_wconf 82' lang='grc' dir='ltr'><strong><em>ΠΒΜ</em></strong></span> <span class='ocrx_word' id='word_1_396' title='bbox 1870 3489 2112 3551; x_wconf 84' lang='grc' dir='ltr'><strong><em>γενομένῳ</em></strong></span> <span class='ocrx_word' id='word_1_397' title='bbox 2133 3488 2213 3533; x_wconf 91' lang='grc' dir='ltr'><strong><em>ΡΗ</em></strong></span> 
     </span>
    </p>

    <p class='ocr_par' dir='ltr' id='par_1_15' title="bbox 2 3513 2296 3636">
     <span class='ocr_line' id='line_1_39' title="bbox 2 3513 2296 3636; baseline 0.004 -39"><span class='ocrx_word' id='word_1_398' title='bbox 2 3513 5 3636; x_wconf 78' lang='grc' dir='ltr'>Ι</span> <span class='ocrx_word' id='word_1_399' title='bbox 214 3558 264 3598; x_wconf 86' lang='grc'><strong><em>19</em></strong></span> <span class='ocrx_word' id='word_1_400' title='bbox 297 3546 417 3601; x_wconf 72' lang='grc' dir='ltr'><strong><em>ὅταν</em></strong></span> <span class='ocrx_word' id='word_1_401' title='bbox 446 3556 577 3613; x_wconf 88' lang='lat' dir='ltr'><strong>Emp.</strong></span> <span class='ocrx_word' id='word_1_402' title='bbox 713 3560 765 3601; x_wconf 82' lang='lat'><strong><em>20</em></strong></span> <span class='ocrx_word' id='word_1_403' title='bbox 798 3560 1162 3616; x_wconf 82' lang='grc' dir='ltr'><strong><em>διαρριπτεῖται·</em></strong></span> <span class='ocrx_word' id='word_1_404' title='bbox 1194 3561 1339 3604; x_wconf 85' lang='grc' dir='ltr'><strong><em>τοῦτο</em></strong></span> <span class='ocrx_word' id='word_1_405' title='bbox 1373 3558 1478 3603; x_wconf 86' lang='lat' dir='ltr'>Wil.</span> <span class='ocrx_word' id='word_1_406' title='bbox 1509 3559 1742 3604; x_wconf 84' lang='lat' dir='ltr'>Reiskium</span> <span class='ocrx_word' id='word_1_407' title='bbox 1773 3563 1980 3617; x_wconf 56' lang='lat' dir='ltr'><strong>secutum</strong></span> <span class='ocrx_word' id='word_1_408' title='bbox 2011 3564 2296 3620; x_wconf 81' lang='grc' dir='ltr'><strong><em>διαρριπτεῖ·</em></strong></span> 
     </span>
    </p>

    <p class='ocr_par' dir='ltr' id='par_1_16' title="bbox 209 3623 2186 3690">
     <span class='ocr_line' id='line_1_40' title="bbox 209 3623 2186 3690; baseline 0.003 -21"><span class='ocrx_word' id='word_1_409' title='bbox 209 3626 291 3670; x_wconf 79' lang='grc' dir='ltr'><strong><em>καὶ</em></strong></span> <span class='ocrx_word' id='word_1_410' title='bbox 316 3629 459 3672; x_wconf 85' lang='grc' dir='ltr'><strong><em>τοῦτο</em></strong></span> <span class='ocrx_word' id='word_1_411' title='bbox 492 3628 626 3673; x_wconf 89' lang='lat' dir='ltr'><strong><em>UBM</em></strong></span> <span class='ocrx_word' id='word_1_412' title='bbox 656 3628 942 3686; x_wconf 85' lang='grc' dir='ltr'><strong><em>διαρρίπτει·</em></strong></span> <span class='ocrx_word' id='word_1_413' title='bbox 974 3630 1055 3673; x_wconf 82' lang='grc' dir='ltr'><strong><em>καὶ</em></strong></span> <span class='ocrx_word' id='word_1_414' title='bbox 1085 3631 1229 3674; x_wconf 88' lang='grc' dir='ltr'><strong><em>τοῦτο</em></strong></span> <span class='ocrx_word' id='word_1_415' title='bbox 1261 3628 1341 3672; x_wconf 85' lang='grc' dir='ltr'><strong><em>ΡΗ</em></strong></span> <span class='ocrx_word' id='word_1_416' title='bbox 1477 3633 1527 3673; x_wconf 83' lang='grc'><strong><em>21</em></strong></span> <span class='ocrx_word' id='word_1_417' title='bbox 1562 3624 1627 3682; x_wconf 76' lang='grc' dir='ltr'><strong><em>ὡς</em></strong></span> <span class='ocrx_word' id='word_1_418' title='bbox 1656 3630 1706 3676; x_wconf 80' lang='grc' dir='ltr'><strong><em>δὲ</em></strong></span> <span class='ocrx_word' id='word_1_419' title='bbox 1738 3631 1858 3684; x_wconf 87' lang='lat' dir='ltr'>Wi1.,</span> <span class='ocrx_word' id='word_1_420' title='bbox 1888 3623 2052 3690; x_wconf 71' lang='grc' dir='ltr'><strong><em>ὥσπερ</em></strong></span> <span class='ocrx_word' id='word_1_421' title='bbox 2081 3632 2186 3676; x_wconf 84' lang='lat' dir='ltr'>libri</span> 
     </span>
    </p>

    <p class='ocr_par' dir='ltr' id='par_1_17' title="bbox 213 3691 2016 3760">
     <span class='ocr_line' id='line_1_41' title="bbox 213 3691 2016 3760; baseline 0.004 -22"><span class='ocrx_word' id='word_1_422' title='bbox 213 3698 266 3738; x_wconf 84' lang='lat'><strong><em>22</em></strong></span> <span class='ocrx_word' id='word_1_423' title='bbox 297 3698 585 3757; x_wconf 85' lang='grc' dir='ltr'><strong><em>στερουμένη</em></strong></span> <span class='ocrx_word' id='word_1_424' title='bbox 615 3698 695 3742; x_wconf 92' lang='grc' dir='ltr'><strong><em>ΡΗ</em></strong></span> <span class='ocrx_word' id='word_1_425' title='bbox 811 3702 864 3743; x_wconf 87' lang='grc'><strong><em>23</em></strong></span> <span class='ocrx_word' id='word_1_426' title='bbox 899 3691 1051 3752; x_wconf 53' lang='grc' dir='ltr'><strong><em>οὕτως</em></strong></span> <span class='ocrx_word' id='word_1_427' title='bbox 1080 3699 1114 3742; x_wconf 90' lang='grc' dir='ltr'><strong><em>Ρ</em></strong></span> <span class='ocrx_word' id='word_1_428' title='bbox 1234 3691 1318 3757; x_wconf 72' lang='grc' dir='ltr'><strong><em>ὅλη</em></strong></span> <span class='ocrx_word' id='word_1_429' title='bbox 1345 3708 1497 3758; x_wconf 86' lang='grc' dir='ltr'><strong><em>χωρεῖ</em></strong></span> <span class='ocrx_word' id='word_1_430' title='bbox 1523 3701 1586 3754; x_wconf 90' lang='grc' dir='ltr'><strong><em>Μ,</em></strong></span> <span class='ocrx_word' id='word_1_431' title='bbox 1620 3693 1706 3760; x_wconf 70' lang='grc' dir='ltr'><strong><em>ὅλη</em></strong></span> <span class='ocrx_word' id='word_1_432' title='bbox 1737 3714 1822 3746; x_wconf 88' lang='lat' dir='ltr'><strong><em>om.</em></strong></span> <span class='ocrx_word' id='word_1_433' title='bbox 1855 3701 2016 3746; x_wconf 89' lang='lat' dir='ltr'>UBPH</span> 
     </span>
    </p>

    <p class='ocr_par' dir='ltr' id='par_1_18' title="bbox 298 3771 1954 3816">
     <span class='ocr_line' id='line_1_42' title="bbox 298 3771 1954 3816; baseline 0.005 -9"><span class='ocrx_word' id='word_1_434' title='bbox 298 3771 394 3808; x_wconf 85' lang='lat' dir='ltr'>DIO.</span> <span class='ocrx_word' id='word_1_435' title='bbox 417 3774 467 3810; x_wconf 89' lang='lat'><strong><em>11.</em></strong></span> <span class='ocrx_word' id='word_1_436' title='bbox 1904 3776 1954 3816; x_wconf 85' lang='grc'><strong><em>10</em></strong></span> 
     </span>
    </p>
   </div>
  </div>
 </body>
</html>
