2684 4140
360 301 426 347 14
1021 293 1170 338 DION
1172 291 1228 336 IS
1255 288 1795 336 BORYSTHENITICA

355 438 595 508 ὁμόζυγα
612 451 623 463 ·
651 442 918 506 πειρᾶται
939 434 1003 505 δὴ
1025 441 1124 505 τῆς
1143 434 1402 494 ἐναντίας
1421 438 1490 502 τῇ
1512 435 1789 503 πρότερον
1817 433 2035 504 φθορᾷ,
2062 432 2227 486 ύδατι
2253 434 2446 504 πολλῷ

347 520 764 591 χειμαζόμενος.
832 520 926 570 καὶ
962 525 1221 570 τοιοῦτον
1256 521 1352 569 ἕνα
1385 524 1633 584 χειμῶνα
1675 516 2004 589 διηγεῖσθαι
2041 514 2448 591 τούςἝλληνας

350 610 463 659 ὑπὸ
501 607 762 674 νεότητός
799 621 859 655 τε
898 605 993 655 καὶ
1028 604 1249 674 μνήμης
1286 603 1598 668 ἀσθενοῦς,
1645 606 1739 656 καὶ
1779 600 2044 673 [λέγουσι]
2083 604 2447 658 Δευκαλίωνα

264 697 330 747 50
350 688 721 759 βασιλεύοντα
748 691 876 739 τότε
906 689 1107 759 σφίσιν
1134 689 1370 758 ἀρκέσαι
1395 690 1508 757 πρὸ
1536 696 1636 760 τῆς
1656 687 1967 752 παντελοῦς
1988 691 2230 761 φθορᾶς.
2270 697 2445 742 ταῦτα

348 774 407 826 δὲ
437 775 694 835 σπανίως
720 771 1094 841 ξυμβαίνοντα
1123 771 1307 825 δοκεῖν
1331 774 1434 840 μὲν
1460 774 1799 843 ἀνθρώποις
1835 773 1928 826 διὰ
1967 778 2064 827 τὸν
2103 778 2285 828 αὐτῶν
2325 773 2442 828 ὅλε-
2478 790 2503 831 5

344 861 492 930 θρον
510 859 811 927 γίγνεσθαι
835 861 909 930 μὴ
931 859 1072 909 κατὰ
1101 855 1265 926 λόγον
1289 856 1431 929 μηδὲ
1455 863 1707 925 μετέχειν
1733 867 1832 931 τῆς
1857 868 1961 912 τοῦ
1978 863 2193 924 παντὸς
2217 859 2446 927 τάξεως,
2471 878 2530 918 (97
2550 877 2586 913 R
2607 877 2660 922 Π)

346 943 650 996 λανθάνειν
673 942 731 996 δὲ
755 946 957 1007 αὐτοὺς
977 945 1171 1014 ὀρθῶς
1196 947 1494 1013 γιγνόμενα
1520 945 1774 997 καὶκατὰ
1799 947 2022 1016 γνώμην
2042 953 2147 998 τοῦ
2171 942 2450 1015 σῴζοντος

342 1031 437 1090 καὶ
471 1031 848 1100 κυβερνῶντος
886 1032 950 1081 τὸ
991 1037 1122 1082 πᾶν.
1199 1029 1348 1082 εἶναι
1395 1031 1499 1100 γὰρ
1550 1033 1749 1098 ὅμοιον
1788 1032 1981 1102 ὥσπερ
2022 1033 2156 1083 ὅταν
2199 1033 2450 1101 ἅρματος

342 1118 568 1187 ἡνίοχος
604 1120 716 1168 τῶν
762 1117 960 1168 ἵππων
998 1118 1123 1169 τινὰ
1150 1113 1353 1187 κολάζῃ
1388 1115 1601 1185 χαλινῷ
1644 1119 1873 1180 σπάσας
1909 1118 1941 1188 ἢ
1979 1120 2185 1189 κέντρῳ
2226 1119 2450 1186 ἁψάμε-

344 1214 466 1264 νος·
507 1202 539 1253 ὁ
577 1195 635 1253 δ”
674 1203 970 1272 ἐσκίρτησε
1006 1203 1101 1254 καὶ
1137 1204 1446 1274 ἐταράχθη,
1487 1211 1829 1275 παραχρῆμα
1880 1205 1962 1266 εἰς
2003 1201 2129 1255 δέον
2165 1203 2445 1255 καθιστά·
2481 1214 2528 1256 10

342 1304 525 1355 μενος.
588 1289 724 1355 μίαν
749 1290 850 1354 μὲν
891 1288 986 1339 οὖν
1022 1285 1313 1356 (λέγουσι)
1346 1291 1553 1359 ταύτην
1578 1292 1867 1359 ἡνιόχησιν
1895 1291 2142 1359 ἰσχυράν,
2184 1290 2280 1354 οὐχ
2317 1285 2448 1340 ὅλου

261 1374 323 1424 51
352 1374 738 1444 φθειρομένου
795 1380 899 1424 τοῦ
950 1376 1181 1436 παντός.
1276 1371 1451 1426 πάλιν
1505 1372 1563 1426 δὲ
1614 1378 1808 1445 ἑτέραν
1857 1382 1956 1445 τῆς
2001 1381 2113 1426 τῶν
2167 1375 2450 1443 τεττάρων

296 1451 303 1455 ’
341 1461 613 1530 κινήσεως
648 1461 742 1510 καὶ
779 1457 1111 1531 μεταβολῆς,
1150 1462 1209 1511 ἐν
1248 1457 1513 1530 ἀλλήλοις
1537 1457 2042 1527 μεταβαλλομένων
2066 1461 2160 1512 καὶ
2187 1457 2448 1512 διαλλατ·

341 1548 554 1596 τόντων
593 1546 662 1595 τοὶ
702 1542 843 1614 εἴδη,
881 1548 1076 1615 μέχρις
1113 1546 1180 1596 ἂν
1220 1547 1303 1607 εἰς
1338 1547 1475 1611 μίαν
1516 1547 1741 1597 ἅπαντα
1783 1544 2026 1615 συνέλθῃ
2058 1548 2246 1617 φύσιν,
2283 1549 2447 1614 ἡττη-

340 1630 520 1681 θέντα
557 1636 662 1681 τοῦ
693 1631 1027 1699 κρείττονος.
1101 1632 1255 1697 ὅμως
1293 1628 1353 1682 δὲ
1390 1632 1484 1682 καὶ
1520 1634 1726 1701 ταύτην
1763 1633 1862 1702 τὴν
1898 1633 2118 1702 κίνησιν
2153 1632 2442 1702 ἡνιοχήσει
2477 1640 2525 1682 1⁵

343 1711 736 1784 προσεικάζειν
786 1712 1072 1781 τολμῶσιν
1121 1713 1314 1766 ἐλάσει
1351 1733 1411 1767 τε
1451 1717 1728 1785 ἅρματος,
1778 1718 2149 1787 ἀτοπωτέρας
2189 1714 2447 1783 δεόμενοι

341 1807 440 1870 τῆς
478 1801 721 1861 εἰκόνος·
773 1800 896 1852 οἷον
946 1799 1005 1852 εἴ
1034 1817 1123 1862 τις
1159 1802 1603 1867 θαυματοποιὸς
1641 1803 1701 1852 ἐκ
1735 1808 1910 1871 κηροῦ
1945 1799 2172 1863 πλάσας
2210 1803 2444 1866 ἵππους,

341 1886 543 1936 ἔπειτα
595 1887 860 1956 ἀφαιρῶν
907 1887 1001 1938 καὶ
1054 1884 1337 1956 περιξύων
1391 1879 1500 1958 ἀφ’
1557 1889 1793 1938 ἑκάστου
1842 1888 2189 1957 προστιθείη
2241 1885 2441 1939 ἄλλοτε
2465 1899 2545 1940 (452
2566 1898 2618 1941 Μ)

342 1968 523 2038 ἄλλῳ,
569 1969 731 2034 τέλος
781 1969 840 2023 δὲ
892 1974 1150 2034 ἅπαντας
1198 1974 1281 2035 εἰς
1327 1975 1423 2024 ἕνα
1474 1979 1584 2024 τῶν
1634 1975 1915 2042 τεττάρων
1966 1970 2264 2035 ἀναλώσας
2311 1974 2447 2040 μίαν

258 2056 325 2106 52
345 2058 572 2127 μορφὴν
610 2054 671 2120 ἐξ
708 2058 939 2128 ἁπάσης
985 2065 1085 2129 τῆς
1131 2055 1266 2129 ὕλης
1303 2055 1610 2126 ἐργάζοιτο.
1687 2058 1835 2110 εἶναί
1870 2075 1930 2127 γε
1966 2060 2075 2129 μὴν
2112 2060 2176 2109 τὸ
2215 2064 2440 2110 τοιοῦτο
2478 2066 2527 2109 20

338 2144 412 2212 μὴ
463 2143 731 2212 καθάπερ
783 2144 1019 2210 ἀψύχων
1069 2141 1420 2209 πλασμάτων
1471 2142 1689 2208 ἔξωθεν
1739 2150 1842 2195 τοῦ
1888 2141 2232 2214 δημιουργοῦ
2267 2160 2444 2214 πραγ-

337 2231 719 2294 ματευομένου
745 2231 840 2280 καὶ
865 2230 1251 2295 μεθιστάντος
1276 2233 1375 2301 τὴν
1402 2227 1553 2300 ὕλην,
1596 2230 1777 2281 αὐτῶν
1806 2227 1865 2281 δὲ
1892 2230 2117 2280 ἐκείνων
2145 2230 2446 2296 γίγνεσθαι

339 2315 403 2364 τὸ
446 2314 672 2377 πάθος,
722 2315 916 2383 ὥσπερ
966 2316 1024 2365 ἐν
1063 2315 1238 2382 ἀγῶνι
1274 2313 1495 2383 μεγάλῳ
1549 2333 1609 2367 τε
1657 2316 1751 2367 καὶ
1799 2312 2059 2385 ἀληθινῷ
2110 2315 2243 2383 περὶ
2290 2315 2444 2384 νίκης

340 2395 665 2468 ἐριζόντων·
715 2399 1015 2467 γίγνεσθαι
1063 2397 1122 2450 δὲ
1171 2402 1269 2471 τὴν
1308 2402 1463 2471 νίκην
1509 2402 1736 2453 καὶτὸν
1778 2405 2057 2470 στέφανον
2096 2396 2157 2462 ἐξ
2204 2401 2443 2469 ἀνάγκης

337 2490 441 2534 τοῦ
464 2486 693 2554 πρώτου
718 2486 812 2536 καὶ
835 2485 1136 2553 κρατίστου
1164 2487 1322 2551 τάχει
1347 2504 1407 2537 τε
1432 2487 1526 2538 καὶ
1553 2483 1692 2556 ἀλκῇ
1727 2488 1820 2537 καὶ
1846 2493 1914 2556 τῇ
1943 2484 2206 2554 ξυμπάσῃ
2247 2486 2434 2555 ἀρετῇ,
2472 2492 2519 2534 25

253 2570 319 2621 53
342 2569 404 2620 ὃν
443 2568 678 2635 εἴπομεν
717 2571 774 2620 ἐν
814 2571 954 2640 ἀρχῇ
991 2577 1102 2621 τῶν
1143 2568 1320 2639 λόγων
1358 2569 1645 2642 ἐξαίρετον
1684 2570 1831 2623 εἶναι
1855 2574 2014 2633 Διός.
2079 2577 2277 2622 τοῦτον
2317 2572 2439 2640 γάρ,

341 2656 439 2705 ἅτε
477 2656 707 2705 πάντων
746 2652 1136 2721 ἀλκιμώτατον
1173 2658 1267 2708 καὶ
1306 2659 1477 2728 φύσει
1529 2655 1833 2727 διάπυρον,
1883 2658 2018 2722 ταχύ
2069 2655 2439 2708 ἀναλώσαντα

339 2742 471 2801 τοὺς
509 2737 728 2804 ἄλλους,
766 2741 1034 2811 καθάπερ
1076 2741 1239 2808 οἶμαι
1275 2741 1354 2810 τῳ
1395 2745 1517 2795 ὄντι
1553 2744 1833 2813 κηρίνους,
1885 2745 1943 2794 ἐν
1984 2743 2046 2793 οὐ
2086 2741 2281 2811 πολλςζ
2327 2759 2441 2793 τινι

334 2828 534 2895 χρόνῳ,
575 2823 830 2877 δοκοῦντι
858 2824 917 2877 δὲ
944 2830 1077 2897 ημῖν
1104 2829 1322 2898 ἀπείρῳ
1353 2830 1498 2898 πρὸς
1523 2830 1620 2880 τὸν
1646 2832 1915 2899 ἡμέτερον
1944 2830 2125 2880 αὐτῶν
2153 2826 2437 2895 λογισμόν,

336 2913 430 2962 καὶ
467 2914 566 2982 τὴν
607 2912 804 2962 οὐσίαν
830 2915 1059 2965 πάντων
1087 2918 1274 2965 πᾶσαν
1301 2915 1384 2975 εἰς
1410 2916 1579 2965 αὑτὸν
1616 2911 1987 2981 ἀναλαβόντα,
2029 2911 2174 2965 πολύ
2200 2914 2433 2982 κρείττω
2470 2916 2674 2963 30638311

337 2999 430 3049 καὶ
471 2995 863 3067 λαμπρότερον
904 2999 1164 3070 ὀφθῆναι
1201 3006 1304 3050 τοῦ
1344 3003 1639 3069 πρότερον,
1678 2993 1782 3050 ὑπ’
1827 2997 2052 3060 οὐδενὸς
2089 2995 2260 3049 ἄλλου
2299 2998 2441 3066 θνη-

338 3088 450 3134 τῶν
492 3081 618 3134 ούδὲ
658 3085 993 3149 ἀθανάτων,
1043 3079 1173 3136 ἀλλ’
1218 3086 1385 3137 αὐτὸν
1434 3079 1538 3156 ὑφ’
1583 3088 1757 3136 αὐτοῦ
1802 3087 2107 3156 νικηφόρον
2145 3085 2440 3151 γενόμενον

487 3282 505 3321 1
541 3281 674 3343 φορᾷ
702 3280 740 3323 Β
773 3275 904 3339 φορὰ
935 3279 985 3323 Μ
1128 3282 1153 3324 2
1185 3283 1410 3327 τοιοῦτον
1439 3280 1589 3337 Emp„
1621 3283 1798 3327 τοῦτον
1827 3279 1932 3325 libri
2076 3282 2100 3323 3
2133 3278 2322 3338 λέγουσι
2351 3277 2437 3322 del.

338 3348 473 3406 Emp.
505 3351 690 3394 secutus
720 3349 958 3395 Reiskium
1133 3356 1157 3396 5
1191 3355 1350 3399 δοκεῖν
1379 3351 1578 3408 GeeHus,
1610 3355 1742 3399 δοκεῖ
1767 3351 1871 3396 libri
1994 3343 2154 3397 αὐτῶν
2183 3349 2289 3394 libri

340 3422 364 3461 7
397 3414 666 3477 γιγνώμενα
686 3419 736 3462 Μ
823 3422 905 3467 καὶ
925 3433 1012 3465 om.
1033 3421 1081 3464 M
1102 3433 1161 3465 m.
1179 3434 1247 3478 pr.
1345 3426 1394 3468 10
1423 3425 1503 3468 καὶ
1525 3435 1613 3468 om.
1635 3422 1685 3465 M
1774 3426 1822 3467 11
1847 3421 2040 3480 λέγουσι
2059 3420 2163 3465 add.
2184 3417 2354 3463 Reiske

339 3490 391 3532 12
422 3487 642 3534 fortasse:
669 3484 808 3548 (διὰ)
838 3493 936 3548 τῆς,
963 3488 1101 3547 (ἐπὶ)
1131 3495 1215 3550 τῆς
1244 3492 1351 3539 Wil.
1489 3497 1539 3538 13
1570 3491 1623 3540 ἐν
1652 3490 1815 3547 ἄλλοις
1844 3493 1883 3537 Β
2025 3495 2077 3535 14
2104 3489 2246 3548 μέχρι
2274 3488 2324 3532 Μ

335 3553 465 3618 ἀειδὴ
495 3572 578 3616 pro
608 3554 667 3606 τὰ
699 3556 796 3620 εἷ’δη
815 3561 866 3605 Μ
957 3565 1006 3606 17
1037 3560 1436 3618 θαυμαστοποιὸς
1469 3565 1550 3611 UB
1645 3569 1696 3609 18
1727 3564 2010 3626 προστιθείη
2037 3560 2213 3617 scripsi,
2242 3573 2437 3618 προστι-

333 3630 440 3683 θεὶς
467 3629 575 3673 libri
717 3634 770 3676 20
802 3629 1060 3691 ἐργάζοιτο
1091 3633 1266 3690 ΒΟΥῘΡΒῘ,
1295 3632 1555 3694 ἐργάσοιτο
1587 3635 1690 3681 libri
1834 3637 1884 3679 21
1918 3629 2093 3691 ἀψύχῳ
2122 3630 2251 3686 (sici)
2279 3629 2321 3675 U

335 3703 389 3744 23
418 3702 499 3746 καὶ
529 3702 638 3760 περὶ
668 3701 788 3746 UBT
962 3705 1017 3747 29
1047 3697 1230 3764 ἀπείρῳ
1259 3699 1370 3762 ἡμῖν
1399 3706 1503 3758 (hoc
1535 3706 1649 3762 ord.)
1679 3706 1718 3750 Τ
1891 3708 1946 3750 30
1977 3698 2127 3750 αὐτὸν
2155 3699 2263 3746 libri

336 3774 387 3815 31
423 3772 605 3829 φθῆναι
635 3771 683 3815 Μ
