2684 4140
435 249 533 296 156
1158 239 1362 284 DIONIS
1392 238 1477 284 DE
1508 237 1799 283 FORTUNA

847 536 966 603 (48)
1010 532 1262 602 ΠΕΡΙ
1310 531 1666 598 ΤΥΧΗΣ
1715 532 2112 602 ΤΡΙΤΟΣ.

354 755 377 802 1
571 748 643 800 Οἱ
683 747 905 820 σφόδρα
955 756 1024 819 τῇ
1071 751 1203 816 τύχῃ
1255 750 1696 810 πεπιστευκότες
1741 750 1835 800 καὶ
1870 756 1940 819 τῇ
1979 753 2268 820 παρουσίᾳ
2305 754 2510 823 ταύτης

417 835 786 903 ἐπαιρόμενοι
826 833 1056 885 δοκοῦσί
1079 850 1180 899 μοι
1204 830 1478 884 κάλλιστα
1508 838 1831 904 συνηγορεῖν
1859 836 1998 905 αὐτῇ
2023 837 2118 887 καὶ
2156 840 2509 906 παρασκευά-

414 916 524 981 ζειν
562 922 720 980 ὅπως
757 918 991 971 ἐπειδὰν
1027 923 1339 988 μεταπέσῃ,
1376 916 1573 989 μηδεὶς
1611 920 1752 989 αὐτῇ
1782 924 2098 991 μέμφηται.
2183 923 2508 974 τούναντίον

410 1005 514 1075 γὰρ
567 1007 814 1068 ἅπαντες
863 1013 932 1075 τῇ
975 1007 1248 1075 βαρύτητι
1308 1011 1419 1056 τῶν
1475 1006 1849 1070 εὐτυχούντων
1911 1003 2364 1075 δυσχεραίνοντες
2417 1009 2511 1059 καὶ

412 1092 509 1160 τὴν
546 1091 707 1160 ὕβριν
766 1092 947 1143 αὐτῶν
991 1093 1362 1161 μεμισηκότες
1410 1093 1543 1141 ὅταν
1588 1088 1872 1160 καταλίπῃ
1919 1092 2044 1142 τινὰ
2082 1092 2293 1155 αὐτῶν,
2341 1093 2505 1143 ἐπαι-
2541 1102 2565 1142 5

412 1182 572 1227 νοῦσι
608 1178 705 1227 καί
743 1191 889 1247 φασι
929 1175 1149 1227 δικαίαν
1190 1177 1381 1237 αὐτοῖς
1429 1180 1714 1243 γεγονέναι
1762 1179 1860 1248 τὴν
1908 1174 2239 1247 μεταβολήν.
2323 1174 2419 1228 δεῖ
2445 1174 2508 1227 δὲ

412 1263 542 1323 τοὺς
581 1269 709 1313 νοῦν
748 1264 976 1328 ἔχοντας
1016 1264 1194 1324 οὕτως
1227 1262 1483 1333 χρῆσθαι
1520 1263 1642 1323 τοῖς
1680 1263 2024 1328 αὐτομάτοις
2072 1262 2318 1329 ἀγαθοῖς
2365 1263 2509 1312 ὥστε

411 1347 776 1415 ὑπαρχόντων
813 1350 914 1413 μὲν
953 1348 1134 1398 αὐτῶν
1172 1345 1383 1417 μηδένα
1423 1344 1700 1414 ἐγκαλεῖν,
1750 1347 1847 1397 ἐὰν
1898 1345 1958 1397 δὲ
2009 1347 2301 1417 παύσηταί
2349 1363 2507 1409 ποτε,

343 1434 374 1483 2
412 1429 624 1501 μηδένα
665 1430 1005 1502 ἐφήδεσθαι.
1088 1432 1167 1500 τῴ
1219 1434 1392 1483 παντὶ
1442 1433 1545 1499 γὰρ
1593 1435 1846 1500 κρεῖττόν
1885 1435 2039 1484 ἐστιν
2088 1430 2292 1494 ἐνδεῶς
2331 1434 2508 1502 πράτ-

409 1533 577 1567 τοντα
619 1519 965 1584 ἀγαπᾶσθαι
1001 1519 1095 1568 καὶ
1143 1516 1325 1568 δοκεῖν
1364 1523 1511 1568 πᾶσι
1561 1517 1717 1587 παρὰ
1769 1519 1868 1588 τὴν
1916 1515 2081 1580 ἀξίαν
2131 1515 2511 1568 ἀπαλλάττειν
2551 1501 2684 1582 10(3}1²

407 1602 438 1670 ἠ
480 1603 804 1653 τούναντίον
844 1595 1176 1667 εὐτυχοῦντα
1213 1603 1523 1668 μισεῖσθαι
1558 1604 1651 1653 καὶ
1700 1606 1939 1672 προσέτι
1985 1603 2079 1653 καὶ
2114 1610 2183 1671 τῇ
2219 1604 2353 1671 τύχῃ
2391 1604 2503 1670 γίγ-

407 1687 615 1737 νεσθαι
653 1685 1021 1757 βλασφημίας
1061 1686 1272 1751 αἴτιον,
1324 1688 1401 1749 ὡς
1440 1689 1572 1748 τούς
1609 1689 1893 1757 πονηροὺς
1943 1687 2066 1736 ἀντὶ
2103 1693 2214 1738 τῶν
2248 1693 2505 1757 χρηστῶν

407 1771 709 1838 εὐεργετεῖν
751 1777 1185 1842 προαιρουμένῃ.
1251 1774 1307 1822 οἱ
1342 1774 1444 1838 μὲν
1488 1772 1583 1822 οὖν
1623 1770 1830 1823 πολλοὶ
1867 1777 1978 1822 τῶν
2008 1772 2336 1839 ἀνθρώπιον
2374 1774 2506 1833 τούς

403 1856 621 1925 βαρέως
665 1861 987 1924 χρωμένους
1033 1862 1155 1920 τοῖς
1204 1860 1263 1908 ἐκ
1311 1865 1409 1929 τῆς
1469 1860 1635 1928 τύχης
1694 1859 2014 1925 ὑπάρχουσι
2073 1857 2356 1926 πονηρούς
2403 1857 2504 1921 μὲν

403 1942 551 1993 εἷναί
589 1957 734 2014 φασι
770 1946 864 1995 καὶ
901 1950 1011 1995 τῶν
1050 1945 1286 2011 ἀγαθῶν
1326 1940 1606 2007 ἀναξίους,
1648 1944 1711 1993 οὐ
1748 1944 1857 2014 μὴν
1895 1943 2116 2007 ἀτυχεῖς
2152 1957 2213 2008 γε
2249 1941 2501 1991 εἰώθασι
2537 1954 2582 1994 15

405 2024 608 2095 λέγειν’
648 2030 774 2093 ἐμοὶ
814 2026 872 2079 δὲ
911 2029 1237 2079 τούναντίον
1279 2027 1437 2079 οὗτοι
1477 2025 1707 2078 δοκοῦσι
1734 2030 1964 2078 πάντων
2004 2028 2374 2092 ἀτυχέστατοι
2409 2044 2504 2076 κα-

337 2114 367 2164 3
408 2112 762 2182 θεστηκέναι.
827 2115 890 2163 τὸ
916 2114 1020 2183 γὰρ
1050 2115 1109 2163 ἐκ
1134 2120 1245 2164 τῶν
1283 2109 1662 2179 νομιζομένων
1702 2113 1937 2180 ἀγαθῶν
1973 2110 2215 2181 μηδενὸς
2242 2118 2503 2181 χρηστοῦ,

402 2194 768 2268 βλασφημίας
809 2196 867 2249 δὲ
905 2200 999 2249 καὶ
1035 2200 1239 2264 μίσους
1288 2195 1600 2248 ἀπολαύειν
1654 2200 1799 2266 πρὸς
1836 2195 1915 2265 τῷ
1954 2199 2053 2268 τὴν
2100 2198 2274 2247 αὑτοῦ
2306 2198 2503 2248 κακίαν

402 2287 831 2352 γνωριμωτέραν
872 2290 1019 2337 πᾶσι
1046 2288 1252 2347 ποιεῖν,
1293 2290 1418 2345 πῶς
1446 2284 1566 2348 οὐχὶ
1590 2281 1799 2352 μεγάλη
1838 2284 1933 2334 καὶ
1961 2282 2176 2352 φανερὰ
2206 2279 2503 2346 δυστυχίας

402 2365 602 2435 διόπερ
653 2368 814 2435 οἶμαι
861 2373 982 2431 τοῖς
1031 2371 1293 2439 ἀνοήτοις
1349 2366 1633 2419 λυσιτελεῖ
1671 2365 1749 2436 τῷ
1802 2370 1973 2419 παντὶ
2026 2364 2236 2433 μᾶλλον
2292 2364 2495 2428 ἐνδεῶς
2532 2381 2578 2421 20

402 2455 671 2523 πράττειν
709 2457 802 2506 καὶ
838 2457 976 2525 μήτε
1016 2452 1276 2518 ἐξουσίας
1313 2456 1451 2524 μήτε
1491 2451 1739 2504 πλούτου
1780 2455 1919 2523 μήτε
1946 2459 2057 2503 τῶν
2084 2454 2358 2503 τοιούτων
2395 2470 2498 2521 μη-

401 2535 557 2600 δενὸς
595 2542 895 2607 τυγχάνειν.
973 2542 1235 2592 ταπεινοὶ
1270 2542 1372 2606 μὲν
1410 2540 1512 2609 γὰρ
1555 2541 1710 2600 ὄντες
1739 2537 2043 2589 λανθάνειν
2081 2539 2213 2599 τούς
2252 2534 2499 2598 πολλοὺς

399 2622 657 2689 ἔμελλον,
709 2627 907 2677 ὁποῖοι
953 2627 1093 2676 κατὰ
1146 2628 1360 2693 τρόπον
1405 2627 1783 2692 ὑπάρχουσιν,
1836 2624 2110 2692 ἀρθέντες
2150 2620 2208 2673 δὲ
2248 2624 2361 2673 ὑπὸ
2400 2629 2498 2691 τῆς
2518 2637 2595 2679 (601
2622 2638 2670 2676 Μ)

332 2710 363 2758 4
402 2712 567 2779 τύχης
617 2712 899 2780 ἐπίσημον
947 2715 1045 2782 τὴν
1094 2712 1373 2781 πονηρίαν
1428 2711 1606 2775 ἔσχον.
1692 2711 1884 2776 ὥσπερ
1937 2709 2032 2759 οὖν
2071 2712 2192 2770 τοῖς
2229 2709 2293 2758 τὸ
2336 2713 2497 2772 σῶμα

399 2792 629 2864 φαύλως
657 2793 1032 2862 διακειμένοις
1056 2794 1279 2863 βέλτιον
1298 2789 1440 2846 καθ’
1474 2796 1677 2856 αὐτοὺς
1696 2792 2065 2845 ἀποδύεσθαι
2088 2794 2182 2843 καὶ
2206 2790 2494 2862 μηδέποτε
2530 2805 2576 2844 25

398 2881 478 2940 εἰς
516 2882 578 2930 τὸ
616 2884 831 2945 κοινόν,
884 2885 1042 2943 ὅπως
1079 2879 1291 2951 μηδένα
1332 2883 1504 2946 ἔχωσι
1541 2888 1639 2951 τῆς
1680 2881 1813 2948 περὶ
1849 2885 2015 2929 τοῦτο
2057 2879 2321 2946 αἰσχύνης
2357 2878 2496 2944 μάρ-

395 2978 559 3032 τυρα·
611 2969 707 3018 τὸν
758 2969 924 3019 αὐτὸν
976 2967 1137 3034 οἶμαι
1174 2970 1416 3037 τρόπον,
1467 2966 1553 3028 οἷς
1594 2965 1904 3033 συμβέβηκε
1941 2965 2039 3034 τὴν
2079 2964 2262 3032 ψυχὴν
2300 2962 2494 3031 ἀγεννῆ

535 3149 726 3193 alterum
747 3148 995 3204 exemplum
1020 3149 1237 3193 orationis
1262 3151 1331 3204 65,
1363 3147 1482 3205 quod
1503 3147 1550 3190 in
1572 3147 1607 3190 P
1628 3146 1659 3193 f.
1686 3146 1796 3191 1761‘
1816 3159 1882 3203 sq.
1903 3147 2052 3190 exstat
2071 3145 2176 3188 mihi
2193 3144 2228 3187 P
2242 3155 2263 3187 2
2284 3143 2411 3188 audit

396 3223 420 3264 3
450 3221 686 3278 μέμφεται
717 3221 764 3262 Μ
881 3226 906 3265 6
939 3223 1139 3275 δικαίοις
1168 3222 1205 3266 Ρ
1324 3225 1346 3264 7
1382 3213 1510 3267 οὕτω
1541 3218 1630 3264 ΒΜ
1752 3222 1800 3262 10
1834 3215 2058 3264 πλάττειν
2087 3209 2493 3270 (οοιὙ..ἀπαλλάτ-

395 3307 507 3345 τειν,
539 3305 648 3346 mrg.
682 3291 925 3349 πράττειν)
958 3293 998 3336 Η
1030 3294 1258 3351 πράττειν
1288 3293 1348 3336 P2
1469 3295 1516 3335 11
1551 3293 1632 3337 καὶ
1663 3292 1722 3348 τῇ
1751 3289 1883 3334 UBM
1913 3291 1994 3334 καὶ
2024 3300 2111 3332 om.
2140 3285 2283 3331 PHP2
2369 3285 2493 3343 γίνε-

396 3366 510 3408 σθαι
538 3363 642 3406 libri
762 3367 812 3406 13
845 3356 929 3410 οὖν
960 3377 1046 3409 om.
1079 3365 1127 3408 M
1147 3378 1203 3407 m.
1226 3378 1295 3421 pr.
1417 3368 1467 3408 15
1499 3359 1662 3417 ἀξίους
1692 3360 1733 3406 U
1753 3374 1809 3407 m.
1832 3373 1901 3417 pr.
1999 3354 2204 3417 εὐτυχεῖς
2232 3372 2287 3415 γε
2317 3355 2409 3400 UM

393 3449 447 3492 γε
478 3446 562 3477 om.
594 3433 734 3477 PHP2
855 3438 901 3478 17
937 3439 1144 3493 χρηστοῦ
1173 3431 1421 3493 τυγχάνειν
1450 3433 1531 3480 ΡΗ
1562 3433 1660 3487 (sed
1689 3449 1784 3479 -οιν
1813 3432 1866 3486 Ρ)
2014 3433 2064 3473 18
2095 3445 2148 3475 τε
2178 3440 2262 3484 pro
2296 3426 2346 3472 δὲ
2373 3425 2491 3478 libri,

393 3508 572 3560 praeter
600 3504 649 3547 Μ
783 3505 906 3562 πρὸς
937 3508 1005 3566 τῷ
1036 3505 1120 3563 τὴν
1148 3505 1228 3550 ΡΗ
1257 3509 1338 3552 καὶ
1370 3502 1455 3564 τὴν
1487 3505 1615 3550 UBM
1740 3496 1889 3550 αὐτοῦ
1919 3499 2064 3546 UHP2
2214 3500 2263 3541 19
2295 3498 2490 3552 ποιῆσαι

392 3574 525 3619 UBM
664 3577 715 3617 23
745 3571 868 3621 κατὰ
900 3573 1039 3632 <τὸν>
1073 3569 1264 3634 τρόπον
1291 3575 1465 3632 flagitat
1493 3577 1624 3631 Emp.
1656 3573 1746 3620 τὸν
1774 3586 1856 3630 pro
1886 3566 2010 3618 κατὰ
2040 3569 2172 3624 Wil.;
2203 3566 2329 3611 aliud
2358 3566 2490 3620 signi-

392 3645 499 3689 ficat
527 3640 648 3691 κατὰ
681 3641 868 3703 τρόπον
898 3659 943 3701 p.
978 3648 1070 3698 158,
1089 3649 1143 3689 24
1288 3651 1341 3690 24
1373 3643 1517 3705 ἔσχον
1545 3659 1633 3691 om.
1666 3644 1714 3688 M
1861 3645 1914 3686 26
1944 3636 2137 3700 ἐσχύνης
2167 3637 2203 3681 P
2320 3639 2371 3679 27
2405 3632 2490 3694 τὴν

392 3712 534 3775 τύχην
565 3715 599 3759 Ρ
632 3719 689 3775 τῇ
721 3718 847 3774 ψυχῇ
875 3715 917 3761 U
946 3729 1003 3760 m.
1035 3728 1102 3772 pr.
1133 3718 1171 3760 B
