2684 4140
385 260 488 307 144
886 247 1089 293 DIO-NIS
1119 245 1204 289 DE
1234 242 1443 289 REGNO
1474 241 1556 286 ET
1588 240 1966 285 TYRANNIDE.

377 400 670 466 ἐγκρατοῦς
707 387 1020 459 ἀνθρώπου
1058 388 1213 454 βίος·
1264 379 1389 436 ἀλλ’
1445 388 1597 452 ὅμως
1634 392 1892 437 τοιοῦτον
1933 387 1994 437 ὃν
2045 389 2273 436 πάντων
2307 383 2467 451 χαλε-

378 483 640 530 πώτατον
679 479 942 544 πέφυκεν.

308 573 339 620 5
518 562 646 612 ἐπεὶ
680 553 1163 624 Σαρδανάπαλλος
1210 557 1420 616 ἐκεῖνος
1470 556 1501 605 ὁ
1550 553 1936 624 θρυλούμενος
1985 555 2097 621 εἶχε
2134 557 2235 621 μὲν
2274 556 2466 617 Νίνον,

374 646 484 711 εἶχε
512 644 570 695 δὲ
599 640 925 710 Βαβυλῶνα,
964 641 1066 703 τὰς
1090 641 1359 708 μεγίστας
1385 646 1496 691 τῶν
1523 643 1800 711 πρότερον
1827 645 2201 711 γεγενημένων
2230 636 2467 698 πόλεων,

371 731 615 799 ὑπήκουε
654 725 713 778 δὲ
753 718 904 794 αὐτῷ
945 728 1131 777 πάντα
1170 725 1239 775 τὰ
1279 726 1419 795 ἔθνη
1460 726 1528 775 τὰ
1556 728 1831 792 νεμόμενα
1870 722 1968 796 τὴν
2007 729 2201 794 ἑτέραν
2227 725 2464 795 ἤπειρον
2500 738 2524 779 5

370 818 531 882 μέχρι
578 818 689 862 τῶν
739 812 1015 881 ἀοικήτων
1065 818 1165 882 τῆς
1201 818 1300 881 γῆς
1350 808 1687 878 λεγομένων·
1736 807 2032 878 βασιλείας
2081 808 2140 861 δὲ
2193 802 2354 860 οὐδὲν
2403 805 2468 877 ἦν

372 981 644 1034 λεύεσθαι
693 984 794 1049 μὲν
842 983 946 1052 γὰρ
995 983 1027 1052 ἢ
1083 978 1326 1044 δικάζειν
1372 983 1404 1052 ἢ
1459 987 1786 1052 στρατηγεῖν
1847 982 1973 1033 οὔτε
2031 978 2292 1048 ἐβούλετο
2344 979 2468 1028 οὔτε

302 1074 334 1125 6
374 1066 624 1120 ἐδύνατο.
711 1069 770 1119 ἐν
822 1065 880 1119 δὲ
929 1072 1051 1129 τοῖς
1098 1065 1414 1134 βασιλείοις
1462 1065 1900 1137 ἀποδιδράσκων
1939 1068 2020 1129 εἰς
2058 1063 2155 1136 τὴν
2203 1080 2469 1132 γυναικω-

370 1158 514 1205 νῖτιν
561 1155 820 1225 καθῆστο
869 1155 968 1205 ἐπὶ
1011 1151 1362 1224 χρυσηλάτου
1411 1151 1600 1224 κλίνης
1658 1151 1944 1223 ἀναβάδην
2001 1153 2114 1203 ὑπὸ
2167 1147 2466 1218 αλουργέσι
2503 1165 2549 1206 10

370 1244 642 1303 παστοῖς,
696 1241 888 1309 ὥσπερ
940 1241 970 1290 ό
1018 1241 1404 1310 θρηνούμενος
1450 1241 1563 1290 ὑπὸ
1585 1239 1694 1290 τῶν
1731 1236 2003 1307 γυναικῶν
2028 1229 2294 1298 Ἄδωνις,
2347 1231 2469 1297 ὀξύ-

2660 427 2665 482 ἒ

2678 502 2681 613 l

2679 615 2681 723 ἶ

371 892 522 964 αὐτῷ
560 904 872 968 προσῆκον,
925 913 989 947 ου
1027 893 1236 962 μᾶλλον
1273 897 1305 966 ἢ
1357 896 1466 947 τῶν
1518 901 1854 966 σηπομένων
1893 897 2005 948 τινὶ
2041 894 2262 965 νεκρῶν.
2338 895 2467 960 βου-
2492 909 2682 960 (32331

2662 1121 2682 1247 1³

369 1342 530 1395 τερον
571 1326 959 1396 φθεγγόμενος
998 1319 1299 1390 εὐνούχων,
1349 1328 1444 1376 τὸν
1492 1328 1593 1392 μὲν
1641 1323 1915 1396 τράχηλον
1954 1319 2304 1383 ἀποκλίνων,
2355 1321 2466 1369 ὑπὸ
2492 1338 2573 1380 (589
2596 1292 2682 1391 mg]

372 1408 431 1461 δὲ
471 1411 669 1478 ἀργίας
705 1412 798 1462 καὶ
837 1417 997 1472 σκιᾶς
1037 1408 1227 1472 λευκὸς
1261 1412 1356 1461 καὶ
1393 1414 1637 1479 τρέμων,
1688 1413 1751 1461 τὸ
1795 1408 1954 1475 σῶμα
1995 1405 2287 1469 πελιδνός,
2337 1406 2468 1465 τοὺς

372 1493 431 1547 δὲ
460 1493 801 1565 ὀφθαλμούς
827 1497 1214 1565 ἀναστρέφων,
1249 1497 1442 1565 ὥσπερ
1470 1493 1531 1559 ἐξ
1556 1497 1816 1566 ἀγχόνης·
1857 1495 1919 1546 ὃν
1949 1511 2045 1545 ουκ
2070 1490 2135 1562 ἦν
2164 1489 2468 1558 διαγνῶναι

369 1579 478 1631 τῶν
507 1577 822 1631 παλλακῶν.
894 1582 1083 1631 καίτοι
1104 1582 1305 1649 χρόνον
1331 1581 1457 1632 τινὰ
1485 1585 1765 1645 κατέσχεν,
1806 1582 1883 1642 ὡς
1920 1578 2119 1642 ἐδόκει,
2157 1574 2255 1647 τὴν
2294 1571 2463 1645 ἀρχὴν
2502 1592 2548 1633 15

367 1667 487 1735 εἰκῇ
528 1669 857 1735 φερομένην,
899 1666 1091 1731 ὥσπερ
1131 1671 1265 1715 ναῦν
1305 1663 1430 1730 δίχα
1467 1666 1801 1736 κυβερνήτου
1853 1661 2128 1723 πολλάκις
2177 1659 2466 1729 ἀλωμένην

364 1747 640 1819 <όρῶμεν>
686 1747 926 1819 μηδενὸς
973 1753 1304 1814 κατέχοντος
1355 1752 1413 1800 έν
1461 1749 1543 1817 τῷ
1580 1747 1816 1817 πελάγει
1850 1749 1991 1799 κατὰ
2030 1749 2223 1816 τύχην,
2278 1739 2468 1807 εὐδίας

365 1836 702 1904 ἐπεχούσης·
753 1835 954 1885 ἔπειτα
1005 1832 1194 1902 ὀλίγος
1239 1833 1456 1886 κλύδων
1505 1836 1786 1904 ἐπαρθεὶς
1836 1835 1930 1884 καὶ
1977 1830 2191 1903 ῥᾳδίως
2229 1832 2286 1882 ἓν
2323 1838 2467 1897 κῦμα

300 1928 329 1976 7
368 1917 686 1971 ἐπέκλυσεν.
771 1922 866 1971 καὶ
913 1916 978 1990 δὴ
1026 1922 1121 1972 καὶ
1169 1922 1319 1991 ἅρμα
1360 1918 1502 1972 ἰδεῖν
1551 1921 1706 1971 ἔστιν
1752 1912 1979 1980 οὐδενὸς
2014 1922 2373 1989 ἡνιοχοῦντος
2411 1920 2468 1968 έν

366 2006 540 2072 ἀγῶνι
576 2006 938 2074 ῥεμβόμενον,
980 2006 1012 2056 ὃ
1049 2007 1203 2076 νίκης
1239 2008 1341 2072 μὲν
1369 1999 1465 2058 οἰκ
1491 2008 1559 2057 ἄν
1586 2022 1729 2057 ποτε
1766 2007 1939 2071 τύχοι,
1979 2006 2244 2074 ταράττει
2272 2002 2330 2055 δὲ
2369 2005 2462 2054 καὶ
2500 2019 2546 2060 20

365 2088 651 2141 ἀπόλλυσι
688 2093 785 2142 τὸν
824 2093 983 2159 ἐγγύς
1022 2089 1184 2157 ὄχλον
1222 2098 1333 2142 τῶν
1371 2093 1615 2143 θεατῶν.
1845 2126 1850 2131 -

509 2176 634 2227 οὔτε
681 2177 784 2246 γὰρ
836 2178 1036 2247 ἄφρων
1074 2175 1341 2244 βασιλεὺς
1391 2178 1554 2228 ἔσται
1602 2180 1769 2241 ποτέ,
1821 2170 1885 2227 οὗ
1933 2173 2144 2242 μᾶλλον
2180 2177 2212 2245 ἢ
2253 2173 2466 2246 τυφλὸς

365 2263 585 2332 ἡγεμὼν
625 2260 761 2312 ὁδοῦ
795 2256 1003 2330 γένοιτ’
1047 2264 1132 2326 ἄν,
1174 2263 1299 2314 οὔτε
1338 2261 1559 2326 ἄδικος,
1602 2255 1665 2313 οὗ
1701 2260 1911 2328 μᾶλλον
1947 2263 1979 2332 ἢ
2019 2263 2201 2313 κανὼν
2243 2259 2466 2323 σκολιὸς

364 2349 459 2398 καὶ
495 2349 692 2408 ἄνισος
731 2344 903 2397 ἄλλου
943 2346 1364 2417 προσδεόμενος
1400 2351 1650 2411 κανόνος,
1693 2348 1818 2398 οὔτε
1859 2345 2060 2410 δειλός,
2104 2341 2165 2398 οὗ
2194 2345 2461 2417 μᾶλλονῆ

368 2429 507 2483 λέων
546 2430 760 2502 ἐλάφου
802 2430 987 2500 λαβὼν
1026 2430 1210 2504 ψυχὴν
1247 2435 1279 2504 ἢ
1323 2432 1553 2504 σίδηρος
1588 2440 1764 2503 κηροῦ
1783 2435 1878 2484 καὶ
1901 2431 2174 2500 μολίβδου
2201 2430 2460 2499 μαλακώ-
2497 2443 2545 2485 25

365 2534 541 2587 τερος.
617 2520 731 2569 τίνι
771 2510 823 2569 δ’
870 2520 1232 2588 ἰσχυροτέρας
1280 2520 1603 2588 ἐγκρατείας
1652 2526 1938 2590 προσῆκον
1988 2520 2020 2589 ἢ
2061 2518 2142 2586 τῷ
2180 2516 2464 2570 πλείστων

364 2605 466 2669 μὲν
504 2601 721 2674 ἡδονῶν
760 2606 817 2655 ἐν
855 2608 1007 2672 μέσῳ
1051 2601 1232 2669 ζῶντι,
1274 2602 1516 2656 πλεῖστα
1557 2602 1616 2655 δὲ
1646 2607 1949 2673 πράγματα
1977 2602 2299 2666 διοικοῦντι,
2339 2602 2464 2654 έλα-

360 2690 559 2759 χίστην
582 2687 640 2740 δὲ
665 2687 865 2760 σχολὴν
886 2692 1095 2758 ἄγοντι,
1117 2693 1260 2760 ’ὑπὲρ
1280 2692 1559 2759 μεγίστων
1582 2688 1641 2741 δὲ
1660 2692 1754 2741 καὶ
1774 2688 2058 2741 πλείστων
2081 2685 2436 2760 φροντίζοντι
2447 2709 2466 2752 ,·

510 2874 529 2914 1
563 2863 830 2930 ἀνθρώπου
851 2884 937 2915 om.
964 2870 999 2914 P
1115 2874 1338 2926 τοιοῦτος
1367 2867 1437 2917 (ὂν
1466 2871 1502 2916 P
1643 2869 1990 2930 χαλεπώτατος
2019 2871 2056 2915 Ρ
2180 2873 2204 2914 3
2237 2870 2465 2929 θρυλλού-

362 2958 509 2998 μενος
536 2941 664 2987 ΜΒΡ
780 2947 808 2987 4
837 2942 1153 3002 γεγενημένας
1182 2943 1218 2987 Ρ
1334 2946 1360 2987 6
1390 2946 1490 2990 τῶν
1517 2936 1819 3002 ἀδικημάτων
1848 2943 1980 2989 BMU
2009 2957 2067 2987 m.
2099 2955 2168 3000 pr.
2308 2945 2359 2985 10
2389 2958 2466 2999 γυ-

367 3014 641 3072 ναικονίτην
669 3015 876 3061 καθίστο
908 3014 950 3060 U
979 3028 1038 3058 m.
1069 3028 1138 3072 pr.
1256 3015 1443 3075 κλείνης
1473 3015 1522 3059 Μ
1610 3009 1847 3074 ἀναβάδιν
1876 3015 1919 3061 U
1947 3028 2004 3059 m.
2036 3028 2106 3072 pr.
2213 3009 2463 3073 ἁλουργίσι

366 3083 402 3126 P
433 3079 704 3143 ἀλουργεῖσι
733 3085 784 3130 Μ
903 3091 949 3130 11
985 3082 1147 3141 ἄδονις
1177 3086 1218 3133 U
1247 3100 1306 3132 m.
1336 3100 1405 3143 pr.
1501 3090 1549 3131 12
1581 3079 1885 3133 ἀποκλείνων
1914 3086 1964 3130 M
1992 3081 2268 3134 ὖποκλίνων
2298 3085 2378 3129 PH

371 3157 422 3198 13
453 3149 626 3214 ἀργίας
653 3161 687 3210 (ι
716 3170 745 3201 a
774 3160 907 3214 corr.)
935 3158 977 3203 U
1064 3157 1280 3204 fortasse:
1309 3153 1406 3205 ὑπὸ
1440 3158 1489 3205 δὲ
1519 3151 1692 3217 ἀργίας
1719 3161 1800 3205 καὶ
1831 3162 1968 3213 σκιᾶς
1993 3154 2051 3206 τὸ
2076 3160 2216 3215 σῶμα
2246 3153 2465 3211 πελιδνὸς

367 3227 449 3271 καὶ
478 3226 679 3283 τρέμων.
728 3241 870 3286 neque
899 3230 1018 3275 enim
1048 3233 1096 3276 et
1124 3230 1258 3276 albus
1289 3229 1415 3276 color
1444 3234 1489 3275 et
1517 3230 1712 3286 pallidus
1742 3229 1982 3275 memorari
2009 3228 2159 3286 potuit
2333 3233 2384 3272 14
2415 3228 2464 3274 δὲ

370 3309 458 3341 om.
490 3296 572 3340 PH
719 3304 769 3344 15
800 3305 1032 3348 παλακῶν
1060 3303 1104 3347 Η
1252 3306 1303 3348 16
1333 3294 1500 3363 ὥσπερ
1531 3305 1614 3349 νῦν
1642 3302 1683 3347 U
1713 3315 1771 3346 m.
1802 3315 1869 3358 pr.
1993 3303 2042 3344 17
2077 3294 2270 3360 δρῶμεν
2297 3299 2464 3352 addidi,

371 3365 432 3411 cf.
462 3366 577 3413 ἰδεῖν
606 3364 733 3415 ἔστιν
761 3370 792 3416 l.
828 3375 876 3415 19
1028 3368 1212 3429 ,si-delae
1241 3375 1278 3419 Β
1441 3377 1491 3419 19
1522 3372 1750 3421 ἐπέκλυσε
1779 3373 1816 3417 Ρ
1961 3374 2017 3415 20
2046 3369 2182 3429 τύχοι
2211 3370 2247 3415 Ρ
2278 3366 2392 3428 τύχη
2420 3369 2464 3413 Η

372 3437 487 3495 τύχῃ
515 3438 649 3483 UBM
783 3440 983 3502 πράττει
1012 3446 1062 3492 δὲ
1090 3449 1195 3500 (om.
1227 3449 1323 3501 καὶ)
1353 3446 1389 3491 Ρ
1563 3450 1613 3490 21
1647 3444 1874 3506 θεάτρων
1903 3443 1984 3487 ΡΗ
2156 3444 2210 3485 23
2242 3436 2351 3487 οὐδὲ
2378 3453 2461 3497 pro

375 3502 491 3556 ὁδοῦ
518 3509 555 3554 Ρ
670 3514 724 3555 24
754 3516 835 3558 καὶ
863 3527 949 3561 om.
979 3516 1060 3560 PH
1088 3531 1147 3561 m.
1178 3531 1249 3575 pr.
1394 3521 1449 3563 25
1479 3515 1722 3578 μολύβδου
1751 3517 1789 3560 Β
1818 3511 2034 3575 μολύβου
2063 3512 2105 3558 U
2231 3514 2285 3555 26
2316 3528 2464 3571 προσ-

371 3582 485 3636 ῆκεν
513 3581 630 3635 libri,
662 3595 776 3629 corr.
807 3585 939 3642 Emp.
1092 3592 1145 3632 28
1177 3589 1227 3636 δὲ
1253 3591 1497 3649 μεγίστων
1526 3590 1632 3644 (hoc
1662 3589 1777 3642 ord·)
1807 3587 1880 3632 ΡΠ

2679 1452 2682 1484 4

2680 1485 2682 1515 ἔ
