2684 4140
984 283 1026 325 9.
1071 279 1278 326 DIONIS
1306 279 1725 326 PHILOSOPHIA.

346 417 604 476 γέλλουσιν,
636 413 721 478 οὐχ
744 411 877 473 ὅπως
896 415 1181 479 ἐρρήθησαν,
1207 414 1317 467 ἀλλ’

346 484 414 535 ἔτι
461 490 678 548 βελτίους
722 487 1009 548 ποιήσαντες
1046 516 1102 523 -
1141 488 1188 537 οἳ
1229 490 1319 548 μὲν

347 555 539 613 ἑκόντες
559 556 975 620 ἐπανορθούμενοι
991 587 1043 594 -
1068 559 1113 607 οἳ
1135 561 1183 608 δὲ
1201 558 1318 616 ἴσως

345 633 426 676 καὶ
457 626 658 684 ἄκοντες
687 631 760 677 διὰ
793 627 849 677 τὸ
880 627 943 690 μὴ
986 629 1173 692 σφόδρα
1203 649 1315 690 μεμ-

347 702 520 758 νῆσθαι
548 700 593 744 II
625 704 693 757 62,
724 704 794 746 20.
824 725 881 735 —-
909 714 937 745 a
976 702 1209 747 daemonio
1239 715 1315 747 ex-

347 771 513 816 citatus
542 771 663 827 apud
688 771 1015 817 Alexandrinos
1044 772 1180 818 verba
1207 773 1319 818 facit

351 845 448 895 270,
482 845 549 888 11.
581 866 635 874 --
675 842 862 888 deorum
900 842 1118 887 instinctu
1146 842 1317 888 factum

346 924 468 967 esse,
509 915 562 958 ut
593 913 993 959 Nicomedensibus
1031 914 1318 958 concordiam

347 983 539 1028 suadere
587 984 773 1029 auderet
809 985 853 1029 II
893 988 970 1038 43,
1017 988 1082 1028 10.
1125 1009 1176 1016 -
1218 997 1317 1029 ora-

346 1053 519 1098 tionum
538 1054 609 1099 ‘de
629 1049 779 1111 regno'
802 1054 1059 1100 recitationi
1073 1054 1320 1111 praemittit

346 1120 613 1184 προλαλιάν
634 1138 701 1171 οι·.
722 1125 849 1171 LVII
879 1125 923 1168 11
943 1129 1037 1182 129,
1053 1129 1093 1170 3.
1113 1151 1160 1158 —
1182 1125 1316 1170 collo-

347 1195 499 1252 quium
542 1208 644 1240 cum
690 1209 780 1241 uno
825 1196 976 1240 multis
1031 1195 1319 1240 audientibus

346 1266 540 1311 factum:
570 1269 651 1312 καὶ
680 1265 785 1319 πῶς
812 1261 936 1325 ἡμᾶς
966 1262 1213 1320 ἆνέξονται
1243 1283 1321 1312 το-

349 1340 523 1390 σοῦτος
554 1331 701 1395 ὄχλος
728 1339 838 1395 περὶ
858 1333 1095 1383 τοιούτων
1114 1340 1321 1395 διαλεγο-

343 1408 516 1464 μένους
545 1407 591 1451 II
623 1411 722 1463 207,
749 1411 816 1452 10.
849 1432 902 1438 -
933 1402 1061 1453 εἶδον
1090 1402 1183 1453 διὰ
1223 1410 1324 1453 τοῦ

346 1473 731 1537 ἱπποδρόμου
759 1478 1025 1536 βαδίζων
1054 1502 1108 1509 -
1130 1472 1218 1523 τὸν
1236 1476 1324 1534 μὲν

349 1543 600 1603 αὐλοῦντα,
631 1547 721 1594 τὸν
750 1547 800 1594 δὲ
818 1542 1131 1606 ὀρχούμενον,
1164 1546 1255 1593 τὸν
1275 1547 1323 1593 δὲ

349 1622 515 1676 θαῦμα
547 1612 914 1676 ἄποδιδόμενον,
944 1615 1033 1665 τὸν
1063 1618 1113 1665 δὲ
1142 1619 1322 1676 ποίημα

350 1684 786 1750 ἀναγιγνώσκοντα,
807 1685 895 1737 τὸν
915 1688 964 1735 δὲ
981 1688 1201 1748 ἱστορίαν
1216 1684 1319 1734 τινὰ

349 1757 378 1820 ἢ
392 1764 552 1818 μῦθον
568 1756 874 1820 διηγούμενον
889 1759 1044 1815 11261,
1060 1762 1108 1803 21
1128 1761 1210 1813 (or.
1219 1758 1322 1813 XX)

348 1857 402 1864 —
454 1833 694 1877 hesternae
750 1830 1067 1888 disputationis
1121 1842 1198 1874 eos
1246 1829 1323 1886 qui

350 1902 554 1960 audiunt,
583 1902 819 1947 admonet:
852 1895 959 1947 οἷον
989 1900 1040 1959 δὴ
1069 1899 1185 1958 χθὲς
1214 1901 1322 1957 περὶ

349 1968 559 2020 πλούτου
572 1970 814 2031 ἐλέγομεν,
835 1971 931 2016 scil.
951 1970 1196 2027 sapientem
1213 1969 1324 2014 nihil

348 2044 559 2088 admirari
580 2056 735 2088 eorum
755 2035 836 2101 ἐφ’
860 2036 932 2096 οἷς
954 2034 979 2087 ὃ
1003 2038 1191 2096 φθόνος
1219 2041 1320 2098 γίγ-

349 2132 479 2161 νεται
507 2114 553 2158 lI
570 2118 669 2170 211,
685 2116 754 2158 22.
778 2138 831 2144 —-
854 2124 990 2168 saepe
1018 2112 1321 2167 sophistarum

348 2185 574 2231 auditoria
605 2197 707 2230 cum
728 2182 1078 2229 adulescentulis
1109 2182 1319 2237 frequen-

2275 273 2378 334 371²

1416 425 1485 466 tat
1514 421 1559 466 11
1588 426 1685 478 258,
1706 427 1746 467 5.
1778 447 1832 455 —
1862 424 1975 477 τοῦς
2005 419 2221 483 ἁμῃγέπῃ
2251 429 2386 473 δυνα-

1418 486 1530 545 τοὺς
1558 491 1710 551 λέγειν
1731 489 1969 551 ’θαυμάζω
1998 496 2080 540 καὶ
2107 490 2282 554 οἷγαπῶ
2309 496 2383 543 διὰ

1417 561 1474 608 τὸ
1516 556 1662 616 αὐτὸς
1707 557 1941 617 ἀδύνατος
1985 559 2105 610 εἶναι
2150 565 2302 625 λέγειν
2340 566 2386 610 Π

1417 634 1515 688 258,
1534 635 1598 677 12.
1618 657 1668 664 -—
1686 629 1780 692 ἐγὼ
1796 633 1884 690 μὲν
1901 628 1996 694 γὰρ
2015 630 2180 690 ἅπλῶς
2198 635 2384 694 πέφυκα

1416 704 1496 748 καὶ
1526 699 1716 760 φαύλως
1745 702 2043 762 διαλέγεσθαι
2079 709 2161 752 καὶ
2191 702 2386 761 οὐδενός

1418 769 1615 829 ἄμεινον
1656 777 1753 820 τῶν
1791 774 2037 833 τυχόντων
2074 779 2386 833 331,12.-

1419 844 1660 889 Cleanthes
1678 848 1838 889 contra
1847 846 2113 902 Sophoclem
2129 847 2384 904 disputavit,

1420 909 1481 961 οὐ
1494 911 1605 998 uhu,
1631 906 1795 973 ὥσπερ
1817 918 1898 962 νῦν
1917 911 2049 974 ημεῖς
2070 912 2143 963 διὰ
2172 933 2384 977 μακρων,

1419 976 1503 1032 α’τε
1549 1003 1605 1032 ου
1648 988 1936 1045 παραχρῆμα
1989 986 2108 1040 (libri
2159 983 2283 1046 πρὸς
2325 987 2382 1033 τὸ

1416 1059 1593 1114 χρῆμα)
1612 1051 1734 1102 κατὰ
1757 1052 1935 1114 πολλὴν
1953 1054 2175 1111 ἐξουσίαν
2194 1053 2386 1111 διεξιών,

1420 1121 1525 1172 αλλ’
1557 1124 1609 1172 ἐν
1637 1128 1827 1186 βίβλοις
1855 1143 2068 1185 γραφων.
2103 1131 2200 1183 208,
2236 1131 2301 1172 13.
2329 1153 2383 1160 -

1421 1197 1476 1242 de
1511 1196 1655 1240 forma
1691 1197 2029 1254 philosophicae
2072 1197 2385 1254 disputationis

1422 1262 1567 1324 τυχὸν
1595 1263 1690 1326 γὰρ
1723 1260 1778 1313 οὗ
1808 1264 1973 1331 ῥᾴδιον
2010 1263 2099 1314 τὸν
2134 1270 2220 1313 τοῦ
2257 1271 2384 1326 φιλο-

1423 1332 1580 1393 σόφου
1610 1339 1724 1382 νοῦν
1752 1340 1832 1382 καὶ
1852 1336 1999 1396 λόγον
2018 1336 2240 1395 ἐπισχεῖν,
2270 1333 2385 1383 ἔνθα

1424 1402 1484 1452 ἂν
1503 1401 1704 1465 ὁρμήσῃ,
1727 1409 1813 1453 τοῦ
1839 1410 2160 1462 ξυναντῶντος
2183 1403 2257 1455 dez
2280 1425 2386 1466 φαι-

1424 1477 1627 1533 νομένου
1656 1477 1977 1538 ξυμφέροντος
2012 1480 2092 1524 καὶ
2128 1475 2388 1537 ἀναγκαίου

1424 1555 1526 1601 τοῖς
1582 1543 1913 1608 ἄκρουμένοις,
1966 1544 2022 1595 οὐ
2072 1548 2386 1607 μελετηθέντα

1423 1618 1547 1676 πρὸς
1575 1610 1700 1677 ῧδωρ
1721 1621 1801 1664 καὶ
1821 1618 2056 1677 δικανικὴν
2075 1613 2284 1678 α’νοίγκην
2300 1622 2384 1663 etc.

1426 1691 1520 1744 165,
1542 1692 1606 1732 18.
1627 1714 1677 1720 -
1696 1688 1894 1733 fabulam
1911 1693 2068 1733 narrat
2083 1691 2191 1744 περὶ
2215 1684 2387 1748 ἀνδρὸς

1424 1757 1612 1816 Φρυγὸς
1639 1761 1718 1804 καὶ
1747 1755 1963 1818 κορώνης
1993 1762 2092 1813 317,
2126 1763 2189 1804 15.
2232 1784 2287 1790 -
2316 1758 2384 1803 fa-

1421 1829 1596 1886 bulam,
1636 1841 1726 1885 qua
1765 1829 2168 1873 Alexandrinorum
2204 1828 2385 1871 nimium

1421 1900 1618 1944 musicae
1630 1912 1823 1944 amorem
1833 1900 1988 1956 carpit,
2004 1900 2211 1956 aPhryge
2218 1899 2385 1955 Aesopi

1421 1969 1672 2026 propinquo
1696 1982 1743 2014 se
1760 1969 1988 2025 accepisse
2004 1969 2184 2014 simulat
2201 1973 2295 2022 285,
2314 1973 2381 2014 21.

1424 2064 1474 2071 —-
1508 2040 1703 2084 diversos
1727 2040 1905 2084 Homeri
1932 2039 2054 2083 locos
2075 2042 2142 2092 (Ω
2159 2043 2238 2083 260
2257 2055 2286 2084 σ
2303 2043 2382 2082 262

1424 2113 1472 2155 Π
1496 2113 1594 2163 262)
1624 2110 1670 2153 in
1700 2123 1836 2154 unum
1868 2109 2095 2165 coniungit
2126 2113 2222 2165 268,
2258 2114 2295 2152 1.

910 2402 958 2452 9.
1017 2395 1261 2451 DIONIS
1301 2392 1802 2449 PHILOSOPHIA.

304 2542 395 2585 Aer
410 2531 566 2599 (Ἡρα)
579 2537 754 2597 χροιάν
771 2535 819 2583 δὲ
836 2538 894 2594 τῇ
913 2534 1000 2592 μὲν
1024 2529 1171 2582 αὑτοῦ
1194 2534 1331 2593 φύσει

361 2609 531 2667 μέλας,
569 2604 872 2668 φαιδρύνεται
912 2605 960 2652 δὲ
997 2601 1068 2652 ἀεὶ
1101 2605 1159 2652 τὸ
1189 2622 1328 2651 κατα-

363 2677 674 2738 λαμπόμενον
702 2674 817 2739 ῆλίῳ
846 2677 892 2721 II
926 2680 991 2729 13,
1023 2681 1063 2721 7.

308 2753 478 2797 Aether
508 2751 601 2797 Iovi
631 2762 759 2796 sacer
778 2748 823 2792 Il
843 2751 906 2802 12,
924 2751 974 2792 21
1009 2747 1158 2793 omnia
1188 2745 1332 2791 sidera

364 2824 461 2868 eius
491 2827 643 2880 partes
673 2835 741 2868 or.
771 2820 966 2866 xxxvl
996 2821 1110 2874 §43-
1129 2822 1198 2863 44.
1220 2843 1273 2849 -—-
1303 2812 1329 2874 ἡ

362 2893 592 2954 λεγομένη
619 2892 751 2951 παρὰ
792 2898 895 2944 τοῖς
933 2896 1105 2949 σοφοῖς
1141 2883 1330 2945 επικρα-

362 2981 494 3048 τησις
515 2963 724 3022 αιθέρος,
754 2960 807 3008 ἐν
829 2963 866 3023 ῴ
889 2960 946 3006 τὸ
967 2960 1223 3019 βασιλεῦον
1251 2958 1330 3001 καὶ

362 3034 421 3080 τὸ
451 3029 752 3090 κυριώτατον
773 3034 854 3089 τῆς
875 3031 1071 3089 ψυχικῆς
1091 3021 1329 3081 δυναμεως

366 3100 424 3150 ὅν
455 3098 543 3150 οῦκ
572 3098 930 3163 αποτρέπονται
960 3100 1053 3155 πῦρ
1076 3091 1328 3151 ὀνομαζειν

364 3169 604 3226 πολλακις,
636 3164 737 3233 όρῳ
775 3186 827 3217 τε
865 3171 946 3215 καὶ
975 3182 1141 3231 πραως
1169 3180 1324 3224 γιγνο-

362 3243 477 3303 μένη
507 3239 558 3290 έν
587 3258 679 3289 τισι
714 3237 913 3301 χρόνοις
950 3235 1254 3293 τεταγμένοις
1281 3234 1326 3278 II

365 3319 434 3371 56,
465 3319 504 3359 5.
553 3313 620 3357 Cf.
644 3325 678 3359 s.
698 3326 739 3357 v.
767 3303 1045 3367 ἐκπυρωσις.

309 3385 533 3430 Animalia
570 3385 705 3430 bruta
742 3383 823 3429 καὶ
866 3382 1014 3426 ταῦτα
1051 3373 1326 3437 γιγνώσκειν

365 3460 445 3503 καὶ
482 3457 621 3512 τιμᾶν
656 3453 747 3499 τὸν
783 3451 903 3498 θεὸν
946 3452 1026 3496 καὶ
1069 3451 1325 3507 προθυμεῖ·

367 3533 480 3574 σθαι
515 3528 599 3585 ζῆν
633 3522 755 3571 κατὰ
796 3521 884 3568 τὸν
922 3518 1108 3567 ἐκείνου
1143 3513 1327 3574 θεσμόν

310 3601 619 3729 Ἇέοῗζέόὲῗφσις
646 3676 851 3711 recessus
887 3675 946 3707 ex
974 3661 1074 3705 loco
1103 3659 1150 3704 in
1179 3658 1325 3703 locum

366 3740 479 3785 nihil
513 3738 625 3784 facit
659 3737 716 3781 ad
760 3733 1046 3791 sapientiam,
1089 3732 1176 3774 hoc
1213 3740 1324 3784 opus
1362 3756 1364 3759 .

1430 2536 1514 2589 est,
1543 2535 1595 2576 ut
1626 2532 1758 2576 etiam
1787 2531 1832 2575 in
1862 2531 1996 2575 turba
2024 2543 2158 2586 penes
2179 2543 2258 2575 nos
2287 2543 2384 2574 esse

1431 2602 1722 2647 assuefiamus
1751 2615 1814 2647 or.
1845 2601 1945 2646 XX.
1988 2601 2127 2645 11259
2144 2615 2209 2656 sq.

1370 2671 1635 2733 ’Ἄνθρωποι
1646 2685 1796 2718 omnes
1813 2676 1969 2717 catena
1979 2671 2047 2716 vin
2053 2671 2113 2715 cti
2127 2683 2215 2714 non
2225 2671 2382 2723 ferrea,

1431 2744 1509 2789 sed
1539 2755 1654 2799 quae
1682 2742 1919 2799 voluptatis
1948 2745 1994 2785 et
2027 2740 2190 2785 doloris
2218 2739 2381 2783 vicissi-

1431 2814 1583 2858 tudine
1610 2814 1827 2857 formatur
1863 2811 1927 2865 (in
1957 2809 2202 2855 Charidemi
2229 2808 2382 2853 fabula

1430 2885 1719 2940 Pythagorea)
1749 2881 1793 2925 II
1822 2883 1917 2935 299,
1950 2883 2047 2935 lsq.

1368 2952 1645 3012 ’Ἀνθρωπος
1663 2950 1883 2995 definitio:
1915 2951 2041 3010 ζῷον
2060 2947 2253 3006 λογικὸν
2272 2952 2378 3006 θνη-

1427 3016 1516 3070 τόν
1544 3023 1589 3067 11
1620 3027 1660 3075 6,
1694 3025 1759 3064 10.

1371 3086 1527 3153 Ἀρετή
1541 3093 1678 3136 virtus
1698 3090 1920 3145 laudatur,
1943 3088 2018 3133 sed
2035 3100 2122 3132 non
2144 3087 2378 3143 appetitur,

1425 3173 1689 3220 quamquam
1719 3160 1816 3205 sola
1844 3159 1998 3202 beatos
2026 3157 2136 3202 facit
2155 3171 2217 3202 or.
2235 3156 2381 3200 LXIX

1426 3235 1452 3289 ς»
1479 3232 1782 3277 1-3.11174.

1370 3301 1532 3364 ἄρχειν
1561 3302 1617 3348 τὸ
1650 3299 1695 3349 ὀί.
1728 3297 1946 3356 οὐδαμῶς
1981 3294 2220 3362 ράθυμον,
2260 3290 2377 3342 ἀλλὰ

1424 3372 1672 3425 ἐπίπονον,
1705 3365 1810 3417 οὐδὲ
1831 3369 2148 3415 πλεονεκτοῦν
2176 3362 2379 3417 α’νέσεως

1424 3446 1503 3490 καὶ
1533 3444 1718 3501 σχολῆς,
1747 3436 1865 3487 ἀλλὰ
1891 3439 2156 3498 φροντίδων
2184 3438 2262 3482 καὶ
2290 3431 2378 3480 πό·

1425 3530 1519 3560 νων
1547 3525 1613 3558 or.
1644 3511 1711 3555 ΙΙΙ
1741 3513 1965 3566 §62-85,

1369 3580 1489 3645 ἀρχή
1520 3605 1574 3622 ==
1611 3577 1811 3639 νόμιμος
1849 3573 2122 3637 ανθρώπων
2159 3574 2379 3631 διοίκησις

1424 3657 1503 3700 καὶ
1532 3651 1738 3713 πρόνοια
1769 3645 2035 3709 ἀνθρώπων
2071 3644 2191 3691 κατὰ
2229 3641 2379 3698 νόμον

1429 3728 1498 3781 41,
1519 3728 1559 3768 7.

1965 3787 2045 3831 24*
