2684 4140
1039 257 1267 304 ORATIO
1296 256 1480 303 XLVII.
2232 252 2302 302 87

233 401 365 454 ἀλλὰ
400 405 472 474 μὴ
505 400 756 453 δαπανᾶν
781 403 881 468 μὲν
908 399 968 465 ἐξ
995 399 1194 469 ὀλίγων
1220 398 1603 471 ὑπαρχόντων,
1642 397 2019 465 ἀσχολεῖσθαι
2046 397 2105 451 δὲ
2131 400 2296 464 ἀσχο-
2318 399 2385 450 23

233 483 350 550 λίας
393 484 727 558 ἀνωφελεῖς,
786 489 849 537 τὸ
900 485 958 538 δὲ
1015 493 1201 553 σῶμα,
1265 488 1584 557 θεραπείας
1636 479 1901 551 δεόμενον
1948 487 2042 537 καὶ
2089 481 2304 556 πολλῆς

233 579 526 643 προσοχῆς,
564 572 971 641 καταφθείρειν
999 570 1324 638 ἀμελοῦντα,
1363 568 1460 641 τὴν
1488 569 1546 622 δὲ
1585 568 1768 641 ψυχὴν
1805 576 2075 621 τοσοῦτον
2099 563 2301 638 χρόνον

233 657 330 707 ἐᾶν
360 650 684 725 <ἅγευστον>
723 653 1073 727 φιλοσοφίας
1118 659 1211 708 καὶ
1257 663 1369 708 τῶν
1416 658 1688 707 τοιούτων
1723 656 2107 725 μαθημάτων,
2158 655 2303 722 πρὸς

175 755 200 794 5
237 737 296 790 δὲ
344 743 434 792 τὸν
483 739 636 792 δεῖνα
683 737 1050 803 ἐξετάζεσθαι
1097 743 1128 811 ἢ
1180 744 1276 792 τὸν
1329 739 1482 792 δεῖνα
1517 742 1612 792 καὶ
1646 746 1827 800 κακῶς
1864 741 2086 791 ἀκούειν
2122 739 2302 789 ἐνίοτε

19 839 204 884 235311)
226 825 319 875 καὶ
345 821 664 877 δάκνεσθαι.
727 827 871 894 πρὸς
907 826 1062 877 θεῶν
1101 827 1132 876 ό
1169 831 1342 877 ταῦτα
1380 826 1525 895 ὑπὲρ
1548 826 1689 890 ἐμοῦ
1714 820 2024 894 φροντίζων
2049 825 2143 875 καὶ
2182 821 2302 874 δια·

229 906 516 975 λεγόμενος
555 911 651 975 οὐχ
689 908 852 971 οὗτός
887 912 1041 962 ἐστιν
1079 911 1406 980 ἀνθρώπων
1455 912 1722 960 ἁπάντων
1772 910 2141 969 εὐνούστατος
2177 908 2306 972 ἐμοὶ

225 981 318 1043 καὶ
363 992 604 1058 μάλιστα
653 996 765 1046 ὑπὸ
811 996 951 1060 ἐμοῦ
997 992 1302 1064 φιλεῖσθαι
1350 992 1598 1055 ὁίκαιος,·
1817 996 1949 1045 ὅταν
2001 991 2059 1044 δὲ
2117 993 2301 1042 ἀκούω

228 1075 403 1145 λέγειν
427 1079 548 1130 τινὰ
576 1081 652 1140 ὡς
678 1081 809 1148 περὶ
833 1081 1118 1148 τυράννου,
1158 1077 1482 1148 παράδοξον
1507 1080 1634 1143 ἐμοὶ
1661 1078 1925 1148 φαίνεται
1949 1079 2042 1128 καὶ
2066 1075 2302 1144 γελοῖον.

147 1166 197 1218 1ο
229 1163 335 1229 ἐγὼ
372 1163 476 1231 γὰρ
500 1164 812 1228 ἐπίσταμαι
835 1169 949 1213 τῶν
971 1165 1251 1232 τυράννων
1283 1164 1414 1232 ἔργα
1441 1168 1693 1225 τοιαῦτα,
1729 1164 2009 1227 μοιχεύειν
2034 1165 2296 1228 γυναῖκας
2317 1161 2386 1211 24

227 1243 524 1316 ἀλλοτρίας
555 1248 646 1298 καὶ
673 1245 1034 1317 διαφθείρειν
1059 1245 1291 1310 παῖδας,
1329 1248 1675 1317 ἀνθρώπους
1699 1244 2035 1315 ἐλευθέρους
2073 1247 2303 1295 τύπτειν

222 1327 374 1396 (καὶ)
410 1327 730 1393 αἰκίζεσθαι
778 1333 1006 1382 πάντων
1057 1333 1341 1401 ὁρώντων,
1388 1333 1522 1393 τούς
1567 1329 1625 1383 δὲ
1663 1333 1757 1382 καὶ
1806 1327 2131 1398 στρεβλοῦν,
2182 1328 2303 1379 οἷον

49 1432 130 1472 (530
149 1431 200 1476 Μ)
224 1418 305 1477 εἰς
331 1412 520 1478 ζέοντα
549 1413 750 1485 λέβητα
778 1416 1100 1479 καθιέντας,
1140 1414 1344 1478 ἄλλους
1382 1414 1440 1468 δὲ
1478 1423 1988 1478 καταπιττοῦντας’
2028 1414 2104 1466 ὧν
2144 1411 2304 1465 οὐδὲν

223 1501 328 1567 ἐγὼ
368 1506 549 1551 ποιῶ·
589 1504 781 1569 ἑτέραν
821 1498 879 1552 δὲ
923 1506 1151 1568 γυναῖκα
1179 1505 1446 1572 τύραννον
1470 1503 1796 1570 Σεμίραμιν,
1836 1504 1924 1552 ὅτι
1951 1501 2303 1570 πρεσβυτέρα

141 1595 190 1638 15
225 1585 322 1653 τὴν
359 1580 575 1652 ἡλικίαν
614 1585 752 1636 οὖσα
790 1587 884 1637 καὶ
919 1584 1130 1652 μάχλος
1166 1583 1432 1656 ἠνάγκαζε
1484 1588 1884 1655 συγγίγνεσθαί
1919 1603 2077 1647 τινας
2115 1589 2303 1654 ἑαυτῇ.

219 1673 330 1719 τῶν
376 1666 436 1720 δὲ
486 1671 765 1737 τυράννων
804 1673 898 1722 ἕνα
951 1673 1158 1741 ἀκήκοα
1207 1678 1381 1722 ταῦτα
1432 1679 1735 1736 ποιοῦντα,
1789 1672 2108 1741 πρεσβύτην
2156 1671 2303 1738 θρα-

223 1754 336 1803 σύν.
419 1752 494 1804 ὧν
532 1754 590 1804 τί
626 1757 771 1822 πρὸς
817 1757 917 1820 ἐμέ
964 1758 1148 1818 &ovem
1194 1758 1226 1826 ἢ
1279 1759 1367 1808 ὅτι
1416 1759 1515 1827 τὴν
1566 1758 1748 1808 οἰκίαν
1793 1755 2077 1822 οἰκοδομῶ
2125 1753 2297 1807 πολυ-
2321 1754 2389 1804 25

216 1835 417 1899 τελῶς,·
464 1831 587 1888 ἀλλ’
632 1840 727 1889 οὐκ
763 1841 835 1890 ἐῶ
877 1842 1142 1903 πίπτειν,·
1188 1843 1219 1911 ἢ
1261 1845 1349 1893 ὅτι
1386 1845 1687 1912 πορφύραν
1738 1843 1906 1904 αὐτὸς
1943 1842 2295 1912 ήμφίεσμαι;

217 1915 342 1972 ἀλλ’
387 1922 448 1972 οὐ
489 1921 702 1992 φαῦλον
739 1926 1035 1993 τριβώνιον
1047 1945 1068 1988 ;
1115 1921 1239 1976 ἀλλ’
1283 1930 1371 1978 ὅτι
1405 1934 1559 1994 κομῶ
1598 1930 1691 1979 καὶ
1726 1932 1910 1995 γένεια
1951 1929 2058 1992 ἔχω
2071 1945 2090 1989 ,·
2128 1933 2293 1976 τοῦτο

135 2022 184 2064 20
221 1998 269 2057 δ’
315 2006 453 2068 ἴσως
491 2008 553 2057 οὐ
590 2013 910 2077 τυραννικόν
947 2012 1117 2074 ἐστιν,
1156 2009 1296 2062 ἀλλὰ
1334 2010 1641 2079 βασιλικόν.
1708 2014 1816 2083 ἔφη
1847 2006 1902 2063 δ’
1948 2012 2043 2063 οὖν
2084 2029 2172 2072 τις
2210 2013 2301 2062 ὅτι

212 2092 305 2143 καὶ
340 2093 403 2142 τὸ
440 2098 619 2154 κακῶς
656 2095 875 2145 ἀκούειν
911 2093 1095 2157 καλῶς
1132 2104 1405 2148 ποιοῦντα
1443 2100 1536 2149 καὶ
1573 2104 1737 2148 τοῦτο
1796 2095 2088 2164 βασιλικόν
2127 2098 2297 2147 ἐστιν.

15 2675 118 2712 mn
136 2676 187 2718 11,
536 2654 652 2720 (31)
707 2653 1220 2724 ΠΟΛΙΤΙΚΟΣ
1276 2657 1395 2725 ΕΝ
1439 2657 1998 2726 ΕΚΚΑΗΣΙΑΙ.

355 2895 593 2963 Πρῶτον
618 2899 734 2961 μέν,
776 2897 818 2947 ὦ
850 2897 1062 2968 ἄνδρες,
1103 2899 1183 2967 τῷ
1219 2902 1496 2970 κρατίστῳ
1544 2899 1813 2969 Οὐαρηνῷ
1855 2899 2124 2970 δεῖχάριν
2150 2905 2296 2971 ἡμᾶς
2338 2903 2363 2952 1

217 2976 427 3029 εἰδέναι
463 2981 555 3030 καὶ
594 2978 687 3030 διὰ
726 2984 824 3052 τὴν
862 2981 1034 3053 ἀλλην
1074 2986 1431 3053 προθυμίαν,
1477 2986 1543 3054 ἢν
1589 2983 1969 3035 ἐπιδέδεικται
2022 2988 2167 3054 πρὸς
2204 2989 2302 3057 τὴν

217 3060 400 3125 πόλιν,
438 3065 531 3113 καὶ
567 3066 655 3116 ὅτι
678 3063 1042 3132 βουλομένοις
1066 3072 1198 3138 ἡμῖν
1225 3066 1589 3139 ἐκκλησιάσαι
1615 3066 1787 3119 πάλιν
1813 3071 2015 3140 ε’φῆκεν
2043 3071 2106 3120 οὐ
2132 3074 2303 3136 μόνον

138 3164 187 3204 25
224 3146 477 3210 ἑτοίμως,
505 3143 644 3197 ἀλλὰ
669 3151 762 3200 καὶ
779 3148 970 3217 ἡδέως.
1011 3158 1175 3202 τοῦτο
1196 3153 1299 3221 γὰρ
1325 3150 1391 3222 ἥν
1411 3155 1779 3215 πιστεύοντος
1804 3156 1933 3219 ὑμῖν
1961 3157 2053 3206 καὶ
2082 3154 2302 3218 εἰδότος

357 3357 384 3396 4
414 3349 646 3412 ἄγευστον
675 3354 775 3398 add.
807 3355 999 3411 Reiske;
1030 3360 1127 3403 τῶν
1156 3361 1249 3415 φιλ.
1278 3358 1382 3404 libri
1561 3363 1588 3419 Q
1616 3363 1697 3406 καὶ
1726 3373 1808 3417 pro
1839 3357 1870 3419 ἢ
1900 3360 1980 3406 UT
2166 3366 2191 3407 6
2220 3366 2302 3410 καὶ

216 3417 341 3480 πρὸς
371 3422 449 3467 UT
596 3428 643 3468 11
678 3426 959 3485 διαφθείρην
987 3427 1025 3472 Β
1174 3431 1222 3472 12
1253 3431 1333 3474 καὶ
1360 3428 1459 3474 add.
1493 3429 1659 3475 Reiske
1812 3435 1863 3475 13
1892 3437 2304 3488 καταπιττοῦντας

217 3492 337 3546 Wil„
365 3498 688 3541 καταπιττοῦν
716 3495 820 3540 libri
937 3501 987 3541 15
1020 3499 1330 3557 συγγίνεσθαί
1359 3499 1477 3544 UBT
1614 3499 1786 3560 ἐναυτῆ
1814 3502 1856 3548 U
1982 3508 2034 3548 16
2064 3501 2148 3551 ἕνα
2179 3505 2303 3559 Wil„

216 3563 274 3607 ad
303 3563 529 3609 Tiberium
559 3565 780 3621 referens,
822 3561 989 3614 οὐδένα
1019 3569 1120 3613 libri
1281 3573 1335 3615 20
1365 3565 1453 3629 ἔφη
1484 3564 1526 3615 δ’
1561 3563 1647 3618 οὖν
1677 3589 1768 3626 τιςε
1807 3573 1904 3619 scil.
1936 3574 2228 3621 Antisthenes
2255 3575 2304 3621 in

218 3634 331 3689 Cyro
363 3635 421 3681 cf.
451 3635 602 3692 Epict.
634 3637 752 3682 Diss.
784 3637 863 3693 IV,
895 3643 921 3682 6
1009 3643 1059 3684 21
1094 3643 1350 3695 ποιοῦντας
1378 3641 1494 3695 libri,
1525 3654 1644 3688 corr.
1676 3643 1898 3701 Uptonius
2009 3648 2061 3689 22
2094 3639 2303 3706 onocpvc'vcp

217 3703 296 3749 UT
327 3699 543 3768 οὖαρήνῳ
573 3708 660 3752 ΒΜ
775 3712 829 3752 24
859 3702 1039 3767 ἀφῆκεν
1069 3711 1106 3756 Β
