2684 4140
1106 219 1331 267 ORATIO
1361 221 1459 267 XL.
2261 222 2328 271 55

246 371 517 438 ἡμετέραν
567 365 734 418 πόλιν
785 369 846 417 τὸ
896 369 996 432 μὲν
1046 364 1260 436 ἀληθὲς
1309 371 1550 420 ἅπτεται
1589 367 1814 420 πολλῶν
1862 370 1955 420 καὶ
1989 363 2159 430 κνίζει
2197 369 2328 428 τούς

249 450 451 514 ἄλλους
489 454 722 515 πάντας,
762 454 850 503 ὅτι
890 449 952 522 δὴ
994 453 1094 514 τὰς
1134 450 1290 515 δίκας
1316 455 1474 519 ὑμεῖς
1500 453 1856 520 ἀποδέχεσθε
1882 455 1974 504 καὶ
2012 446 2153 522 παρ’
2195 455 2324 518 ὑμῖν

251 538 450 598 α’ύτούς
489 538 691 606 ἀνάγκη
729 538 1054 605 κρίνεσθαι·
1101 539 1201 608 χρὴ
1255 535 1313 589 δὲ
1355 532 1432 589 δι’
1477 541 1608 590 αὐτὸ
1646 537 1855 605 μᾶλλον
1895 535 2327 609 φιλανθρώπως

248 622 391 686 ἔχειν
427 622 520 672 καὶ
555 623 627 691 μὴ
673 625 934 690 παρέχειν
973 624 1204 683 ἑαυτοὺς
1241 624 1615 693 ἐπιφθόνους.
1682 625 1876 674 αὐτίκα
1913 619 2032 690 <οἱ>
2057 623 2326 691 πρέσβεις

191 715 215 756 5
254 708 310 757 οἱ
342 706 835 775 χειροτονηθέντες
872 707 970 757 ἐπὶ
1006 713 1169 756 τοῦτο
1197 709 1260 757 τὸ
1288 713 1515 777 πρᾶγμα
1542 709 1727 759 πόθεν
1755 710 1995 758 ἀπίασιν
2007 726 2026 770 ,·
2066 708 2160 757 οὐκ
2186 708 2321 757 έκεῖ-

10 781 12 838 ᾗ
248 792 353 842 θεν
366 810 386 853 ,·
425 792 486 841 οὐ
526 791 681 859 παρὰ
720 796 830 841 τῶν
857 791 1140 855 ἐχθίστων
1167 793 1589 862 ἀναχθήσονται
1616 791 1882 854 πλέοντες
1905 794 1999 843 καὶ
2019 794 2325 862 χρήσονται

0 846 12 958 ἑ
70 885 149 928 (496
170 886 222 929 Μ)
247 875 325 943 τῴ
367 873 547 941 λιμένι
584 882 681 946 τῆς
718 876 924 944 ἐχθρᾶς
951 873 1171 937 πόλεως
1183 895 1201 937 ;
1237 877 1268 946 ἢ
1308 874 1482 944 κύκλῳ
1511 879 1818 942 περιίασιν,
1861 878 2050 946 ὥσπερ
2075 873 2325 946 χαλεπῆς

246 962 339 1012 καὶ
376 961 586 1027 ἀβάτου
625 966 723 1029 τῆς
760 961 917 1026 ε’γγύς
953 963 1085 1030 ἡμῖν
1111 957 1432 1030 θαλάττης,·
1470 963 1575 1028 ἐγὼ
1614 963 1715 1026 μὲν
1752 963 1854 1031 γὰρ
1893 963 1986 1012 καὶ
2023 965 2143 1022 τοῖς
2181 964 2321 1027 πρό-

246 1061 405 1114 τερον
445 1043 878 1114 διαφερομένοις
914 1045 1059 1113 πρὸς
1096 1047 1226 1106 τούς
1265 1046 1659 1112 ἀστυγείτονας
1688 1053 1862 1096 ταῦτα
1888 1050 2131 1115 ἠγοῦμαι
2162 1043 2323 1110 χαλε-

167 1135 213 1179 10
252 1131 479 1198 πώτερα
517 1129 610 1179 καὶ
644 1129 920 1197 βαρύτερα
959 1134 1061 1178 τοῦ
1096 1126 1369 1194 λαβόντας
1407 1127 1556 1180 ὅπλα
1593 1127 1842 1197 βαδίζειν
1882 1132 1964 1191 εἰς
2000 1132 2098 1200 τὴν
2131 1132 2320 1199 χώραν

246 1215 278 1283 ἢ
320 1211 697 1282 προσβάλλειν
735 1216 855 1273 τοῖς
893 1214 1131 1277 τείχεσιν
1168 1214 1199 1282 ἢ
1239 1214 1307 1263 τὰ
1337 1211 1535 1282 δένδρα
1563 1218 1792 1265 κόπτειν
1822 1216 1853 1284 ἢ
1882 1214 1962 1281 τῷ
1986 1213 2184 1283 καρπῷ
2213 1220 2324 1282 πῦρ

243 1300 465 1349 ἐνιέναι.
552 1299 764 1348 τούτων
812 1297 914 1366 γὰρ
965 1296 1125 1362 οἶμαι
1156 1295 1420 1362 χαλεπῶν
1470 1301 1670 1363 ὄντων,
1721 1298 1799 1367 τῴ
1851 1301 2022 1350 παντὶ
2065 1297 2320 1363 χαλεπώ-
2344 1301 2410 1352 34

204 1427 217 1437 ‚
243 1385 402 1451 τερόν
439 1384 618 1445 ἐστιν,
659 1373 764 1451 ἀφ’
819 1380 894 1432 ὧν
931 1382 1201 1448 γίγνεται,
1251 1385 1314 1433 τὸ
1353 1390 1452 1453 τῆς
1490 1384 1700 1452 ἔχθρας
1736 1386 1830 1435 καὶ
1867 1386 1929 1434 τὸ
1969 1390 2071 1434 τοῦ
2104 1384 2319 1448 μίσους.

22 1467 305 1519 (¹76R1D013
343 1467 444 1535 γὰρ
484 1467 606 1517 ἔστι
646 1467 892 1536 φανῆναί
928 1482 1068 1517 ποτε
1107 1468 1222 1517 ἀπὸ
1262 1469 1460 1518 τούτου
1510 1475 1613 1519 τοῦ
1657 1471 1986 1538 πράγματος
2036 1465 2324 1538 ὠφέλιμον

162 1558 209 1600 15
247 1549 371 1601 οὐδὲ
406 1554 662 1621 χρηστόν.
736 1553 767 1602 ὅ
803 1568 863 1602 τε
899 1551 1001 1620 γάρ
1041 1558 1139 1622 τῆς
1175 1553 1386 1622 ἔχθρας
1421 1556 1639 1623 καρπὸς
1677 1556 1944 1605 ἁπάντων
1983 1555 2324 1622 πικρότατος

239 1638 332 1687 καὶ
371 1634 721 1706 δριμύτατος,
763 1637 954 1704 ὥσπερ
997 1635 1156 1701 οἶμαι
1194 1639 1517 1690 τούναντίον
1551 1641 1582 1689 ὁ
1606 1646 1704 1710 τῆς
1731 1640 1950 1700 εὐνοίας
1975 1636 2206 1708 ἥδιστος
2231 1639 2324 1688 καὶ

243 1718 714 1782 λυσιτελέστατος.
812 1722 875 1771 τὸ
926 1721 1028 1790 γὰρ
1077 1719 1365 1790 μηδέποτε
1424 1722 1590 1774 εἴκειν
1648 1722 1788 1793 μηδὲ
1840 1726 2197 1792 παραχωρεῖν
2246 1721 2324 1788 τῷ

241 1803 500 1875 πλησίον,
542 1803 679 1872 λέγω
721 1802 778 1855 δὲ
814 1807 985 1875 χωρὶς
1024 1807 1302 1876 αἰσχύνης,
1341 1806 1480 1877 μηδὲ
1520 1815 1630 1859 τῶν
1655 1811 1756 1874 μὲν
1792 1811 2075 1876 τυγχάνειν
2104 1808 2320 1869 αὐτούς,

241 1891 309 1940 τὰ
361 1888 418 1940 δὲ
471 1893 737 1958 παριέναι
784 1894 904 1951 τοῖς
943 1888 1163 1954 ἄλλοις,
1216 1893 1311 1942 οὐκ
1348 1890 1602 1962 ἀνδρεῖόν
1641 1896 1822 1957 ἐστιν,
1875 1895 2065 1961 ὥσπερ
2108 1892 2327 1942 οἴονταί

162 1981 211 2023 20
247 1992 409 2037 τινες,
450 1972 575 2025 οὐδὲ
614 1972 985 2045 μεγαλόφρον,
1025 1969 1148 2025 ἀλλ’
1193 1977 1428 2046 ἀνόητον
1465 1980 1558 2029 καὶ
1596 1979 1834 2044 ἀμαθές.
1900 1980 1995 2043 οὐχ
2023 1980 2183 2047 ὁρᾶτε
2221 1984 2322 2027 τοῦ
2342 1979 2424 2030 35

242 2057 562 2124 ξύμπαντος
603 2060 841 2128 ούρανοῦ
872 2061 964 2110 καὶ
1002 2066 1111 2110 τῶν
1150 2062 1207 2110 ἑν
1248 2060 1396 2128 αὐτῷ
1436 2063 1614 2113 θείων
1653 2065 1746 2113 καὶ
1769 2064 2059 2131 μακαρίων
2088 2064 2319 2112 αἰώνιον

239 2142 396 2206 τάξιν
433 2145 526 2194 καὶ
563 2145 828 2208 ὁμόνοιαν
875 2145 968 2194 καὶ
1018 2147 1414 2215 σωφροσύνην,
1466 2146 1531 2216 ἧς
1577 2148 1701 2197 οὔτε
1749 2145 1975 2198 κάλλιον
2026 2148 2149 2197 οὔτε
2192 2160 2319 2211 σεμ-

238 2231 462 2297 νότερον
515 2226 672 2279 οὐδὲν
725 2228 844 2278 οἶόν
892 2221 947 2278 τ>
999 2230 1332 2300 ἐπινοῆσαι,·
1398 2233 1542 2300 πρὸς
1602 2229 1659 2282 δὲ
1722 2232 1795 2282 αὖ
1852 2238 1962 2283 τῶν
2015 2229 2321 2298 λεγομένων

242 2314 557 2378 στοιχείων,
609 2315 773 2382 ἀέρος
809 2315 902 2364 καὶ
938 2320 1036 2384 γῆς
1072 2315 1165 2364 καὶ
1201 2313 1405 2377 ὕδατος
1441 2317 1534 2366 καὶ
1572 2319 1774 2385 πυρός,
1826 2319 1924 2387 τὴν
1964 2314 2190 2386 ἀσφαλῆ
2228 2317 2322 2365 καὶ

160 2405 208 2446 25
247 2396 466 2449 δικαίαν
506 2392 584 2449 δι’
628 2399 833 2459 αἰῶνος
860 2400 1148 2467 ἁρμονίαν,
1186 2393 1326 2465 μεθ’
1370 2403 1504 2470 ὅσης
1532 2403 1952 2471 εὐγνωμοσύνης
1978 2403 2070 2452 καὶ
2100 2403 2319 2469 μετριό-

218 2500 406 2552 τητος
465 2481 746 2548 διαμένειν
804 2487 1050 2553 πέφυκεν
1109 2485 1247 2534 αὐτά
1304 2503 1362 2536 τε
1428 2482 1712 2553 σῳζόμενα
1768 2489 1862 2537 καὶ
1920 2482 2166 2554 σῴζοντα
2224 2486 2319 2534 τὸν

243 2567 465 2618 ἅπαντα
502 2570 737 2633 κόσμον,
778 2572 1038 2619 σκοπεῖτε
1076 2571 1196 2637 γάρ,
1236 2571 1287 2620 εἰ
1311 2571 1407 2620 καί
1444 2585 1562 2621 τισι
1602 2569 1753 2634 δόξει
1788 2575 2068 2637 μετέωρος
2096 2572 2131 2633 ὁ,
2159 2567 2319 2635 λόγος
2342 2570 2407 2621 36

239 2647 392 2719 <καὶ>
430 2653 490 2708 οὐ
532 2654 678 2703 πάνυ
717 2670 772 2703 τι
810 2654 938 2718 ὑμῖν
980 2654 1317 2723 συμπαθής,
1368 2657 1453 2705 ὅτι
1503 2662 1676 2706 ταῦτα
1716 2658 2007 2726 πεφυκότα
2047 2656 2322 2725 ἄφθαρτα

239 2739 333 2788 καὶ
369 2738 505 2788 θεῖα
542 2739 635 2788 καὶ
671 2744 773 2788 τοῦ
809 2739 1036 2807 πρώτου
1074 2740 1168 2789 καὶ
1204 2741 1468 2806 μεγίστου
1508 2743 1694 2809 γνώμῃ
1733 2743 1826 2791 καὶ
1865 2738 2095 2805 δυνάμει
2131 2739 2320 2804 κυβερ-

160 2826 208 2869 30
245 2825 461 2888 νώμενα
511 2823 658 2873 θεοῦ
691 2825 786 2873 τὸν
826 2824 1049 2873 ἅπαντα
1084 2826 1283 2892 χρόνον
1322 2826 1380 2874 ἐκ
1418 2832 1516 2895 τῆς
1555 2827 1698 2894 πρὸς
1736 2822 1948 2893 ἄλληλα
1997 2822 2192 2893 φιλίας
2231 2825 2323 2873 καὶ

383 3047 407 3087 2
439 3047 511 3090 δεῖ
535 3045 571 3088 Β
716 3047 743 3086 4
774 3040 821 3088 οἳ
849 3042 1000 3087 addidi
1145 3048 1169 3086 5
1203 3039 1258 3089 οὐ
1287 3056 1370 3100 pro
1403 3042 1449 3090 οἱ
1478 3044 1527 3088 Μ
1683 3049 1706 3087 7
1738 3045 1956 3101 περίασιν
1986 3043 2172 3097 ΠΒΜΤ,
2205 3054 2319 3088 corr.

240 3113 449 3169 impressi
602 3117 626 3157 8
658 3110 800 3171 οὔσης
828 3115 935 3168 post
964 3109 1154 3171 ἀβάτου
1183 3113 1284 3158 add.
1318 3113 1601 3168 Herwerden‚
1632 3127 1717 3172 quo
1748 3127 1838 3159 non
1866 3114 1995 3158 valde
2026 3127 2139 3170 opus
2284 3113 2322 3157 si

241 3188 364 3227 recte
393 3195 441 3227 se
469 3183 606 3227 habet
637 3191 738 3236 τοῖς
767 3180 1037 3241 πρότερον,
1080 3188 1338 3240 suspectum
1370 3183 1662 3239 casaubono,
1704 3184 1958 3229 addendum
1998 3189 2066 3229 est
2095 3184 2320 3244 γενέσθαι

242 3259 347 3309 post
375 3250 617 3313 βαρύτερα
795 3257 846 3297 10
877 3251 1120 3313 λαβόντος
1148 3254 1265 3308 libri,
1297 3267 1411 3299 corr.
1445 3254 1633 3299 Casaub.
1777 3257 1857 3300 καὶ
1885 3255 2097 3314 βαδίζειν
2126 3254 2207 3300 UT

246 3329 294 3368 11
329 3327 426 3370 τῶν
454 3326 655 3383 καρπῶν
683 3324 734 3368 Μ
854 3326 902 3367 13
934 3325 1116 3382 γίνεται
1143 3324 1245 3369 libri
1363 3328 1414 3369 14
1442 3325 1614 3370 malim:
1647 3317 1888 3383 ὠφέλιμον
1917 3320 2108 3384 (οὐδὲν)
2140 3320 2247 3372 οὐδὲ

247 3399 297 3439 15
330 3390 560 3441 ἁπάντων
590 3394 781 3448 Reiske,
820 3389 918 3441 ἀπὸ
954 3393 1150 3442 πάντων
1187 3396 1289 3441 libri
1460 3393 1752 3456 πικρότατος
1781 3396 1823 3441 U
1854 3400 1905 3450 (π
1934 3407 1962 3439 a
1993 3399 2126 3451 corr.)
2155 3392 2323 3455 μικρό-

243 3481 390 3519 τατος
418 3466 468 3509 Μ
500 3463 820 3524 σμικρότατος
854 3465 890 3508 Β
1039 3470 1090 3510 16
1124 3461 1149 3511 ὃ
1184 3479 1269 3511 om.
1300 3466 1350 3510 M
1525 3470 1575 3511 18
1606 3469 1841 3523 exspecto:
1874 3463 2122 3526 τυγχάνειν
2153 3461 2325 3520 αὐτοὺς

241 3532 462 3593 (ἀξιοῦν)
577 3540 630 3580 20
662 3536 967 3581 scribendum:
998 3535 1146 3595 (τὴν)
1175 3540 1276 3593 τοῦ,
1307 3537 1393 3581 nisi
1423 3539 1625 3595 praestat
1655 3534 1739 3597 τὴν
1770 3541 1873 3582 ante
1904 3533 2100 3583 αἰώνιον
2123 3536 2323 3581 inserere

242 3606 299 3651 cf.
331 3607 522 3651 alterum
551 3607 797 3652 membrum
934 3609 986 3650 23
1019 3602 1126 3654 οἷόν
1156 3624 1208 3654 τε
1237 3608 1278 3653 U
1310 3604 1493 3655 οἴονται
1523 3609 1574 3653 Μ
1719 3611 1771 3653 28
1801 3610 1881 3653 καὶ
1911 3607 2013 3653 add.
2045 3606 2211 3652 Reiske

241 3673 449 3736 εὐμαθής
479 3678 584 3722 Wil.
616 3677 722 3723 dub.
838 3681 891 3723 29
924 3674 1272 3738 κυβερνώμεθα
1303 3679 1341 3723 Τ
1460 3683 1512 3724 30
1544 3674 1773 3738 ἀλλήλους
1803 3678 1924 3724 UBT
