2684 4140
1105 307 1330 354 ORATIO
1360 308 1484 354 XXI.
2232 310 2336 360 267

240 454 335 504 καὶ
371 454 435 503 τὸ
471 450 676 514 κάλλος
718 453 829 503 ὑπὸ
879 450 990 502 τῶν
1037 455 1329 518 τιμώντων
1379 453 1512 504 αὐτὸ
1562 455 1656 506 καὶ
1707 453 2051 521 σεβομένων·
2101 453 2340 522 ἀμελού-

240 553 407 603 μενον
435 534 494 588 δὲ
513 539 608 589 καὶ
628 534 852 597 οὐδενὸς
878 538 959 598 εἰς
981 537 1113 588 αὐτὸ
1141 535 1508 604 βλέποντος’“
1477 558 1508 609 η
1540 545 1801 610 πονηρῶν
1826 537 2152 606 βλεπόντων
2182 542 2339 608 σβέν-

241 638 418 684 νυται,
460 622 652 690 ὥσπερ
679 621 748 671 τὰ
784 622 1091 690 κάτοπτρα.
1119 605 1334 690 -Αρ’
1379 623 1490 686 οὖν,
1530 625 1669 692 ὅπερ
1704 617 2008 693 Ἀθηναῖοι
2046 623 2337 689 πολλάκις,

75 716 156 758 (2¹70
174 715 230 759 Μ)
243 706 338 755 καὶ
360 708 507 773 ἡμᾶς
527 707 629 774 χρὴ
660 705 927 772 ἀναρχίαν
954 706 1300 776 ἀναγράφειν
1325 709 1422 758 τὸν
1449 710 1704 774 παρόντα
1741 711 1952 778 καιρόν,
1995 712 2072 771 ὡς
2112 708 2338 772 οὐδενὸς

109 794 116 828 ζ
185 796 209 836 5
246 789 405 848 ὄντος
422 785 624 850 καλοῦ,·
642 790 799 839 -Δ.
820 790 937 840 Ναὶ
954 790 1033 855 μά
1050 791 1182 854 Δία,
1204 786 1412 860 (πλὴν)
1431 793 1507 853 ὡς
1527 793 1751 861 Πέρσαι
1769 808 1829 860 γε
1850 790 2139 859 ἐνόμιζον
2153 787 2334 864 Ἑλλή-
2374 797 2406 849 3

7 885 11 964 1Ι
36 881 216 925 δοΒΒΠ)
242 890 352 924 νων
381 870 439 923 δὲ
470 870 706 934 οὐδείς’Ι
675 892 707 943 η
737 873 796 924 εἴ
814 890 916 937 τις,
957 876 1016 924 ἐκ
1042 881 1153 926 τῶν
1179 878 1495 944 τριάκοντα.
1558 878 1589 946 ἢ
1620 878 1716 927 οὐκ
1755 877 1933 929 οἶσθα
1962 880 2202 948 Κριτίαν
2240 881 2338 930 τὸν

240 963 350 1007 τῶν
390 959 716 1026 τριάκοντα,
767 960 856 1009 ὅτι
890 955 1192 1010 κάλλιστον
1230 961 1339 1030 ἔφη
1381 958 1534 1022 εἶδος
1573 963 1631 1012 ἐν
1669 965 1791 1023 τοῖς
1829 964 2029 1031 ἄρρεσι
2065 964 2128 1013 τὸ
2168 961 2336 1034 θῆλυ,

239 1042 297 1092 ἐν
338 1032 390 1091 δ’
436 1042 509 1091 αὖ
541 1045 667 1103 ταῖς
703 1039 970 1111 θηλείαις
1007 1044 1363 1107 τούναντίον,·
1403 1045 1598 1096 οὐκοῦν
1639 1043 1871 1107 δικαίως
1904 1040 2208 1117 Ἀθηναῖοι
2246 1065 2336 1098 νο-

238 1127 493 1196 μοθέτην
533 1127 700 1177 αὐτὸν
738 1124 954 1177 εἵλοντο
993 1128 1095 1177 ἐπί
1129 1143 1190 1195 γε
1227 1127 1308 1195 τῷ
1354 1131 1721 1198 μεταγράψαι
1758 1133 1889 1192 τούς
1929 1130 2211 1193 παλαιοὺς
2249 1134 2339 1183 νό-
2391 1125 2394 1128 ’

162 1220 211 1264 10
245 1227 410 1276 μους,
461 1211 523 1272 ὃς
562 1208 760 1261 οὐδένα
800 1211 982 1261 αὐτῶν
1029 1209 1238 1263 ἔλιπεν.
1278 1240 1347 1247 -
1385 1209 1541 1263 Εἶεν·
1593 1216 1649 1264 οἱ
1699 1213 1757 1264 δὲ
1796 1216 2021 1284 Πέρσαι
2059 1223 2183 1278 πῶς
2221 1219 2339 1267 ἑνό-

236 1291 427 1361 μιζον,·
464 1323 535 1333 -
559 1296 628 1346 A.
662 1294 741 1346 Οὐ
779 1295 882 1364 γὰρ
924 1299 1184 1365 φανερόν,
1224 1298 1316 1347 ὅτε
1356 1298 1648 1362 εὐνούχους
1686 1299 1921 1349 ἐποίουν
1959 1302 2089 1361 τούς
2114 1298 2333 1365 καλούς,
2374 1305 2407 1353 4

238 1382 397 1441 ὅπως
436 1381 628 1441 αὐτοῖς
667 1381 744 1440 ὡς
779 1376 1073 1430 κάλλιστοι
1111 1380 1282 1443 ὦσιν,·
1330 1387 1600 1433 τοσοῦτον
1640 1380 1932 1452 διαφέρειν
1972 1377 2148 1451 ᾤοντο
2195 1387 2342 1453 πρὸς

240 1462 446 1526 κάλλος
483 1466 546 1515 τὸ
585 1461 751 1534 θῆλυ.
819 1462 1012 1529 σχεδὸν
1054 1463 1112 1515 δὲ
1150 1467 1243 1517 καὶ
1270 1468 1479 1528 πάντες
1507 1469 1563 1517 οἱ
1587 1468 1882 1537 βάρβαροι,
1921 1460 2069 1537 ᾗπερ
2097 1470 2165 1519 τὰ
2197 1467 2338 1520 ἄλλα

239 1544 371 1616 ζῷα,
411 1546 552 1600 *διὰ
590 1550 653 1599 τὸ
692 1551 864 1614 μόνον
903 1549 972 1600 τὰ
1011 1548 1326 1620 ἀφροδίσια
1365 1553 1591 1604 ἐννοεῖν.
1685 1554 1762 1614 ὡς
1802 1553 1896 1603 οὖν
1937 1550 2155 1620 λέγεται
2198 1556 2341 1605 Δαί-

160 1642 207 1686 15
245 1631 415 1695 δαλος
453 1641 696 1704 ποιῆσαι
732 1636 829 1685 τὸν
871 1640 1074 1704 ταῦρον
1117 1633 1442 1700 ἐξαπατῶν,
1493 1642 1811 1707 περιτεῖναι
1859 1637 1939 1706 τῷ
1979 1635 2120 1705 ξύλῳ
2165 1636 2340 1708 δέρμα

5 1784 6 1788 ¹
237 1719 388 1786 βοός,
426 1720 673 1770 κάκεῖνοι
709 1718 1158 1786 γυναικὸςεῖδος
1198 1722 1569 1790 περιτιθέασι
1605 1727 1728 1784 τοῖς
1765 1724 2011 1792 ἄρρεσιν,
2051 1721 2236 1785 ἄλλως
2277 1722 2336 1774 δὲ

5 1795 222 1860 ¹(503R11)
243 1805 340 1855 οὐκ
375 1805 715 1855 ἐπίστανται
752 1806 899 1874 ἐρᾶν.
977 1804 1116 1867 ἴσως
1166 1803 1225 1856 δὲ
1273 1808 1367 1857 καὶ
1412 1810 1444 1877 ἠ
1484 1810 1664 1878 τροφὴ
1708 1809 1863 1858 αἰτία
1902 1811 2023 1868 τοῖς
2059 1802 2330 1877 Πέρσαις,
2371 1811 2403 1861 5

240 1891 303 1940 τὸ
342 1893 505 1958 μέχρι
552 1886 772 1939 πολλοῦ
816 1890 1141 1959 τρέφεσθαι
1190 1892 1304 1941 ὑπό
1353 1909 1414 1942 τε
1461 1899 1733 1959 γυναικῶν
1772 1894 1866 1944 καὶ
1915 1894 2188 1957 εὐνούχων
2227 1899 2341 1945 τῶν

242 1976 655 2044 πρεσβυτέρων,
697 1972 911 2036 παῖδας
951 1972 1009 2025 δὲ
1035 1975 1176 2041 μετὰ
1204 1974 1428 2027 παίδων
1454 1978 1548 2027 καὶ
1572 1979 1834 2046 μειράκια
1861 1978 2001 2043 μετὰ
2036 1979 2341 2046 μειρακίων

163 2068 212 2109 20
246 2061 319 2130 μὴ
373 2061 520 2110 πάνυ
574 2064 822 2110 συνεῖναι
872 2057 1013 2129 μηδὲ
1064 2062 1422 2127 γυμνοῦσθαι
1471 2064 1529 2112 ἐν
1579 2061 1961 2132 παλαίστραις
2009 2064 2102 2113 καὶ
2138 2079 2342 2130 γυμνα-

243 2146 405 2205 σίοις.
481 2146 618 2195 ὅθεν
657 2146 762 2211 ἐγὼ
806 2144 966 2210 οἶμαι
1006 2142 1279 2216 ξυμβῆναι
1317 2147 1509 2208 αὐτοῖς
1557 2145 1680 2215 <τό>
1721 2152 1846 2208 ταῖς
1870 2150 2118 2217 μητράσι
2153 2149 2343 2215 μίγνυ-

241 2230 414 2280 σθαι·
456 2231 648 2299 ὥσπερ
691 2231 747 2280 οἱ
785 2227 989 2293 πῶλοι,
1029 2229 1264 2282 ἐπειδὰν
1303 2229 1602 2302 ἁδρότεροι
1642 2235 1797 2294 ὄντες
1824 2231 2218 2283 ἀκολουθῶσιν
2257 2233 2343 2283 ἔτι

239 2317 365 2377 ταῖς
401 2317 707 2385 μητράσιν,
757 2316 1080 2382 ἐπιβαίνειν
1129 2313 1405 2386 ζητοῦσιν.
1492 2320 1555 2368 τὸ
1604 2322 1799 2384 μέντοι
1847 2326 1944 2389 τῆς
1993 2324 2208 2388 τροφῆς
2245 2319 2338 2368 καὶ
2376 2321 2408 2372 6

239 2401 489 2451 ἐνταῦθα
532 2399 777 2451 δείκνυσι
814 2403 911 2472 τὴν
940 2403 1111 2467 ἰσχύν.
1175 2399 1403 2453 κάλλιον
1429 2404 1531 2469 μὲν
1558 2404 1660 2472 γὰρ
1703 2401 1765 2474 δὴ
1810 2401 1956 2453 πολύ
1986 2404 2167 2463 ἵππος
2195 2403 2339 2466 ὄνου,

162 2492 211 2535 25
249 2486 305 2536 οἱ
343 2483 406 2536 δέ
440 2502 500 2553 γε
540 2487 660 2537 ὄνοι
698 2487 795 2536 οὐκ
820 2487 1206 2552 ἐπιθυμοῦσιν
1246 2488 1443 2539 ἵππων
1483 2486 1577 2538 διὰ
1616 2490 1714 2558 τὴν
1748 2490 1934 2558 φύσιν,
1976 2489 2026 2539 εἰ
2063 2490 2135 2557 μὴ
2178 2487 2240 2548 ὃς
2279 2488 2346 2538 ἀν

241 2553 278 2639 ἦ
317 2571 709 2639 τεθραμμένος
748 2572 932 2622 ἵππου
970 2569 1232 2639 γάλακτι·
1285 2574 1496 2638 ὁμοίως
1547 2571 1605 2624 δὲ
1654 2575 1748 2624 καὶ
1799 2574 1981 2634 ἵππος
2019 2571 2341 2634 πωλευθεὶς

242 2656 355 2706 ὑπὸ
397 2657 523 2706 ὄνου
563 2658 625 2706 τὸ
668 2657 801 2707 αὐτὸ
843 2659 1069 2722 πάσχει.
1218 2660 1276 2709 ἐν
1305 2656 1364 2709 δὲ
1404 2662 1526 2719 τοῖς
1553 2659 1890 2727 ἀνθρώποις
1914 2660 2007 2709 καὶ
2043 2663 2074 2728 ἡ
2114 2656 2342 2721 ἐξουσία

244 2744 575 2808 παράνομόν
615 2742 672 2792 τί
708 2743 846 2793 ἐστι.
941 2745 1184 2812 Νέρωνα
1223 2749 1355 2811 γοῦν
1394 2745 1604 2804 πάντες
1642 2744 2009 2808 ἐπιστάμεθα
2049 2735 2147 2812 ἐφ’
2188 2746 2344 2812 ἡμῶν

389 2923 413 2964 2
453 2924 677 2980 πονηρῶς
714 2920 980 2975 Jacobsius,
1021 2921 1142 2977 quod
1182 2921 1347 2977 probat
1382 2920 1519 2977 Emp.
1561 2920 1624 2974 (in
1662 2920 1856 2974 schedis)
2030 2924 2054 2963 5
2085 2916 2344 2977 (κάλλους)

245 2985 483 3049 ἀναρχίαν
512 2991 822 3045 Casaubonus,
854 2992 1077 3048 probante
1108 2991 1320 3047 Emperio
1493 2989 1616 3048 πλὴν
1644 2990 1746 3034 add.
1780 2990 1887 3033 Wil.
2062 2992 2086 3033 6
2117 2986 2147 3048 ἢ
2176 2987 2228 3036 εἷ’
2248 3007 2340 3044 τιςε

245 3061 359 3106 haec
396 3061 645 3107 dubitantis
684 3065 859 3116 essent,
906 3062 1060 3118 itaque
1109 3061 1318 3117 praefero
1355 3057 1387 3120 ἢ
1424 3056 1490 3114 εἷς
1529 3077 1598 3114 τις
1801 3063 1825 3104 8
1865 3053 2029 3114 αὐταῖς
2068 3064 2173 3114 (uno
2213 3073 2344 3105 voca-

244 3131 367 3185 bulo)
398 3132 437 3175 B
602 3135 627 3174 9
658 3127 838 3187 νόμους
867 3144 954 3176 om.
987 3131 1026 3175 U
1189 3135 1241 3174 10
1272 3129 1341 3184 αἶς
1369 3143 1450 3187 pro
1485 3125 1539 3183 ὂς
1568 3130 1650 3175 UB
1820 3129 2130 3175 scribendum:
2179 3127 2344 3188 ἔμελλε

247 3204 401 3248 λιπεῖν
549 3206 594 3245 11
629 3202 801 3246 malim:
834 3196 988 3247 ὁπότε
1017 3202 1133 3260 (γε)
1161 3206 1243 3245 aut
1274 3201 1433 3245 saltem
1466 3192 1549 3247 ὅτε
1575 3200 1715 3259 <γε>,·
1744 3201 1877 3245 etiam
1907 3201 1963 3245 de
1994 3198 2045 3247 οἵ
2068 3217 2122 3260 γε
2153 3200 2344 3256 cogitari

246 3275 400 3329 potest
519 3275 569 3315 12
599 3263 689 3318 ὦσι
721 3272 760 3315 Β
894 3275 943 3316 13
973 3274 1079 3328 post
1107 3275 1227 3330 θῆλυ
1255 3273 1447 3328 graviter
1475 3271 1734 3328 interpunxi
1819 3268 1940 3330 ἤπερ
1972 3271 2049 3316 UB
2170 3276 2221 3315 14
2250 3271 2342 3316 for-

246 3346 370 3389 tasse
400 3343 485 3387 Dio
518 3342 722 3399 scripsit:
756 3336 873 3389 αὐτὸ
905 3340 1063 3399 μόνον
1092 3339 1151 3389 τὰ
1183 3337 1299 3401 ἀφρ.
1330 3339 1610 3400 (δύνανται)
1639 3341 1824 3389 ἐννοεῖν
1956 3342 2149 3396 δέδαλος
2178 3342 2227 3385 Μ

250 3420 299 3460 15
332 3416 445 3473 περί
474 3431 578 3460 τινα
610 3414 656 3456 Μ
691 3415 958 3470 περιτείνας
990 3412 1182 3458 Oasaub.
1332 3417 1383 3458 18
1414 3414 1722 3462 scribendum:
1755 3408 1996 3472 εὐνούχων
2024 3415 2104 3459 καὶ
2135 3417 2343 3472 πρεσβυ-

244 3486 400 3547 τέρων
421 3486 477 3530 cf.
500 3485 709 3541 Xenoph.
730 3485 871 3529 instit.
896 3483 1001 3542 Cyri
1020 3484 1057 3538 Ι,
1080 3487 1119 3539 2,
1141 3489 1165 3529 5
1186 3487 1267 3530 καὶ
1297 3482 1373 3531 ἐπὶ
1402 3485 1489 3541 μὲν
1519 3492 1621 3539 τοῖς
1651 3487 1812 3531 παισὶν
1841 3483 1896 3531 ἐκ
1925 3487 2023 3530 τῶν
2044 3482 2339 3543 γεραιτέρων

246 3552 472 3617 ᾑρημένοι
503 3557 621 3603 εἰσὶν
653 3554 699 3602 οἳ
729 3552 789 3602 ἄν
819 3559 904 3600 eto.
1023 3558 1073 3598 21
1109 3558 1346 3615 συμβῆναι
1377 3555 1427 3599 Μ
1562 3552 1619 3602 τὸ
1651 3555 1824 3601 addidit
1852 3555 2062 3600 Reiskius
2207 3557 2259 3597 22
2293 3551 2340 3623 92

244 3631 419 3675 πολλοὶ
448 3628 497 3671 Μ
643 3632 696 3672 26
728 3623 798 3685 εἴη
828 3640 909 3682 pro
940 3618 970 3685 ᾖ
1000 3627 1063 3680 Μ,
1096 3639 1182 3671 om.
1215 3626 1295 3672 ΠΒ
1439 3627 1488 3674 δὲ
1518 3639 1604 3672 om.
1637 3627 1686 3672 M
1830 3630 1882 3671 28
1912 3623 2042 3672 ἐστιν
2071 3625 2120 3667 Μ
2256 3625 2342 3670 οὐν

245 3711 328 3755 pro
369 3702 488 3757 γοῦν
517 3698 557 3743 U
591 3698 648 3743 cf.
682 3697 805 3743 Suet.
839 3697 959 3742 Nero
992 3701 1059 3742 28.
1092 3701 1145 3742 35
1176 3697 1285 3742 Tac.
1323 3697 1381 3742 ab
1412 3711 1509 3743 exc.
1541 3698 1583 3742 d.
1617 3699 1730 3754 Aug.
1760 3697 1849 3741 XII
1882 3700 1934 3741 58
1965 3696 2073 3742 XIV
2104 3699 2158 3740 60
2187 3695 2344 3751 (Emp.

246 3768 294 3813 in
324 3770 517 3826 schedis)
