2684 4140
325 271 389 318 IV
1181 257 1550 304 PRAEFATIO.

325 417 443 484 ipse
479 409 784 466 Florentiae
835 403 1189 467 contuleram,
1238 416 1344 454 non
1393 415 1499 467 quo
1546 415 1681 453 unus
1732 398 1823 452 ille
1874 397 2048 453 codex
2090 401 2419 456 recensendo

326 496 495 551 textui
542 491 835 554 sufficeret,
883 485 980 540 sed
1028 489 1086 538 ut
1134 500 1267 538 unus
1305 484 1496 537 saltem
1535 499 1611 537 ex
1642 483 1866 538 testibus
1904 484 2140 552 antiquis
2178 501 2284 553 qua
2319 503 2420 555 par

323 584 404 634 est
441 574 722 643 diligentia
759 573 1096 638 comparatus
1133 569 1187 620 in
1225 567 1500 638 publicum
1537 567 1794 636 prodiret.

462 655 798 724 Fragmentis
848 669 917 707 ex
966 652 1189 706 Stobaei
1226 651 1519 719 Florilegio
1558 651 1857 722 desumptis
1906 654 2010 707 tria
2058 660 2417 724 accesserunt,

323 759 460 812 quae
499 743 553 794 in
590 739 815 793 Maximi
839 738 1135 805 Florilegio
1162 737 1325 791 Dioni
1364 737 1689 806 tribuuntur3
1730 754 1954 806 quorum
1991 755 2154 793 unum
2191 739 2417 794 fortasse

319 827 607 895 genuinum
657 829 755 879 est.
828 823 891 876 In
943 821 1026 877 his
1075 820 1465 890 investigandis
1503 822 1671 876 Elteri
1721 839 1807 877 me
1845 823 2055 878 adiuvit
2095 824 2416 892 benignitaS,

316 913 418 966 viri
457 910 753 965 doctissimi
791 913 845 963 et
869 908 1282 976 Florilegiorum
1319 923 1634 976 graecorum
1664 900 1909 962 'omnium
1945 909 2273 976 peritissimi.

458 995 670 1050 Indices
695 1010 865 1049 novos
891 991 1096 1048 confeci
1119 993 1187 1048 iis
1215 993 1306 1062 qui
1332 992 1478 1062 apud
1504 991 1838 1047 Dindorfium
1866 998 1989 1047 sunt
2010 993 2418 1062 locupletiores;

319 1081 511 1152 quibus
549 1082 616 1135 iis
654 1080 887 1135 maxime
927 1080 1018 1148 qui
1055 1079 1125 1133 de
1162 1079 1275 1133 vita
1299 1078 1491 1132 Dionis
1530 1083 1583 1132 et
1617 1077 1966 1147 philosophia
1991 1082 2268 1146 quaerunt,
2295 1095 2415 1133 con-

323 1168 499 1222 sulere
535 1166 699 1220 volui.

343 1317 350 1323 ,
458 1251 552 1306 De
579 1250 848 1306 Geticis
875 1249 1064 1303 Dionis
1091 1247 1194 1303 hoc
1220 1249 1341 1302 loco
1369 1248 1604 1302 breviter
1629 1247 1905 1316 disputare
1943 1264 1972 1302 e
2009 1264 2067 1302 re
2107 1249 2281 1302 visum
2321 1253 2416 1316 est,

319 1337 447 1405 quia
482 1353 589 1390 non
626 1335 756 1390 satis
796 1339 877 1389 est
912 1334 1057 1387 nuda
1082 1349 1383 1403 proponere
1411 1333 1465 1386 in
1490 1333 1908 1401 fragmentorum
1935 1334 2251 1388 collectione
2278 1351 2416 1402 quae

319 1439 389 1476 ex
426 1421 528 1475 hoc
561 1421 751 1475 Dionis
795 1435 956 1488 opere
996 1417 1412 1486 Cassiodorium‚
1456 1418 1704 1472 Iordanis
1741 1419 1960 1486 fontem,
1999 1420 2089 1472 vel
2124 1419 2415 1472 Ablabium

316 1507 654 1574 excerpsisse
693 1510 970 1573 putamu8‚
1022 1503 1119 1558 sed
1158 1520 1250 1558 cur
1287 1504 1364 1557 ita
1403 1503 1657 1557 terminos
1703 1501 1930 1571 figamus
1969 1520 2164 1558 causae
2203 1503 2417 1558 deside0

316 1597 513 1645 rantur.

458 1675 655 1729 Notum
695 1678 776 1728 est
813 1689 988 1727 rerum
1015 1671 1363 1727 Gothicarum
1396 1673 1699 1742 scriptores,
1727 1671 2126 1727 Cassiodorium
2155 1678 2208 1727 et
2233 1673 2415 1728 Iorda-

316 1778 452 1828 nem,
492 1766 550 1813 ut
588 1759 734 1827 genti
761 1756 1060 1812 Gothorum
1098 1757 1438 1811 venerandae
1475 1758 1809 1825 antiquitatis
1848 1758 2064 1812 laudem
2103 1764 2156 1812 et
2189 1761 2416 1813 auctori-

317 1853 479 1900 tatem
518 1844 807 1911 adderent,
853 1843 907 1896 in
945 1859 1097 1897 suum
1136 1859 1290 1897 usum
1328 1843 1556 1898 vertisse
1595 1858 1946 1911 quaecunque
1984 1842 2052 1896 de
2087 1843 2242 1898 Getis
2277 1844 2419 1897 bona

316 1938 369 1985 et
418 1930 717 1985 laudabilia
763 1928 910 1997 apud
957 1929 1206 1996 antiquos
1254 1928 1540 1997 scriptores
1589 1927 1788 1982 tradita
1835 1928 2198 1982 inveniebant.
2279 1929 2420 1983 Huic

314 2018 591 2087 proposito
641 2019 855 2084 praeter
907 2018 1112 2068 ceteros
1159 2018 1317 2082 aptus
1367 2013 1655 2067 videbatur
1691 2013 1824 2082 Dio,
1871 2014 1961 2081 qui
2000 2013 2068 2068 de
2106 2013 2258 2068 Getis
2296 2015 2330 2067 i.
2371 2031 2417 2068 6.

316 2104 498 2171 Dacis,
537 2101 609 2155 ad
647 2117 871 2169 quorum
908 2098 1042 2153 fines
1081 2100 1207 2152 exul
1243 2103 1580 2167 pervenerat,
1617 2099 1812 2152 librum
1840 2100 2229 2168 conscripserat
2259 2117 2419 2169 pecu-

314 2189 519 2242 liarem.
599 2184 750 2250 Quae
789 2189 969 2239 autem
1008 2184 1167 2238 fuerit
1204 2183 1511 2238 Geticorum
1547 2184 1738 2238 Dionis
1776 2183 1985 2238 indoles
2025 2184 2263 2253 quidque
2303 2203 2417 2239 ora·

318 2280 485 2326 torem
525 2277 579 2325 et
614 2268 998 2339 philosophum
1036 2269 1266 2322 moverit
1303 2273 1361 2322 ut
1398 2267 1654 2322 historiae
1679 2267 1813 2323 fines
1841 2269 2007 2323 semel
2033 2270 2418 2339 ingrederetur,

318 2360 364 2413 si
405 2359 566 2412 etiam
604 2373 745 2410 nunc
783 2355 1024 2422 intellegi
1063 2355 1262 2421 poterit
1299 2370 1368 2407 ex
1405 2354 1471 2408 iis
1499 2370 1637 2422 quae
1670 2353 1815 2421 apud
1842 2354 2126 2409 Iordanem
2153 2356 2415 2424 leguntur,

317 2444 541 2497 multum
580 2442 820 2509 profecto
858 2440 1022 2493 faciet
1058 2439 1128 2493 ad
1167 2438 1567 2492 instaurandam
1607 2439 1799 2494 Dionis
1837 2440 2143 2507 imaginem.

463 2527 678 2583 Certum
719 2531 798 2581 est
835 2542 942 2579 non
979 2525 1153 2593 ipsum
1191 2524 1476 2578 Iordanem
1515 2540 1678 2594 opere
1717 2523 1906 2579 Dionis
1945 2542 2098 2579 usum
2138 2541 2280 2593 esse,
2321 2526 2418 2580 sed

317 2630 454 2681 quae
505 2629 573 2666 ex
625 2612 800 2665 Dione
858 2610 1051 2665 hausta
1105 2608 1309 2679 profert
1363 2626 1482 2664 cum
1540 2610 1732 2664 ceteris
1787 2610 2062 2679 plerisque
2109 2609 2418 2665 Cassiodori

317 2697 613 2752 Gothorum
639 2696 896 2750 historiae
924 2695 1139 2749 debere.
1196 2695 1335 2748 Nam
1361 2694 1642 2749 Iordanem
1670 2700 1897 2763 apparet
1923 2695 2166 2749 Cassium
2188 2696 2418 2750 Dionem

317 2800 436 2837 oum
476 2782 857 2851 chrysostomo
909 2780 1262 2849 confundere;
1314 2780 1458 2848 quod
1507 2781 1601 2833 vix
1651 2781 1700 2833 ei
1745 2779 2058 2849 accidisset,
2099 2782 2144 2834 si
2182 2782 2418 2849 ipsorum

319 2885 486 2937 opera
519 2868 757 2922 adiisset.
818 2865 896 2921 Of.
925 2867 1241 2920 Mommseni
1267 2865 1656 2934 praefationem
1681 2882 1731 2933 p.
1760 2865 1858 2918 XL
1880 2881 1958 2933 sq.
2015 2866 2088 2918 At
2113 2882 2179 2919 ne
2207 2865 2418 2920 Cassio-

319 2953 527 3007 dorium
556 2953 774 3021 quidem
802 2953 978 3021 ipsum
1005 2951 1237 3005 Dionem
1263 2950 1464 3004 adiisse
1492 2955 1694 3004 certum
1723 2955 1817 3004 est.
1882 2949 2089 3005 Scimus
2114 2956 2239 3004 ante
2265 2951 2416 3004 illum

317 3038 605 3092 Ablabium
656 3038 924 3106 quendam
972 3036 1041 3091 de
1090 3035 1316 3091 historia
1364 3034 1662 3090 Gothorum
1711 3035 2019 3105 scripsisse3
2077 3052 2305 3103 eumque
2363 3037 2418 3089 in

318 3123 475 3175 rebus
523 3123 910 3190 antiquioribus
949 3121 1292 3176 Cassiodorio
1340 3122 1542 3175 fontem
1581 3121 1894 3189 primarium
1932 3121 2098 3175 fuisse
2136 3121 2418 3190 probabile

321 3212 416 3261 est.
492 3206 571 3260 Of.
618 3206 858 3261 Momms.
906 3208 941 3260 l.
990 3208 1025 3261 1.
1076 3224 1128 3275 p.
1168 3206 1405 3260 XXXVI
1432 3223 1510 3275 sq.
1592 3206 1824 3260 Ablabio
1873 3207 2232 3260 Mommsenus
2281 3205 2419 3259 vidit

323 3290 667 3359 „primariam
708 3291 885 3359 operis
924 3290 1247 3346 divisionem
1284 3291 1577 3347 secundum
1618 3297 1724 3346 tres
1751 3291 2048 3346 Gothorum
2086 3291 2243 3346 sedes
2281 3291 2416 3344 rela—

322 3380 430 3429 tam
469 3393 516 3429 c.
557 3380 605 3443 5,
647 3377 854 3428 38—42
895 3375 1291 3443 quodammodo
1329 3382 1608 3445 acceptam
1646 3375 1831 3431 referri
1871 3378 1971 3445 (cp.
2004 3381 2086 3443 14,
2120 3373 2259 3439 82)“.
2322 3375 2416 3427 Di-

320 3465 508 3514 cuntur
547 3460 690 3513 enim
728 3459 892 3513 Gothi
929 3461 1098 3524 primo
1137 3462 1226 3528 „in
1266 3461 1523 3528 Scythiae
1561 3463 1676 3517 solo
1721 3464 1872 3516 iuxta
1907 3461 2160 3530 paludem
2196 3460 2414 3513 Maeoti-

321 3546 474 3612 dem,
514 3544 748 3599 secundo
792 3546 848 3598 in
885 3545 1115 3613 Mysiam
1155 3547 1208 3611 (i.
1249 3563 1294 3600 e.
1334 3547 1610 3608 Moesiam)
1649 3546 2045 3612 Thraciamque
2082 3549 2135 3597 et
2171 3544 2414 3610 Daciam,

319 3629 476 3682 tertio
518 3645 679 3697 supra
716 3645 862 3683 mare
901 3630 1178 3684 Ponticum
1214 3647 1394 3686 rursus
1432 3633 1486 3686 in
1525 3631 1750 3701 Scythia
1787 3627 2113 3686 habitasse-‘⁴
2189 3629 2246 3683 Si
2285 3645 2414 3683 vero

321 3714 551 3768 Ablabio
592 3713 727 3768 haec
765 3714 963 3770 divisio
1003 3715 1254 3785 debetur,
1302 3718 1550 3772 concludi
1586 3721 1790 3786 potest,
1829 3715 1980 3768 illum
2024 3715 2130 3768 iam
2169 3715 2223 3768 in
2261 3731 2413 3769 suum
