2684 4140
1049 299 1276 349 ORATIO
1304 300 1381 347 LI.
2177 301 2276 349 101

196 445 298 514 γὰρ
350 445 424 507 ὥς
471 461 618 507 τινες
666 441 865 508 ἔδοξαν
911 445 1007 509 καὶ
1055 442 1216 513 λόγος
1264 447 1428 516 ἐρρύη
1470 452 1726 508 τοιοῦτος
1764 448 1841 508 ὡς
1878 447 1974 513 ἐμὲ
2013 444 2279 513 ἐμποδὼν

196 531 487 596 γενόμενον
524 527 602 597 τῷ
643 530 990 596 συνάγεσθαι
1026 527 1258 600 βουλήν·
1296 531 1424 583 ἐπεὶ
1457 532 1552 583 καὶ
1587 528 1716 582 τόδε
1741 532 1950 600 ἤκουσα
1979 532 2056 593 ὡς
2093 534 2285 584 πάντα

197 611 394 676 ἁπλῶς
431 609 721 679 νομίζουσι
757 614 825 665 τὰ
864 621 962 685 τῆς
1001 615 1170 685 ἀρχῆς
1205 615 1506 683 γίγνεσθαι
1541 616 1682 666 κατὰ
1720 618 1819 686 τὴν
1868 618 2005 687 ἐμὴν
2040 618 2278 688 γνώμην.

195 699 300 766 ἐγὼ
343 696 401 750 δὲ
438 700 613 750 ἐκεῖνο
651 700 752 765 μὲν
791 691 888 750 οὐκ
926 700 1282 769 ἀφαιροῦμαι
1317 702 1413 751 τὸν
1451 701 1591 763 υἱόν,
1629 702 1692 751 τὸ
1730 697 1905 770 μηδὲν
1940 701 2174 763 ἄκοντος
2211 703 2279 752 ἂν

60 805 63 808 ’
140 792 167 836 5
202 784 341 849 ἐμοῦ
374 790 616 853 ποιῆσαι
653 789 764 836 τῶν
801 777 899 854 ἐφ’
941 782 1121 851 ἐαυτῷ
1158 782 1298 854 μηδὲ
1349 781 1533 846 ἄλλως
1570 785 1637 836 ἂν
1673 785 1707 855 ἢ
1749 781 2151 852 στοχαζόμενον
2186 788 2283 839 καὶ

198 874 296 938 τῆς
343 870 479 939 ἐμῆς
525 870 776 938 γνώμης·
829 870 1013 939 ὀμνύω
1063 867 1122 920 δὲ
1173 871 1248 940 μὴ
1301 867 1623 938 προστάξαι
1668 866 2052 939 μηδεπώποτε
2087 868 2278 940 μηδέν,

14 963 172 1006 60311)
198 950 336 1021 λέγω
366 951 424 1005 δὲ
451 959 561 1005 τῶν
585 958 802 1017 κοινῶν,
829 955 892 1004 τὸ
922 950 980 1004 δὲ
1010 950 1405 1020 συμβουλεύειν
1431 957 1650 1022 πατέρα
1680 955 1812 1005 ὄντα
1837 950 1967 1020 <τὰ>
1989 956 2278 1022 κρείττονα

196 1035 462 1090 δοκοῦντα
500 1039 934 1108 προστάγματος
970 1038 1083 1102 ἔχει
1119 1035 1293 1101 τάξιν.
1373 1039 1468 1088 καὶ
1508 1035 1602 1089 διὰ
1641 1039 1739 1107 τὴν
1786 1039 2048 1105 ὑποψίαν
2073 1040 2279 1108 ταύτην

195 1124 311 1174 ἀπὸ
344 1125 546 1193 χρόνου
583 1124 736 1184 τινὸς
774 1115 902 1173 οὐδὲ
940 1126 1066 1183 ταῖς
1101 1119 1334 1189 βουλαῖς
1361 1123 1794 1190 παρετύγχανον.
1857 1124 1921 1172 τὸ
1947 1123 2050 1191 γὰρ
2090 1124 2279 1191 ἄρχειν

116 1213 166 1257 10
201 1201 367 1259 αἰτόν
415 1204 733 1271 ἀξιώσαντα
780 1212 879 1275 τῆς
926 1203 1147 1267 πόλεως
1157 1246 1176 1270 ,
1225 1207 1304 1267 ὡς
1352 1207 1539 1256 ἱκανὸν
1579 1206 1709 1257 ὄντα
1757 1203 2137 1272 βουλεύεσθαι
2171 1204 2276 1276 ἤδη

192 1293 286 1344 καὶ
334 1290 564 1344 διοικεῖν
611 1291 680 1340 τὰ
725 1291 914 1354 κοινά,
961 1287 1169 1355 μεταξὺ
1219 1288 1279 1341 δὲ
1330 1290 1470 1358 ἔργῳ
1522 1293 1712 1341 ποιεῖν
1762 1287 1995 1359 ἰδιώτην
2040 1291 2135 1342 καὶ
2181 1295 2280 1360 τῆς

194 1375 452 1441 ἐξουσίας
476 1382 574 1446 τῆς
597 1375 736 1425 κατὰ
765 1375 861 1426 τὸν
893 1376 1064 1442 νόμον
1091 1376 1293 1445 ἄκυρον
1323 1374 1448 1426 οὔτε
1485 1371 1670 1436 ἄλλως
1702 1376 1949 1436 ἐπιεικὲς
1988 1374 2114 1425 οὔτε
2142 1373 2281 1436 ἴσως

195 1456 301 1529 [αὖ]
338 1464 458 1522 τοῖς
495 1456 861 1529 τηλικούτοις.

21 1907 171 1991 {41⁵2}ss
734 1906 858 1975 (34)
892 1905 1168 1971 ΠΡΟΣ
1204 1903 1738 1973 ΔΙΟΔΩΡΟΝ.

1154 2050 1322 2057 —.—-

332 2146 564 2220 Σφόδρα
611 2145 924 2215 θαυμάζειν
973 2150 1222 2213 ἔπεισιν,
1272 2148 1315 2199 ὦ
1365 2147 1589 2218 ἄνδρες,
1641 2148 1698 2200 εἴ
1740 2167 1827 2211 τις
1867 2151 1963 2200 οὐκ
1999 2147 2272 2216 ἀποδεχό-
2319 2155 2342 2204 1

116 2242 163 2283 15
198 2236 364 2301 μενός
408 2251 534 2285 τινα
584 2231 710 2285 οὐδὲ
758 2235 993 2301 ἀγαπῶν
1042 2235 1242 2285 ἔπειτα
1293 2234 1540 2296 ἀναστὰς
1596 2236 1830 2286 ἐπαινεῖ
1871 2233 1949 2302 τῴ
2001 2232 2143 2302 λόγῳ
2190 2238 2284 2287 καὶ

192 2320 370 2371 ἐνίοτε
408 2316 641 2390 διῆλθεν
679 2320 953 2387 ἐγκώμιον
997 2321 1210 2388 μακρὸν
1256 2321 1351 2371 καὶ
1400 2317 1526 2371 λίαν
1576 2317 1861 2385 ἐπιμελῶς
1913 2322 2281 2387 συγκείμενον.

194 2405 224 2454 ὁ
259 2404 362 2474 γὰρ
400 2410 656 2466 τοιοῦτος
693 2405 1007 2469 ἄνθρωπος
1035 2405 1131 2455 οὐκ
1157 2405 1311 2456 ἔστιν
1350 2406 1456 2469 ὅ,τι
1497 2411 1609 2456 τῶν
1648 2406 1955 2470 αἰσχίστων
1994 2406 2056 2455 οὐ
2100 2407 2282 2457 σύνοι-

194 2486 283 2541 δεν
323 2488 500 2558 αὑτῷ,
551 2491 802 2560 φθόνον,
851 2490 1258 2558 μικροψυχίαν,
1310 2492 1375 2542 τὸ
1415 2492 1643 2542 πάντων
1690 2491 1952 2556 ἔσχατον,
2005 2487 2282 2542 δουλείαν.

195 2572 414 2641 λέγεται
446 2580 577 2642 γοῦν
627 2574 723 2626 οὐκ
769 2575 1002 2636 ἀτόπως
1044 2577 1138 2626 καὶ
1186 2576 1343 2645 παρὰ
1392 2579 1514 2637 τοῖς
1563 2573 1836 2637 παλαιοῖς
1887 2573 2106 2626 ’δούλου
2156 2569 2278 2626 τόδ’

115 2667 166 2708 20
203 2658 408 2721 εἶπας.’
479 2663 614 2730 φέρε
653 2657 738 2730 δή,
775 2665 900 2722 πῶς
936 2655 1089 2727 (otiu)
1125 2661 1193 2712 ἂν
1231 2659 1316 2731 εἴη
1358 2658 1557 2722 δοῦλος
1597 2662 1628 2711 ὁ
1654 2662 1799 2731 πρὸς
1824 2662 2130 2722 τοσούτους
2168 2662 2284 2726 ἅμα

193 2746 537 2815 ἀνθρώπους
583 2747 743 2814 ἕτερα
772 2743 868 2811 ,ὧν
907 2748 1116 2815 φρονεῖ
1145 2746 1353 2810 εἰπών,
1399 2747 1494 2797 καὶ
1530 2752 1704 2796 ταῦτα
1745 2746 1841 2810 οὐχ
1879 2743 2101 2808 ἁπλῶς,
2142 2742 2285 2796 ἀλλὰ

192 2831 331 2897 μετὰ
361 2827 662 2900 φροντίδος
684 2831 777 2881 καὶ
803 2837 1177 2901 παρασκευῆς,
1202 2832 1297 2882 καὶ
1319 2828 1635 2882 κολακεύων
1661 2827 1937 2890 πολλάκις
1968 2831 2283 2896 ἄνθρωπον

193 2918 287 2967 καὶ.
322 2911 630 2981 θαυμάζων
667 2915 729 2966 δν
769 2915 832 2965 ού
872 2912 1036 2986 φιλεῖ
1038 2934 1058 2978 ,·
1104 2919 1333 2986 μέτριον
1383 2916 1485 2985 γὰρ
1539 2916 1716 2976 οὕτως
1765 2916 1968 2965 εἰπεῖν.
2042 2915 2136 2964 καὶ
2171 2915 2278 2984 μὴν
2317 2915 2349 2965 2

197 3003 285 3052 ὅτι
333 3003 540 3062 πάντες
587 3002 807 3061 πάντας
856 2996 1266 3067 ἐγκωμιάζουσι
1316 2993 1457 3065 παρ’
1513 3003 1646 3069 ἡμῖν
1695 2998 2020 3050 ἐπίστασθε
2071 2995 2284 3067 δήπου’

340 3195 365 3235 2
395 3184 650 3250 γινόμενον
677 3190 801 3236 UBT
887 3186 945 3236 τὸ
979 3203 1063 3246 pro
1093 3193 1164 3252 τῷ
1193 3190 1283 3234 ΒΜ
1302 3203 1360 3234 m.
1381 3202 1452 3247 pr.
1537 3194 1565 3235 4
1594 3190 1761 3238 ἐκείνω
1793 3190 1831 3235 Τ
1918 3187 2043 3237 δίκον
2071 3186 2133 3238 ἄν
2162 3190 2201 3234 Τ

201 3267 224 3306 7
259 3259 314 3310 τὸ
346 3262 394 3310 δὲ
422 3262 544 3317 Wil.‚
572 3261 685 3320 μηδὲ
712 3261 820 3306 libri
970 3261 1155 3318 πατέρα
1184 3261 1333 3318 Emp.‚
1363 3256 1550 3322 πότερα
1578 3262 1685 3307 libri
1840 3258 1899 3309 τὰ
1929 3261 2033 3307 add.
2065 3261 2173 3306 Wil.

200 3337 225 3378 8
255 3328 286 3393 ἢ
313 3336 547 3380 δοκοῦντα
576 3332 698 3378 UBT
813 3327 909 3390 ἔχει
938 3331 1044 3376 Wil.
1076 3327 1201 3390 ἔχειν
1228 3332 1333 3378 libri
1471 3336 1498 3377 9
1526 3328 1694 3393 ἄρχειν
1722 3332 1914 3388 ΒΘῙᾶθῑι.,
1944 3327 2070 3391 ἔχειν
2097 3331 2202 3376 libri

203 3409 253 3449 10
292 3404 340 3451 δὲ
379 3417 460 3460 pro
500 3402 583 3463 ἤδη
621 3403 672 3448 Μ
843 3406 890 3447 11
929 3397 993 3449 δι’
1023 3399 1177 3463 ἔργων
1215 3402 1392 3449 Selden.
1420 3403 1496 3448 vix
1530 3406 1654 3449 recte
1828 3407 1878 3449 12
1911 3397 2073 3459 αὐτοῖς
2108 3401 2197 3446 ΒΜ
2229 3394 2289 3448 αὖ

198 3482 299 3530 τοῖς
328 3475 424 3531 UT,
454 3482 557 3529 τοῖς
584 3473 746 3531 Pflugk
887 3468 1014 3535 πρὸς
1042 3469 1264 3533 διόδορον
1292 3473 1335 3520 U
1364 3487 1422 3519 m.
1453 3487 1524 3532 pr.
1666 3477 1717 3519 16
1747 3475 1882 3521 λείαν
1910 3473 1961 3519 Μ
2078 3477 2129 3518 17
2159 3470 2286 3532 ἐσχί-

198 3562 326 3594 στων
355 3547 405 3591 Μ
579 3549 628 3591 18
668 3538 798 3607 αὐτῷ
834 3545 924 3590 ΜΤ
1096 3537 1291 3604 φθόνον
1327 3544 1456 3598 libri,
1501 3542 1665 3606 φόβον
1701 3545 1825 3593 Geel.
2002 3547 2054 3590 19
2085 3543 2145 3590 cf.
2175 3544 2288 3590 Eur.

198 3617 364 3662 Phoen.
397 3620 478 3662 395
651 3621 706 3661 20
747 3612 835 3664 οὐκ
874 3615 975 3661 add.
1006 3616 1135 3673 Emp.
1306 3611 1369 3663 ἄν
1398 3607 1429 3675 ᾖ
1456 3616 1538 3663 UB
1570 3613 1603 3664 ἄ
1639 3609 1669 3676 ᾖ
1699 3616 1738 3662 Τ
1910 3620 1960 3660 21
1994 3613 2146 3663 εἰπών
2172 3613 2287 3660 Her-

197 3687 388 3744 werden,
418 3691 574 3735 ποιῶν
601 3688 704 3734 libri
819 3682 876 3734 ού
901 3691 1124 3746 χαλεπῶς
1153 3686 1203 3730 Μ
1333 3690 1387 3732 24
1417 3684 1602 3742 πάντας
1628 3687 1856 3743 Reiskius,
1886 3683 2045 3735 πάντα
2073 3685 2177 3732 libri

197 3753 305 3814 ὑμῖν
334 3759 372 3803 Τ
