2684 4140
1065 228 1292 274 ORATIO
1320 229 1463 274 XLII.
2204 232 2303 279 143

223 372 305 430 εἰς
342 371 584 440 ἐπήκοον
625 372 1002 441 φθέγγεσθαι.
1067 374 1286 443 καὶγὰρ
1316 373 1411 424 οὖν
1436 375 1549 438 ἔχει
1585 393 1642 425 τι
1666 374 2070 447 παραπλήσιον
2109 379 2140 428 ὁ
2178 385 2304 440 νοῦς
2343 381 2374 430 2

222 461 290 523 τῇ
329 456 488 522 ὄψει·
529 458 605 517 ὡς
641 458 818 526 ἐκείνη
862 455 1251 528 διεφθαρμένη
1291 460 1392 524 μὲν
1433 457 1592 510 οὐδὲν
1631 459 1757 512 οὐδὲ
1785 468 1895 513 τῶν
1923 460 2306 532 πλησιαίτατα

224 537 354 606 ὁρᾷ,
403 541 560 611 ὑγιὴς
609 538 667 592 δὲ
719 542 857 592 οὖσα
905 546 1098 612 μέχρις
1148 544 1387 612 οὐρανοῦ
1430 562 1489 595 τε
1536 547 1630 595 καὶ
1677 547 1927 615 ἀστέρων
1982 545 2305 611 ἐξικνεῖται”

224 624 391 674 ταύτὸ
432 623 495 695 δὴ
536 632 700 676 τοῦτο
727 630 759 696 ἡ
787 629 888 691 μὲν
914 634 1016 677 τοῦ
1042 629 1318 697 φρονίμου
1349 626 1572 680 διάνοια
1597 632 1691 681 καὶ
1716 633 1935 693 πάντας
1962 633 2308 702 ἀνθρώπους

165 728 188 768 5
229 709 380 778 ἱκανὴ
419 711 665 777 γίγνεται
703 709 950 774 διοικεῖν,
989 715 1020 780 ἡ
1062 710 1120 762 δὲ
1158 729 1255 762 του
1296 715 1547 783 ἄφρονος
1577 712 1703 765 οὐδὲ
1732 716 1788 765 ἓν
1817 722 1977 782 σῶμα
2004 719 2068 767 τὸ
2096 719 2305 768 ἐκείνου

224 789 458 843 δύναται
498 792 798 864 φυλάττειν
838 793 964 846 οὐδὲ
1005 798 1099 846 ἕνα
1141 795 1308 847 οἶκον.

364 879 419 927 οἱ
453 881 554 943 μὲν
591 879 694 949 γάρ
745 877 949 931 πολλοὶ
985 886 1095 931 τῶν
1134 883 1192 931 ἐν
1231 885 1356 943 ταῖς
1396 879 1778 948 δυναστείαις,
1829 888 1916 936 ὅτι
1952 887 2054 951 μὲν
2093 883 2308 948 ἔξεστιν

222 961 414 1024 αὐτοῖς
453 965 639 1014 πάντα
680 961 998 1031 λαμβάνειν,
1037 968 1266 1018 πάντων
1297 967 1707 1031 ἐπιθυμοῦσιν.
1748 972 1836 1019 ότι
1876 968 1934 1020 δὲ
1973 964 2072 1020 ἐπ’
2118 972 2309 1032 αὐτοῖς

220 1048 343 1096 ἐστι
380 1049 442 1097 τὸ
484 1046 716 1111 δίκαιον,
757 1047 850 1101 διὰ
876 1052 1043 1100 τοῦτό
1068 1052 1213 1100 εἰσιν
1240 1048 1456 1102 ἄδικοι·
1495 1053 1583 1101 ὅτι
1623 1049 1681 1102 δὲ
1723 1046 1787 1103 οὗ
1829 1055 2141 1123 φοβοῦνται
2178 1058 2309 1117 τοὺς

141 1148 190 1190 10
224 1133 444 1196 νόμους,
472 1126 598 1183 οὐδὲ
618 1132 764 1184 εἶναι
784 1130 1130 1199 νομίζουσιν·
1169 1136 1257 1184 ὅτι
1283 1132 1342 1184 δὲ
1371 1127 1467 1184 οὐκ
1493 1132 1895 1202 ἀναγκάζονται
1915 1144 2127 1203 πονεῖν,
2156 1132 2311 1191 οὐδέ-

222 1231 364 1267 ποτε
401 1220 681 1268 παύονται
718 1223 1063 1287 τρυφῶντες·
1103 1220 1192 1268 ὅτι
1231 1215 1289 1268 δὲ
1331 1212 1515 1279 ουδεὶς
1554 1220 1823 1284 ἀμύνεται
1848 1228 2029 1284 κακῶς
2057 1226 2308 1288 πάσχων,

223 1294 495 1352 οὐδέποτε
521 1304 800 1352 παύονται
828 1308 1155 1362 ποιοῦντες
1193 1304 1282 1353 ὅτι
1310 1300 1368 1353 δὲ
1398 1296 1666 1368 ουδεμιας
1694 1302 2063 1368 σπανίζουσιν
2089 1306 2308 1379 ἡδονῆς,

27 1403 198 1446 22311)
225 1376 495 1438 ουδεποτε
542 1383 974 1451 ἐμπίμπλανται
1030 1383 1323 1455 ἡδόμενοι·
1381 1389 1470 1438 ὅτι
1527 1385 1585 1438 δὲ
1644 1382 1829 1452 οὐδεὶς
1883 1395 2050 1459 ψέγει
2106 1395 2165 1444 ἐκ
2212 1400 2314 1444 τοῦ

223 1476 494 1539 φανεροῦ,
545 1464 703 1521 οὐδὲν
751 1469 1136 1522 ἀπολείπουσι
1185 1477 1295 1522 τῶν
1346 1463 1474 1523 ουδὲ
1511 1470 1695 1535 καλῶς
1735 1472 2073 1542 λεγομένων
2123 1480 2211 1529 ὅτι
2251 1477 2309 1529 δὲ

19 1571 43 1606 '3
60 1570 112 1612 M)
135 1568 181 1609 15
220 1546 402 1616 ουδεὶς
441 1549 642 1616 αυτούς
678 1553 942 1622 βούλεται
982 1554 1195 1620 λυπεῖν,
1237 1555 1330 1608 διὰ
1357 1564 1522 1609 τοῦτο
1550 1564 1695 1610 πᾶσι
1715 1558 2183 1626 χαλεπαίνουσιν·
2223 1566 2311 1615 ὅτι

155 1624 157 1626 ’
217 1635 275 1688 δὲ
316 1640 671 1708 ὀργισθεῖσιν
709 1638 899 1704 ἔξεστιΔ
918 1643 1105 1692 πάντα
1135 1646 1339 1706 ποιεῖν,
1382 1641 1476 1694 διὰ
1502 1649 1667 1694 τοῦτο
1698 1653 1937 1711 συνεχῶς
1976 1645 2307 1715 ὀργίζονται.

217 1724 247 1773 ὁ
286 1721 344 1774 δὲ
384 1726 604 1792 ἀγαθὸς
641 1727 841 1795 ἄρχων,
882 1727 1074 1796 ὥσπερ
1117 1730 1199 1790 σύ,
1238 1729 1506 1779 τάναντία
1545 1728 1896 1800 ἐπιτηδεύει·
1938 1725 2163 1794 οὐδενὸς
2201 1735 2302 1799 μὲν
2344 1739 2374 1789 3

215 1810 500 1875 ἐπιθυμεῖ
543 1808 636 1861 διὰ
688 1813 751 1861 τό
796 1814 984 1861 πάντα
1036 1811 1270 1863 οἴεσθαι
1308 1814 1478 1877 ἔχειν,
1532 1812 1792 1884 φείδεται
1843 1814 1901 1866 δὲ
1941 1823 2052 1868 τῶν
2090 1815 2306 1888 ἡδονῶν

218 1892 310 1945 διὰ
348 1897 411 1944 τὸ
449 1893 727 1964 μηδεμιᾶς
765 1897 831 1947 ἂν
858 1898 1150 1967 ἀπορῆσαι
1177 1899 1452 1966 ὀρεχθείς,
1495 1897 1844 1970 δικαιότερος
1884 1899 1942 1952 δὲ
1983 1908 2093 1952 τῶν
2121 1900 2306 1953 ἄλλων

140 1990 189 2031 20
224 1980 394 2043 ἐστίν,
434 1982 530 2031 ἅτε
569 1987 716 2031 πᾶσι
754 1985 1014 2050 παρέχων
1052 1978 1149 2051 τὴν
1189 1980 1563 2052 δικαιοσύνην,
1602 1982 1797 2054 ἥδεται
1839 1983 1896 2036 δὲ
1936 1991 2057 2047 τοῖς
2090 1989 2307 2050 πόνοις,

217 2068 305 2116 ὅτι
343 2066 479 2115 ἑκών
518 2070 697 2128 πονεῖ,
737 2065 931 2134 ἀγαπᾷ
971 2064 1030 2116 δὲ
1069 2068 1199 2127 τοὺς
1238 2070 1458 2133 νόμους,
1499 2071 1587 2118 ὅτι
1627 2063 1690 2119 οὐ
1732 2067 1962 2121 δέδοικε.

358 2151 451 2200 καὶ
487 2156 660 2200 ταῦτα
702 2152 895 2219 ὀρθῶς
931 2149 1338 2218 ὑπολαμβάνει.
1413 2154 1526 2204 τίνι
1561 2156 1662 2219 μὲν
1700 2155 1803 2224 γὰρ
1856 2157 2183 2225 φρονήσεως
2224 2154 2317 2207 δεῖ

217 2231 479 2295 πλείονος
515 2235 547 2304 ἢ
587 2252 663 2302 τῳ
705 2238 837 2305 περὶ
874 2239 1159 2287 τοσούτων
1197 2235 1613 2306 βουλευομένῳ,
1658 2242 1771 2291 τίνι
1811 2239 1869 2291 δὲ
1910 2243 2308 2312 ἀκριβεστέρας

218 2315 574 2389 δικαιοσύνης
609 2320 641 2389 ἢ
682 2318 760 2386 τῴ
797 2316 1013 2386 μείζονι
1051 2328 1161 2373 τῶν
1200 2325 1417 2388 νόμων,·
1454 2325 1566 2374 τίνι
1607 2323 1665 2375 δὲ
1708 2329 2079 2398 σωφροσύνης
2117 2330 2307 2397 ἐγκρα-

138 2413 186 2454 25
222 2407 486 2471 τεστέρας
521 2405 553 2474 ἢ
594 2397 640 2472 ᾦ
676 2407 863 2456 πάντα
902 2403 1115 2469 ἔξεστι,·
1152 2409 1264 2458 τίνι
1292 2406 1350 2459 δὲ
1379 2406 1640 2477 ἀνδρείας
1663 2406 1919 2475 μείζονος
1955 2413 1987 2481 ἢ
2015 2411 2096 2479 τῷ
2122 2415 2307 2463 πάντα

219 2484 483 2555 σῴζοντι,·
518 2491 611 2540 καὶ
648 2492 834 2541 τοίνυν
872 2490 950 2559 τῷ
987 2494 1089 2558 μὲν
1127 2490 1311 2544 ἄλλων
1350 2491 1579 2562 ἄρξοντι
1611 2493 1836 2546 πολλῶν
1862 2503 2027 2546 τοῦτο
2065 2499 2167 2562 μὲν
2208 2495 2302 2549 δα-
2342 2503 2374 2552 4

218 2575 400 2643 πάνης
449 2571 545 2633 δεῖ,
583 2573 952 2646 παμπόλλης,
1007 2584 1171 2628 τοῦτο
1224 2576 1282 2629 δὲ
1336 2578 1736 2648 στρατοπέδων
1786 2583 1879 2632 καὶ
1927 2578 2168 2644 πεζικῶν
2216 2585 2310 2634 καὶ

220 2660 487 2722 ἱππικῶν,
527 2661 613 2711 ἔτι
652 2658 710 2711 δὲ
749 2667 949 2727 τειχῶν
985 2665 1079 2714 καὶ
1116 2670 1254 2715 νεῶν
1291 2666 1384 2715 καὶ
1419 2666 1859 2734 μηχανημάτων,
1899 2667 1950 2716 εἰ
1986 2664 2177 2732 μέλλει
2212 2685 2307 2717 κα-

218 2742 408 2807 θέξειν
444 2747 546 2810 μὲν
582 2748 713 2808 τοὺς
750 2748 1048 2817 ὑπηκόους,
1091 2750 1439 2814 ἀμυνεῖσθαι
1479 2748 1537 2800 δὲ
1577 2752 1708 2811 τούς
1736 2748 2070 2816 πολεμίους·
2109 2752 2206 2802 ἐὰν
2247 2750 2309 2802 δέ

139 2836 185 2877 30
221 2846 307 2891 τις
346 2831 658 2901 ἀφιστῆται
696 2840 793 2903 τῆς
831 2835 1027 2904 ἀρχῆς,
1064 2836 1588 2903 καταστρέψεσθαι.
1674 2837 1737 2884 τὸ
1779 2832 1837 2884 δὲ
1879 2837 2052 2885 αὑτοῦ
2084 2839 2306 2903 κρατεῖν

219 2915 446 2964 πάντων
493 2913 940 2968 ἀδαπανώτατον
985 2921 1080 2970 καὶ
1128 2921 1664 2988 ἀπραγμονέστατόν
1713 2921 1837 2969 ἐστι
1888 2921 1982 2970 καὶ
2020 2917 2305 2970 ἀκινδυνό-

218 3010 410 3048 τατον·
452 3000 578 3050 οὔτε
613 3002 716 3067 γὰρ
755 2988 1160 3064 πολυδάπανος
1200 3003 1325 3053 οὔτε
1352 3002 1598 3072 ἐργώδης
1626 3003 1751 3054 οὔτε
1777 3001 2102 3073 ἐπισφαλὴς
2141 3006 2171 3055 ὁ
2209 3011 2311 3055 τοῦ

364 3251 381 3290 1
418 3247 483 3301 εἰς
511 3245 723 3307 ἐπήκοον
754 3249 832 3294 UB
861 3245 1076 3309 ὑπήκοον
1105 3255 1208 3304 (om.
1239 3252 1319 3305 εἰς)
1351 3251 1482 3296 ΜΡΗ
1585 3248 1666 3312 ἔχη
1696 3254 1743 3297 Μ
1868 3257 1892 3298 2
1922 3257 2004 3301 καὶ
2034 3250 2099 3309 ὥς
2129 3255 2213 3301 UB·
2240 3251 2306 3311 ὥς

218 3313 311 3376 γὰρ
341 3318 419 3361 ΡΗ
592 3324 616 3362 3
649 3313 857 3378 ούρανοῦ
884 3333 941 3365 ex
970 3316 1235 3381 ἀνθρώπου
1265 3325 1521 3380 (utrumque
1550 3324 1827 3381 compendio)
1857 3325 1899 3371 U
2071 3331 2095 3371 5
2126 3328 2306 3386 γίνεται

219 3388 341 3433 ΒΡΗ
459 3393 509 3433 12
540 3386 740 3437 παύεται
769 3390 820 3435 Μ
966 3395 1016 3436 13
1046 3390 1366 3449 ἐμπίπλανται
1393 3393 1511 3450 libri,
1541 3407 1656 3440 corr.
1689 3398 1916 3441 corrector
1945 3396 1994 3440 M
2115 3402 2166 3443 14
2197 3394 2306 3445 οὐδὲ

218 3463 376 3514 καλῶς
405 3461 535 3517 Emp.
568 3454 624 3508 οὐ
656 3463 848 3516 δικαίως
877 3461 1000 3506 ΡΗΜ
1028 3459 1090 3522 μὴ
1123 3464 1314 3518 δικαίως
1342 3463 1424 3509 UB
1567 3469 1619 3509 17
1649 3463 1892 3526 ἐπιτηδεὺη
1922 3467 1965 3511 Η
2151 3471 2205 3512 22
2237 3472 2308 3515 δεῖ

219 3527 498 3591 φρονήσεως
527 3533 630 3588 (hoc
660 3535 772 3586 ord.)
800 3533 838 3577 P
1010 3537 1064 3579 23
1093 3534 1370 3596 βουλομένῳ
1398 3535 1450 3580 Μ
1619 3538 1712 3583 τίνι
1740 3562 1797 3571 -
1826 3541 1882 3582 24
1910 3534 2076 3595 νόμων
2105 3551 2192 3584 om.
2223 3540 2305 3584 PH

218 3602 381 3658 (suppl.
412 3615 470 3648 m.
503 3615 592 3649 sec.
622 3602 671 3648 in
701 3608 829 3659 mrg.)
972 3606 1025 3648 29
1057 3597 1319 3661 ἀμύνεσθαι
1349 3605 1482 3650 UBM
1654 3611 1708 3652 30
1738 3608 2159 3668 καταστρέφεσθαι
2187 3610 2304 3665 libri,

222 3684 335 3716 corr.
358 3673 489 3730 Emp.
608 3669 755 3721 αὐτοῦ
783 3675 823 3720 U
844 3688 900 3719 m.
922 3688 989 3731 pr.
1106 3679 1159 3720 32
1192 3673 1303 3722 οὔτε
1334 3676 1382 3720 Μ
1413 3671 1520 3723 οὐδὲ
1540 3678 1675 3722 ceteri
1705 3681 1825 3731 (ante
1854 3675 1963 3737 γὰρ)
