2684 4140
1166 256 1234 298 10.
1278 223 1481 302 vAmA.

282 386 461 431 Taurus
501 387 651 441 regiae
688 390 928 445 potestatis
967 393 1195 450 exemplar
1235 397 1302 448 31,

307 472 311 473 ⁷
343 460 394 501 13
413 469 434 501 s
471 491 480 501 .

283 470 746 577 Terraqffitoicorum
801 529 1080 586 elementum)
1117 528 1303 588 Ἑστίας

2254 261 2355 313 377

1403 396 1617 453 ξυνέντας
1632 398 1689 447 τὸ
1710 396 1959 457 βέλτιστον
1978 404 2057 448 καὶ
2077 406 2219 450 τοῦτο
2241 398 2358 451 α’πο·

1403 465 1640 520 δείξαντας
1675 468 1825 529 πέρας
1861 470 1984 531 πρὸς
2021 475 2163 519 τοῦτο
2208 470 2356 521 τᾶλλα

1405 543 1561 581 ποιεῖν
1603 537 1650 581 II
1675 543 1770 593 174,
1792 543 1830 585 2.

339 593 604 654 ἐπώνυμος,
624 597 927 645 circulat10nis
943 603 1194 648 mundanae
1213 617 1304 649 non
1357 606 1583 663 Τυραννίς
1610 611 1934 667 prosopopoeia
1962 626 2006 669 p.
2041 616 2107 668 14,
2129 616 2196 657 25.

340 668 572 724 particeps
601 667 648 711 II
684 671 839 722 13,13.

284 736 531 794 Theologia
550 738 736 794 triplex·
759 740 991 794 naturalis,
1011 742 1203 798 poetica,
1223 756 1302 799 po·

339 807 467 852 litica
497 802 735 867 (ε’μφυτος,
766 804 997 869 ποιητική,
1025 809 1209 871 νομική)
1239 825 1302 857 or.

343 877 431 922 XII
462 878 490 934 ξ
508 881 692 923 39-44.

283 947 564 1006 Theophilus
614 950 910 1007 philosophus
964 964 1064 995 cum
1109 952 1304 997 Alexan·

341 1019 486 1063 driam
513 1019 709 1065 venisset
745 1021 892 1066 noluit
929 1022 976 1066 in
1006 1022 1188 1078 publico
1220 1022 1305 1067 dis-

341 1093 505 1146 putare
534 1093 631 1144 295,
650 1094 720 1134 27.

284 1159 567 1216 Tragoediae
616 1161 799 1217 regibus
845 1162 1036 1207 maxime
1080 1164 1307 1220 accidunt,

340 1232 463 1275 velut
470 1233 652 1288 Atreus,
662 1234 950 1289 Agamemno,
960 1233 1155 1291 Oedipus
1165 1235 1306 1291 (Cyn.)

345 1305 442 1355 184,
465 1305 534 1348 25.

285 1371 490 1429 Tyranni
527 1374 693 1419 misera
733 1374 826 1419 vita
864 1374 1118 1433 depingitur
1153 1388 1217 1420 or.
1246 1374 1310 1418 VI

341 1444 368 1498 ς
392 1447 574 1489 35—59.

1358 670 1479 733 Τύχη
1497 676 1718 735 κρεῖττόν
1737 677 1864 725 ἐστιν
1893 678 2062 737 ἐνδεῶς
2082 680 2355 742 πράττοντα

1404 738 1684 802 ἀγαπᾶσθαι
1737 774 1793 783 -
1833 748 1862 808 ἢ
1905 748 2186 799 τούναντίον
2226 748 2354 801 εὐτυ·

1401 818 1578 872 χοῦντα
1598 824 1838 873 μισεῖσθαι
1858 834 1919 866 or.
1939 822 2101 878 LXV5
2121 828 2192 867 1—
2201 828 2223 866 4
2241 824 2353 869 med.

1405 884 1567 931 iniuria
1583 887 1780 933 homines
1797 890 2002 936 fortunae
2012 894 2355 938 inconstantiam

1405 954 1613 1000 incusant
1639 957 1743 1005 ibid.
1773 962 1797 1013 ξ
1820 964 1846 1004 4
1873 962 1986 1007 med.
2007 988 2061 994 —-
2084 967 2105 1006 7
2139 964 2164 1018 ξ
2190 967 2351 1008 10-15

1405 1023 1511 1068 item
1538 1025 1797 1072 iniustitiam
1826 1031 1852 1085 ξ
1874 1033 1995 1075 8-9.

1355 1094 1469 1138 Θεοί
1505 1092 1660 1142 πόθεν
1704 1092 1890 1145 ἔννοιαν
1927 1096 2067 1158 ἔσχον
2108 1105 2237 1148 θεῶν
2275 1099 2354 1149 άν-

1406 1167 1597 1223 θρωποι
1625 1179 1691 1211 or.
1719 1167 1807 1211 XII
1837 1170 2057 1223 §27-35,

1351 1274 1507 1320 Virtus
1535 1277 1692 1332 paucis
1722 1283 1819 1334 eget
1847 1294 1910 1324 or.
1940 1281 2027 1326 XII
2057 1285 2083 1339 ξ
2112 1287 2177 1327 34.
2205 1288 2270 1328 35.
2301 1309 2353 1316 —-

1410 1339 1681 1402 εὐδαιμονία
1704 1373 1759 1381 -
1788 1345 1934 1408 μόνης
1961 1375 2016 1385 -
2036 1349 2205 1412 ἀρετῆς
2232 1351 2356 1399 ἐστιν

1410 1412 1656 1473 ἐξαίρετον
1685 1421 1780 1474 211,
1804 1423 1871 1464 24.

292 1509 432 1567 Ταώς
462 1526 566 1559 cum
595 1515 810 1572 sophistis
833 1517 1119 1572 comparatur
1139 1524 1203 1558 or.
1221 1511 1310 1556 XII
1354 1512 1470 1567 Ζεύς
1512 1514 1666 1559 mundi
1701 1517 2020 1571 gubernatione
2055 1520 2118 1563 rei
2154 1520 2358 1576 publicae

397 1587 421 1627 2
439 1597 460 1629 s
495 1618 505 1628 .

292 1585 438 1708 Τέὲλος
463 1599 608 1700 (tlotam
637 1656 754 1701 vitae
782 1656 1013 1728 humanae.
1033 1654 1250 1698 rationem
1280 1664 1309 1696 a

343 1725 508 1779 τέλους
537 1726 726 1771 scientia
755 1727 951 1782 pendere
990 1724 1210 1781 probatur
1241 1735 1305 1766 or.

342 1795 726 1851 va11155-7.
770 1794 861 1854 χρὴ
893 1795 940 1841 δὲ
961 1820 1015 1826 -
1036 1792 1088 1840 ἐν
1117 1795 1186 1853 τῷ
1213 1793 1307 1853 βιῳ

1409 1596 1437 1627 a
1468 1596 1571 1640 rege
1600 1585 1714 1630 bene
1743 1587 2079 1634 administratae
2114 1590 2358 1645 exemplum

1406 1655 1591 1710 praebet
1620 1667 1684 1699 or.
1701 1655 1870 1700 XXXV
1891 1659 1917 1713 ξ
1939 1663 2005 1703 31.
2029 1662 2094 1702 32.
2121 1684 2171 1691 -
2194 1660 2357 1703 mundo

1405 1728 1583 1779 praeest
1639 1729 1690 1769 ut
1748 1726 1896 1770 domui
1953 1728 2269 1784 paterfamilias
2313 1728 2358 1771 II

1411 1798 1570 1850 10,25.

1136 2010 1214 2059 10.
1272 2005 1509 2060 VARIA.

283 2147 628 2205 Apophthegma
657 2147 938 2192 Laconicum
983 2140 1009 2189 ὃ
1041 2141 1220 2190 Λάκων
1251 2170 1303 2177 -—

340 2220 455 2275 μίαν
485 2213 574 2277 ἔφη
603 2218 761 2263 πίστιν
781 2212 900 2262 εἶναι
921 2214 979 2261 τὸ
1000 2212 1085 2261 ἐὰν
1104 2213 1308 2259 θέλωσιν

339 2283 557 2346 ἀδικῆσαι
586 2287 648 2347 μὴ
681 2284 926 2340 δύνασθαι,
956 2283 1041 2337 τὰς
1070 2284 1119 2330 δὲ
1139 2284 1309 2338 λοιπὰς

340 2355 499 2412 πάσας
532 2352 718 2417 εὐήθεις
760 2360 841 2404 καὶ
877 2355 1052 2410 τελέως
1090 2349 1310 2409 οἷσθενεῖς

344 2430 390 2474 11
423 2433 518 2485 196,
544 2433 610 2473 10.

280 2499 493 2544 Artifices
519 2498 697 2555 fingunt
739 2496 852 2551 τοὺς
880 2497 1129 2554 ποταμοὺς
1162 2514 1308 2543 κατα·

338 2567 583 2626 κειμένους
611 2567 816 2628 γυμνοὺς
845 2567 903 2613 τὸ
935 2568 1095 2621 πλέον,
1125 2566 1310 2627 γένειον

339 2639 461 2686 πολὺ
490 2635 797 2692 καθεικότας,
826 2639 1023 2698 μυρίκην
1042 2634 1072 2697 ἦ
1090 2636 1310 2695 κάλαμον

339 2709 764 2769 ἐστεφανωμένους
794 2712 863 2765 69,
885 2712 952 2753 30.

283 2783 419 2826 Artes
450 2781 669 2838 plasticae
689 2781 996 2839 σκιαγραφία,
1025 2780 1178 2826 λίθων
1206 2783 1308 2838 γλυ-

342 2854 428 2911 φαὶ
449 2854 530 2898 καὶ
551 2849 738 2905 ξοάνων
752 2849 986 2911 ἐργασίαι,
1003 2851 1181 2908 χωνεία
1194 2853 1307 2907 χαλ-

338 2926 430 2970 κοῦ
465 2925 547 2969 καὶ
583 2923 683 2968 τῶν
725 2916 911 2978 ὁμοίων
946 2945 1003 2953 —-
1040 2920 1111 2966 δια
1158 2919 1308 2976 πυρὸς

339 2992 614 3040 ἐλαθέντων
643 2987 673 3051 ἢ
703 2991 913 3052 ῥυέντων
952 2988 1034 3035 ἐπί
1071 3005 1202 3042 τινας
1229 2983 1305 3034 τύ-

340 3079 474 3116 πους,
502 3065 654 3121 κηροῦ
682 3058 854 3113 πλάσις
887 3063 980 3114 167,
1005 3061 1071 3103 16.

284 3130 505 3191 Αὖληταί.
540 3123 570 3177 3
585 3147 638 3177 τε
659 3125 816 3177 αὐλῶν
835 3125 866 3187 ἢ
885 3124 1117 3174 διδάσκων
1148 3121 1306 3173 αὐλεῖν

340 3207 484 3250 τοῦτο
518 3208 648 3247 ποιεῖ
676 3195 904 3250 πολλάκις
938 3192 1024 3242 ἐπ’
1054 3191 1195 3254 αὐτῆς
1223 3199 1305 3255 τῆς

344 3272 455 3320 ὁδοῦ
484 3272 540 3318 τὸ
564 3272 892 3316 διδασκαλεῖον
913 3262 1035 3324 ἔχων
1054 3266 1099 3309 II
1116 3269 1212 3322 261,
1236 3270 1302 3310 13.

286 3385 568 3443 Bibliopolae
598 3395 753 3428 eorum
782 3379 1018 3425 artificium
1048 3390 1136 3433 quo
1166 3376 1304 3421 libros

343 3460 545 3503 recentes
574 3450 851 3508 antiquitatis
872 3448 1022 3505 specie
1040 3447 1234 3492 induunt
1261 3445 1305 3491 II

345 3530 529 3584 269,13.

285 3629 460 3675 Fabula
491 3627 600 3683 περὶ
634 3624 730 3668 τῶν
766 3610 1200 3678 πολυχρυσοτάτων
1227 3614 1302 3668 (cf.

344 3698 561 3744 Herodot.
584 3694 651 3738 III
676 3693 773 3746 102)
802 3692 1015 3734 narratur
1050 3698 1114 3732 or.
1133 3683 1305 3730 XXXV

1406 2147 1520 2198 §23.
1544 2147 1612 2187 24.
1643 2169 1697 2176 -
1727 2145 1894 2201 Aesopi
1924 2137 2085 2204 ὥσπερ
2114 2141 2140 2203 ἡ
2171 2140 2362 2203 ἀλώπηξ

1406 2217 1751 2276 καταφαγοῦσα
1793 2214 1851 2261 τὰ
1887 2215 2004 2271 κρέα
2045 2209 2130 2261 οὐκ
2166 2212 2358 2260 ἐδύνατο

1408 2284 1616 2339 ἐξελθεῖν
1644 2282 1698 2330 ἐκ
1727 2287 1808 2342 τῆς
1837 2282 1975 2343 δρυός
2003 2284 2047 2328 II
2069 2287 2137 2339 86,
2154 2288 2192 2327 6.
2224 2310 2276 2316 --
2307 2285 2360 2328 de

1408 2359 1576 2401 noctua
1616 2354 1774 2399 ceteris
1822 2355 1979 2399 avibus
2029 2354 2265 2409 suadente,
2308 2366 2362 2398 ne

1410 2438 1620 2482 quercum
1651 2436 1849 2469 crescere
1882 2425 2129 2481 patiantur,
2172 2420 2360 2469 ἔσεσθαι

1407 2496 1501 2556 γὰρ
1531 2490 1619 2543 ἀπ’
1652 2489 1792 2553 αὐτῆς
1821 2494 1906 2540 τὸν
1926 2491 2038 2548 ἰξόν,
2068 2498 2276 2538 narratur
2296 2506 2359 2537 or.

1408 2567 1495 2611 XII
1516 2568 1541 2621 ξ
1563 2569 1671 2610 6-9
1693 2579 1738 2622 p.
1763 2569 1841 2609 156
1863 2578 1926 2608 or.
1948 2563 2118 2607 LXXII
2138 2566 2162 2616 ξ
2184 2566 2357 2606 14-15.

1353 2673 1891 2740 Γραμματοδιδάσκαλοι
1916 2675 2034 2730 μετα
2066 2676 2161 2719 τῶν
2181 2673 2359 2717 παίδων

1408 2749 1461 2797 ἐν
1489 2757 1592 2802 ταῖς
1623 2743 1752 2799 ὁδοῖς
1779 2742 2010 2802 κάθηνται
2038 2743 2082 2786 ΙΙ
2105 2745 2200 2797 261,
2223 2745 2284 2785 19.

1350 2864 1638 2919 Hymenaeus
1668 2852 1786 2903 ἴδιόν
1814 2872 1856 2900 τι
1885 2854 2027 2910 μέλος
2052 2849 2253 2914 οἷρχαῖον
2281 2849 2357 2896 ἐπὶ

1407 2933 1503 2976 τῶν
1531 2923 1810 2987 γαμούντων
1838 2926 2022 2979 313,12.

1349 3025 1703 3082 Iatrosophistae
1733 3025 1830 3078 299,
1849 3026 1888 3066 5.

1348 3097 1425 3140 Ius
1453 3093 1714 3139 hereditatis
1746 3088 1858 3138 ε’νιοι
1878 3094 1973 3137 τῶν
1993 3086 2154 3146 νόμων
2174 3081 2355 3145 άπαγο-

1406 3162 1645 3225 ρευόντων
1659 3162 1721 3219 μή
1739 3165 2014 3207 καταλιπεῖν
2032 3156 2356 3217 κληρονόμους

1407 3253 1488 3288 ους
1517 3227 1652 3280 αυτοὶ
1680 3229 1961 3291 βούλονται,
1998 3226 2185 3287 ετέρους
2212 3243 2355 3272 κατα-

1404 3307 1673 3356 λείπουσιν,
1707 3297 2023 3356 ἐντειλάμενοι
2054 3298 2110 3345 τά
2140 3295 2355 3355 χρήματα

1405 3371 1666 3423 ἀποδοῦναι
1695 3378 1796 3425 τοῖς
1818 3366 1973 3418 αὗτιῦν
1991 3367 2282 3427 ἐπιτηδείοις.
2312 3365 2356 3408 II

1409 3449 1500 3499 190,
1533 3450 1574 3490 5.

1346 3546 1443 3591 Lex
1487 3542 1641 3588 Attica
1684 3548 1786 3595 τοῖς
1825 3538 2074 3597 νεωτέροις
2111 3530 2356 3580 τοσούτων

1404 3613 1526 3662 ἐτων
1565 3609 1715 3670 νόμος
1752 3605 1837 3657 οὐκ
1875 3607 1933 3673 ἐᾷ
1969 3602 2249 3665 συμβάλλειν
2292 3617 2355 3653 ως

1406 3680 1627 3737 άπίστοις
1674 3684 1830 3734 ου’σιν,
1876 3658 1981 3725 οὐδὲ
2016 3675 2196 3735 γυναικὶ
2234 3663 2353 3727 παρ’
