2684 4140
438 281 506 327 44
1081 257 1281 306 DIONIS
1310 253 1393 299 AD
1421 244 1803 296 NICAEENSES

433 421 525 470 καὶ
563 412 722 485 φιλία
758 410 901 476 πρὸς
949 404 1159 462 αὐτούς.
1246 396 1471 463 αἰσχρὸν
1515 391 1644 457 γάρ,
1694 388 1744 436 εἰ
1790 387 1863 454 μὴ
1908 380 2128 452 σφόδρα
2169 374 2495 450 εὐδαίμονες

433 503 654 551 ἔσονται
699 493 789 542 καὶ
830 483 1125 556 θεοφιλεῖς
1159 483 1251 532 καὶ
1289 476 1571 529 διοίσουσί
1606 490 1663 522 τι
1699 476 1808 521 τῶν
1847 465 2030 517 ἄλλων
2069 467 2316 536 εὐτυχίᾳ,
2365 471 2494 536 βου-

429 578 648 645 λόμενοί
680 590 739 641 γε
777 570 987 640 ἀληθὲς
1023 563 1391 617 ἐπιδεικνύειν
1429 561 1492 609 τὸ
1520 562 1622 607 τοῦ
1644 558 1850 622 γένους,
1891 549 2031 601 ἀλλὰ
2063 552 2136 620 μὴ
2178 550 2361 622 ψευδῆ
2398 557 2493 606 καὶ

420 667 655 731 μάταιον
694 656 866 723 λόγον.
940 652 1072 701 θεοὶ
1117 649 1219 715 γὰρ
1271 644 1516 696 οἰκισταὶ
1551 642 1644 692 καὶ
1684 642 1960 706 συγγενεῖς
1996 638 2090 687 καὶ
2127 639 2492 708 προπάτορες

421 743 575 796 οὐδὲν
614 742 787 799 οὕτως
821 732 1086 787 ἐθέλουσι
1122 732 1251 790 τοὺς
1290 729 1469 778 αὐτῶν
1509 726 1670 790 ἔχειν,
1713 723 1838 773 οὔτε
1881 723 2069 790 χώρας
2114 719 2318 783 κάλλος
2357 724 2483 775 οὔτε
2521 737 2547 777 5

416 832 641 896 καρπῶν
678 820 964 892 ἀφθονίαν
1005 816 1127 866 οὔτε
1176 811 1404 883 πλῆθος
1452 810 1808 878 ἀνθρώπιον,
1861 808 1938 867 ὡς
1991 809 2362 877 σωφροσύνην
2399 811 2494 861 καὶ

415 911 608 979 ἀρετὴν
643 908 735 957 καὶ
771 901 1060 954 πολιτείαν
1099 900 1334 963 νόμιμον
1371 897 1463 946 καὶ
1501 900 1610 944 τῶν
1637 894 1737 958 μὲν
1766 892 2000 958 ἀγαθῶν
2027 889 2279 943 πολιτῶν
2305 895 2487 964 τιμήν,

350 997 380 1047 3
415 1001 523 1045 τῶν
563 990 619 1043 δὲ
666 994 844 1041 κακῶν
883 985 1125 1049 ἀτιμίαν.
1204 983 1280 1043 ὡς
1318 982 1487 1048 ἔγωγε
1535 976 1745 1048 ἥδομαι
1782 983 1875 1028 νῦν
1925 978 2068 1046 ὁρῶν
2113 978 2254 1043 ὑμᾶς
2292 978 2349 1028 ἓν
2385 981 2487 1044 μὲν

413 1085 588 1147 σχῆμα
627 1076 873 1139 ἔχοντας,
920 1070 1054 1134 μίαν
1104 1065 1162 1117 δὲ
1203 1067 1393 1137 φωνὴν
1433 1066 1733 1134 ἀφιέντας,
1783 1063 1956 1112 ταύτὰ
1998 1060 2056 1113 δὲ
2094 1060 2484 1130 βουλομένους.
2511 1079 2590 1121 (484
2611 1078 2664 1121 Μ)

412 1166 577 1213 ποῖον
623 1161 721 1225 μὲν
767 1156 868 1224 γὰρ
919 1155 1110 1218 θέαμα
1158 1149 1386 1202 κάλλιον
1439 1147 1662 1210 πόλεως
1701 1150 2166 1218 ὁμοφρονούσης,·
2215 1153 2385 1200 ποῖον
2426 1148 2485 1200 δὲ
2524 1159 2573 1202 10
2595 1149 2683 1228 (1ᾒέ

411 1249 658 1310 ἄκουσμα
687 1242 1011 1307 σεμνότερον
1023 1256 1042 1300 ,·
1078 1238 1221 1287 ποία
1248 1238 1348 1302 μὲν
1388 1232 1716 1301 βουλεύεται
1756 1230 1925 1294 πόλις
1963 1234 2192 1299 ἄμεινον
2231 1241 2330 1305 τῆς
2369 1236 2484 1302 ἅμα
2678 1228 2682 1234 ’

410 1328 835 1398 βουλευομένης,
873 1324 1012 1373 ποία
1043 1320 1101 1373 δὲ
1130 1323 1534 1390 εὐμαρέστερον
1561 1321 1801 1389 πράττει
1829 1326 1927 1389 τῆς
1956 1320 2069 1385 ἅμα
2098 1322 2460 1391 πραττούσης
2471 1340 2492 1384 ,·

410 1415 548 1464 ποία
588 1411 644 1463 δὲ
681 1412 842 1482 ἦττον
881 1409 1255 1474 ἀποτυγχάνει
1293 1413 1391 1476 τῆς
1429 1405 1604 1455 ταύτά
1632 1402 2011 1474 βουλομένης,·
2051 1405 2170 1455 τίσι
2206 1407 2307 1470 μὲν
2345 1404 2488 1476 ἡδίω

408 1498 628 1565 τάγαθά
655 1501 763 1546 τῶν
791 1494 1207 1559 ὁμονοούντων,·
1245 1491 1364 1540 τίσι
1393 1487 1450 1540 δὲ
1489 1492 1805 1560 κουφότερα
1845 1490 1914 1539 τά
1944 1487 2165 1558 λυπηρὰ
2192 1495 2302 1541 τῶν
2329 1499 2490 1561 κοινῇ

410 1585 702 1653 φερόντων,
744 1580 932 1646 ὥσπερ
959 1578 1132 1646 βάρος
1143 1594 1163 1637 ,·
1200 1576 1318 1626 τίσι
1347 1572 1405 1625 δὲ
1437 1576 1824 1644 σπανιώτερον
1855 1575 2149 1640 συμβαίνει
2174 1576 2242 1625 τά
2265 1573 2487 1640 χαλεπὰ
2527 1586 2574 1627 15

406 1674 513 1718 τῶν
539 1663 805 1735 ἀλλήλους
832 1660 1224 1733 φυλαττόντων
1237 1678 1257 1722 ,·
1286 1661 1427 1710 ποία
1452 1661 1554 1724 μὲν
1579 1662 1701 1720 τοῖς
1728 1657 1995 1720 πολίταις
2022 1658 2484 1731 προσφιλεστέρα

342 1754 374 1802 4
411 1749 604 1812 πόλις,·
643 1750 781 1799 ποία
821 1746 878 1798 δὲ
917 1749 1222 1812 τιμιωτέρα
1261 1748 1382 1805 τοῖς
1422 1741 1633 1807 ξένοις,·
1676 1745 1817 1794 ποία
1848 1742 1905 1794 δὲ
1928 1749 2324 1814 χρησιμωτέρα
2363 1751 2485 1808 τοῖς

409 1834 620 1906 φίλοις,·
646 1836 730 1896 τίς
758 1832 815 1884 δὲ
841 1837 961 1893 τοῖς
987 1831 1218 1900 ἐχθροῖς
1247 1830 1642 1900 φοβερωτέρα,·
1682 1831 1711 1878 ὁ
1742 1829 1898 1897 παρὰ
1926 1829 2093 1879 τίνων
2119 1831 2220 1894 μὲν
2247 1831 2484 1892 ἔπαινος

407 1920 561 1971 δοκεῖ
590 1922 936 1987 πιστότερος,
978 1918 1007 1966 ὁ
1046 1916 1200 1983 παρὰ
1239 1915 1405 1965 τίνων
1447 1912 1505 1964 δὲ
1546 1917 1728 1982 ψόγος
1760 1910 2175 1983 ἀληθέστερος,·
2214 1909 2381 1983 [τίνες
2421 1913 2479 1966 δὲ

405 2005 557 2074 παρὰ
594 2007 712 2064 τοῖς
747 2007 1010 2071 κρατοῦσι
1047 1998 1309 2060 πλείονος
1348 1996 1541 2060 αἰδοῦς
1579 1992 1958 2066 τυγχάνουσι,·]
1997 1999 2145 2060 τίνες
2168 2001 2270 2065 μὲν
2298 2001 2475 2052 ἰσοτι-
2512 2009 2564 2052 20

404 2093 629 2158 μότεροι
665 2092 784 2149 τοῖς
807 2092 1101 2156 κρατοῦσιν
1113 2104 1131 2146 ,·
1169 2086 1325 2145 τίνας
1354 2082 1412 2134 δὲ
1438 2081 1648 2150 μᾶλλον
1678 2078 1754 2151 [οἱ
1778 2078 2129 2152 κρατοῦντες]
2158 2083 2451 2137 αἰδοῦνται
2461 2105 2481 2150 ,·

405 2176 558 2235 τίνας
594 2176 691 2238 μὲν
731 2174 903 2233 οὕτως
952 2173 1246 2238 ἀγαπῶσιν
1287 2171 1343 2219 οἱ
1375 2170 1612 2238 χρηστοὶ
1650 2170 1949 2239 ἀρχοντες,·
1997 2169 2165 2220 τίνων
2216 2168 2275 2221 δὲ
2313 2171 2480 2241 ἦττον

405 2264 843 2328 καταφρονοῦσιν
883 2258 937 2306 οἱ
974 2257 1242 2324 πονηροί,·
1283 2256 1344 2304 οὐ
1371 2255 1473 2324 γὰρ
1515 2252 1681 2324 δῆλον
1720 2256 1807 2305 ὁτι
1844 2258 1966 2315 τοῖς
2002 2256 2103 2319 μὲν
2144 2256 2479 2320 ὁμονοοῦσιν

408 2345 467 2393 ού
516 2346 683 2408 μόνον
732 2344 787 2392 οἱ
831 2346 1180 2410 κρατοῦντες,
1241 2337 1381 2389 ἀλλά
1432 2340 1526 2390 καὶ
1577 2340 1632 2389 οἱ
1683 2339 1816 2390 θεοὶ
1863 2343 2266 2407 προσέχουσιν,
2317 2341 2373 2390 οἱ
2420 2338 2478 2391 δὲ

408 2424 793 2490 στασιάζοντες
842 2417 958 2476 οὐδ’
1015 2427 1192 2476 αὐτῶν
1241 2426 1569 2486 ἀκούουσιν,·
1631 2425 1755 2475 οὔτε
1800 2425 1902 2493 γὰρ
1952 2431 2063 2475 τῶν
2112 2424 2470 2495 ἀσυμφώνων
2508 2436 2558 2477 25

401 2519 580 2581 χορῶν
622 2510 799 2572 οὐδεὶς
837 2513 1022 2561 ἀκούει
1060 2508 1271 2579 ῥᾳδίως
1309 2513 1415 2573 ὁ,τι
1455 2507 1709 2577 λέγουσιν
1750 2510 1876 2560 οὔτε
1913 2516 2024 2560 τῶν
2053 2507 2478 2580 διαφερομένων

340 2598 371 2647 5
410 2595 641 2647 πόλεων.
704 2600 842 2647 ποῖα
872 2594 928 2646 δὲ
971 2594 1404 2665 οἰκοδομήματα,
1445 2597 1596 2665 πόση
1640 2593 1698 2646 δὲ
1733 2597 1906 2665 χώρα,
1946 2598 2129 2646 πόσον
2165 2593 2223 2645 δὲ
2250 2592 2479 2666 πλῆθος

404 2683 723 2751 ἀνθρώπων
763 2683 1111 2750 ἰσχυρότερον
1141 2679 1313 2751 δῆμον
1342 2682 1659 2751 ἀποφαίνει
1685 2688 1784 2751 τῆς
1812 2683 1957 2750 πρὸς
1985 2681 2151 2731 αὐτὸν
2179 2682 2479 2746 ὁμονοίας,

405 2768 610 2817 ὁπόσοι
645 2768 747 2836 γὰρ
787 2769 852 2817 ἀν
891 2766 997 2817 ὦσι
1023 2764 1256 2817 πολῖται
1282 2773 1380 2836 τῆς
1421 2767 1768 2835 ὁμονοούσης
1796 2763 2034 2829 πόλεως,
2074 2771 2339 2816 τοσοῦτοι
2375 2767 2477 2831 μὲν

403 2850 694 2920 ὀφθαλμοὶ
732 2853 904 2921 ὁρῶσι
941 2853 1002 2901 τὸ
1031 2853 1239 2921 ἐκείνης
1269 2854 1571 2921 συμφέρον,
1610 2856 1883 2901 τοσαῦται
1911 2848 1969 2901 δὲ
1997 2851 2162 2901 ἀκοαὶ
2188 2851 2471 2915 ἀκούουσι,
2509 2862 2558 2905 30

544 3075 559 3113 1
597 3064 766 3125 αὐτοὺς
794 3073 881 3117 ΒΜ
995 3066 1265 3130 εὐδαίμονες
1293 3072 1412 3127 libri,
1444 3068 1695 3130 αἰδήμονες
1716 3071 1883 3116 Reiske
2028 3075 2053 3116 2
2084 3076 2327 3133 θεοφιλεῖς
2356 3073 2473 3128 libri,

405 3142 648 3199 θεοσεβεῖς
678 3141 853 3187 Geelius
966 3160 1017 3189 τε
1048 3156 1129 3200 pro
1160 3160 1203 3189 τι
1225 3142 1265 3189 U
1355 3136 1546 3206 εὐτυχίᾳ
1574 3143 1691 3198 libri,
1721 3137 1924 3205 εὐψυχίᾳ
1956 3144 2137 3189 Geelius
2254 3149 2278 3190 3
2309 3162 2361 3193 τε
2390 3160 2474 3204 pro

405 3223 458 3265 γε
487 3209 524 3252 Β
671 3215 695 3254 5
726 3209 880 3258 αὐτῶν
909 3212 1037 3258 MUT
1198 3218 1247 3257 10
1279 3220 1397 3259 ποῖα
1427 3213 1476 3260 δὲ
1505 3211 1724 3270 ἄκουσμα
1757 3213 2053 3274 σεμνότερον
2082 3224 2200 3264 ποῖα
2231 3218 2281 3265 δὲ
2309 3216 2359 3260 Μ

410 3281 457 3321 11
490 3277 575 3334 μὲν
601 3279 722 3334 Wil.‚
753 3281 800 3328 δὲ
827 3282 929 3327 libri
1043 3287 1092 3328 12
1123 3286 1203 3342 τῆς
1232 3281 1429 3340 ἄμεινον
1458 3283 1758 3345 πραττούσης
1786 3286 1890 3339 ΒΜ,
1920 3286 1968 3331 in
1990 3287 2029 3333 U
2058 3280 2159 3345 ἅμα
2190 3302 2246 3334 ex
2275 3286 2474 3348 ἄμεινον

407 3359 435 3390 a
464 3354 713 3394 correctore
801 3355 848 3395 13
877 3354 1163 3412 βουλομένης
1192 3355 1352 3411 scripsi
1381 3354 1502 3410 (item
1533 3355 1729 3402 Cobetus
1763 3358 1812 3402 O.
1845 3358 1917 3402 Cr.
1943 3372 1988 3416 p.
2011 3363 2096 3413 92),
2126 3361 2475 3421 βουλευομένης

404 3417 507 3461 libri
596 3422 645 3463 16
675 3422 888 3476 πολίταις
915 3426 1004 3476 (αις
1033 3436 1061 3467 a
1089 3428 1219 3478 corr.)
1249 3424 1288 3469 U
1379 3429 1428 3484 19
1461 3422 1487 3472 ὁ
1521 3423 1653 3486 παρὰ
1685 3429 1830 3474 τίνων
1860 3441 1899 3474 e.
1923 3443 1964 3486 q.
1988 3443 2025 3475 s.
2070 3430 2128 3476 cf.
2151 3444 2216 3477 or.
2237 3431 2260 3476 1
2281 3433 2308 3488 ξ
2332 3435 2381 3476 31

406 3489 529 3541 τίνες
558 3488 606 3535 δὲ
634 3514 688 3522 -—
708 3494 760 3534 20
781 3494 1058 3550 τυγχάνουσι
1077 3494 1192 3538 delet
1211 3495 1364 3551 Emp.;
1393 3496 1511 3541 inter
1531 3497 1644 3542 haec
1665 3503 1711 3543 et
1731 3501 1968 3555 sequentia
1989 3514 2130 3558 usque
2151 3502 2210 3547 ad
2231 3498 2472 3549 αἰδοῦνται

407 3557 527 3613 optio
549 3558 655 3603 data
672 3564 743 3605 est
881 3566 933 3606 20
964 3561 1292 3624 ἰσοτιμώτεροι
1321 3565 1408 3609 ΒΜ
1542 3571 1591 3612 21
1625 3573 1856 3627 κρατοῦσι
1885 3570 1966 3615 UT
2110 3571 2156 3619 οἳ
2184 3575 2473 3632 κρατοῦντες

406 3627 558 3681 delevi,
580 3627 624 3674 οἳ
643 3628 952 3688 κρατούμενοι
966 3634 1175 3680 Reiskius
1262 3639 1315 3679 23
1337 3635 1553 3695 δηλονότι
1570 3638 1609 3683 Τ
1699 3635 1961 3696 ὃμονοῦσιν
1979 3642 2017 3686 Τ
2105 3647 2159 3688 25
2182 3638 2342 3691 αὐτῶν
2358 3643 2397 3688 Τ

406 3700 459 3741 28
490 3693 635 3745 αὐτὸν
663 3700 743 3745 UT
856 3706 908 3747 29
938 3705 995 3749 ad
1022 3707 1249 3761 sequentia
1279 3706 1333 3752 cf.
1364 3719 1429 3752 or.
1461 3708 1482 3751 Ι
1513 3711 1539 3764 ξ
1561 3712 1614 3754 32
1732 3715 1786 3754 30
1816 3707 1874 3757 τὸ
1907 3712 1955 3758 δὲ
1984 3710 2140 3774 ἐκείνη
2171 3715 2217 3758 Μ
