2684 4140
610 231 990 278 TESTIMONIA
1016 232 1099 278 DE
1129 231 1278 279 VITA
1305 231 1513 278 DIONIS
1542 232 1853 289 (PHOTIUS).
2172 236 2270 285 321

196 377 436 444 ἰδίωμα,
487 371 613 428 ἀλλ’
659 379 754 428 οὐκ
792 379 979 438 αἰτίας
1018 376 1156 438 ἴσως
1193 375 1429 440 ἔνδειξιν
1467 379 1606 443 ἔχει·
1657 379 1720 428 τὸ
1761 372 1814 428 δ’
1869 381 1967 430 ἐπὶ
2002 383 2278 450 μακρότα-

196 479 293 514 τον
341 464 661 514 ἀποτείνειν
709 463 777 512 τά
827 462 1105 531 προοίμια
1156 452 1189 531 ἢ
1228 463 1296 512 τὰ
1338 462 1457 513 οἷον
1503 463 1780 530 προοίμια
1822 464 2004 514 οὐκέτι
2041 465 2279 534 ἀφίησιν

198 548 365 598 αὐτὸν
402 549 465 597 τὸ
503 549 576 617 μὴ
620 547 739 611 οὐχὶ
775 548 899 597 ἀντὶ
937 544 1237 597 πολιτικοῦ
1280 549 1374 597 καὶ
1414 553 1796 617 συγγραφικοῦ
1830 549 2010 598 τύπου
2048 551 2144 599 τὸν
2183 551 2280 601 ἐπὶ

196 636 323 692 ταῖς
362 633 685 693 συνουσίαις
723 629 1086 693 ἀλλάξασθαι
1123 628 1550 700 παραδεδυκότα
1576 633 1670 682 καὶ
1705 628 1875 697 μείζω
1903 634 2000 703 τὴν
2033 631 2280 704 κεφαλὴν

197 717 295 785 τὴν
333 717 410 776 ὡς
447 717 504 765 ἐν
545 713 685 782 λόγῳ
725 722 828 765 τοῦ
864 713 1072 766 λοιποῦ
1109 718 1369 781 σώματος
1408 713 1789 767 διαπλάττειν.
2317 731 2340 770 5

344 803 468 850 Τῶν
517 802 703 851 τοίνυν
753 798 928 867 λόγων
981 803 1152 851 αὐτοῦ
1199 799 1244 851 δ’
1297 802 1428 870 περὶ
1475 799 1769 867 βασιλείας
1812 805 1913 866 μέν
1952 804 2095 853 εἰσιν
2135 804 2282 873 εἰρη-

195 888 371 949 μένοι.
446 885 608 934 καὶὸ
645 880 685 934 ε’
728 882 814 949 δέ,
871 887 1125 951 Λιβυκὸς
1177 888 1658 956 ἐπιγραφόμενος,
1712 888 1899 952 μῦθον
1947 890 2048 953 μὲν
2095 890 2282 955 Λίβυν

197 967 551 1037 ἀπαγγέλλει,
590 971 813 1020 ἐκείνων
854 961 906 1020 δ’
940 972 1091 1021 ἐστὶν
1129 968 1450 1039 ἐξημμένος.
1529 973 1559 1020 ό
1595 965 1649 1021 δ’
1681 973 1836 1032 ἕκτος
1863 974 1995 1038 περὶ
2031 975 2281 1042 τυραννί-

69 1062 172 1103 (ΒΒ)
199 1051 295 1114 δος
334 1051 532 1116 δίεισι,
577 1056 671 1104 καὶ
708 1057 840 1120 περὶ
876 1056 1075 1124 ἀρετῆς
1125 1056 1156 1104 ὁ
1193 1057 1292 1105 ἐπὶ
1327 1058 1526 1122 τούτῳ.
1603 1057 1634 1105 ὁ
1674 1053 1731 1105 δὲ
1781 1054 1830 1125 η’
1870 1058 2143 1127 Διογένης
2180 1061 2281 1123 μὲν

197 1139 228 1207 ἢ
264 1131 551 1204 Ἰσθμικὸς
588 1141 914 1209 ἐπιγραφὴν
954 1140 1082 1203 ἔχει,
1123 1137 1329 1207 πρᾶξιν
1370 1137 1432 1189 δέ
1468 1157 1593 1190 τινα
1631 1142 1724 1190 καὶ
1763 1138 1958 1207 λόγους
1982 1143 2287 1207 Διογένους
2325 1150 2371 1190 10

197 1224 337 1273 κατὰ
376 1224 444 1273 τά
473 1216 706 1288 Ἴσθμια
748 1221 1073 1290 διαγγέλλει.
1148 1225 1242 1272 καὶ
1280 1225 1311 1272 0‘
1346 1221 1426 1285 θ’,
1475 1225 1750 1292 Διογένης
1797 1225 1829 1292 ἢ
1871 1227 2002 1292 περὶ
2041 1227 2286 1289 οἰκετῶν,

201 1311 478 1376 παραινεῖ
519 1310 619 1372 μὲν
680 1308 937 1367 ἅπαντας
999 1299 1077 1356 δι’
1131 1309 1254 1367 ἐνὸς
1311 1309 1626 1376 προσώπου
1686 1308 1858 1356 αὑτοῦ
1903 1310 2004 1372 μὲν
2056 1311 2287 1359 ἕκαστον

199 1390 415 1462 πολλὴν
453 1393 808 1461 ἐπιστροφὴν
845 1392 939 1440 καὶ
963 1388 1294 1455 ἐπιμέλειαν
1322 1391 1645 1452 ποιεῖσθαι,
1687 1387 1875 1459 ὀλίγην
1911 1389 1969 1441 δὲ
2008 1398 2118 1443 τῶν
2156 1390 2288 1455 ἐξω-

198 1477 305 1526 θεν
347 1478 816 1541 συμπιπτόντων’
854 1477 948 1526 καὶ
972 1477 1045 1545 μὴ
1070 1483 1272 1546 χρῆναι
1312 1478 1587 1545 φεύγοντα
1617 1473 1838 1526 διώκειν
1879 1477 2121 1546 οἰκέτην·
2161 1480 2288 1527 ἀτο-

201 1577 311 1611 πον
349 1561 450 1629 γὰρ
490 1561 734 1621 ἐκείνους
782 1562 883 1626 μὲν
920 1562 1121 1621 κακούς
1170 1562 1336 1621 ὄντας
1373 1556 1621 1622 ἐλπίζειν
1671 1562 1800 1610 ἄνευ
1845 1566 1956 1611 τῶν
1996 1559 2287 1612 δεσποτῶν
2327 1569 2373 1610 15

199 1646 430 1710 ἄμεινον
455 1646 798 1711 βιώσεσθαι,
838 1647 969 1706 τούς
999 1642 1283 1706 δεσπότας
1311 1643 1369 1695 δὲ
1407 1647 1480 1714 μὴ
1522 1642 1818 1707 ἀξιοῦντας
1857 1643 2107 1715 φαύλους
2143 1645 2289 1697 εἶναι

197 1732 272 1800 μὴ
314 1726 559 1794 νομίζειν
598 1732 827 1795 ἄμεινον
867 1726 1096 1792 διάξειν,
1150 1731 1200 1779 εἰ
1237 1732 1309 1799 μὴ
1363 1727 1827 1798 παραπολαύοιεν
1875 1738 1973 1800 τῆς
2009 1737 2119 1781 τῶν
2161 1729 2288 1799 δρα-

202 1820 389 1864 πετῶν
439 1816 784 1883 σκαιότητος.
873 1816 904 1864 0‘
953 1813 1011 1864 δὲ
1064 1810 1100 1865 ι’
1155 1817 1405 1884 Τρωικὸς
1463 1816 1564 1879 μὲν
1613 1812 1758 1865 ἕλκει
1805 1817 1902 1885 τὴν
1951 1816 2288 1884 ἐπιγραφήν,

204 1901 344 1967 ὑπὲρ
383 1904 485 1948 τοῦ
518 1901 591 1968 μὴ
633 1896 848 1950 ἁλῶναι
887 1897 945 1949 δὲ
985 1901 1047 1949 τὸ
1078 1891 1247 1949 ’Ίλιον
1288 1896 1762 1961 διεσπούδασται,
1797 1892 2012 1968 Ὁμήρῳ
2054 1916 2112 1949 τε
2149 1899 2289 1948 κατὰ

202 1986 266 2033 τὸ
306 1986 638 2052 τραχύτερον
677 1988 1092 2053 προσφέρεται,
1131 1985 1224 2034 καὶ
1261 1986 1365 2034 ὅσα
1405 1981 1546 2032 ἄλλα
1584 1984 1723 2033 κατὰ
1763 1985 1859 2052 τὴν
1892 1976 2099 2033 Ἰλιάδα
2140 1981 2290 2049 αὐτῷ
2328 1990 2376 2030 20

205 2069 545 2137 πεποίηται,
596 2069 863 2118 τάναντία
913 2070 1136 2129 τούτοις
1176 2070 1645 2136 πραγματεύεται.
1723 2069 1754 2117 ὁ
1793 2066 1851 2117 δὲ
1884 2061 2221 2132 Ὀλυμπικὸς
2256 2069 2287 2136 ἢ

204 2155 336 2220 περὶ
373 2160 471 2222 τῆς
510 2155 739 2222 πρώτης
776 2159 878 2203 τοῦ
911 2154 1058 2203 θεοῦ
1093 2154 1339 2215 ἐννοίας,
1391 2154 1523 2202 αὐτὸ
1564 2159 1727 2202 τοῦτο
1780 2154 2129 2220 πειρώμενος
2167 2153 2290 2201 ἐπι-

206 2234 489 2299 δεικνύειν,
530 2235 823 2298 ένδέκατός
862 2232 1028 2287 ἐστιν.
1107 2238 1138 2287 ὁ
1166 2235 1223 2287 δὲ
1254 2235 1345 2303 ιβ’,
1385 2239 1442 2287 ἐν
1471 2230 1746 2306 Ἀθήναις
1784 2238 1916 2305 περὶ
1954 2243 2129 2306 φυγῆς
2168 2237 2292 2285 ἐπι-

204 2324 423 2392 γραφὴν
461 2323 617 2386 ἔχων,
669 2321 888 2391 εἴρηται
924 2324 1025 2387 μὲν
1063 2323 1121 2372 ἐν
1162 2323 1387 2384 αὐταῖς,
1443 2319 1615 2372 δίεισι
1665 2319 1722 2371 δὲ
1764 2323 1839 2382 ὡς
1879 2319 2036 2371 οὐδὲν
2074 2325 2105 2390 ή
2150 2322 2289 2390 φυγὴ

201 2404 466 2471 χαλεπόν,
504 2408 598 2458 καὶ
624 2409 700 2468 ὡς
739 2405 985 2468 πλοῦτος
1021 2409 1122 2472 μὲν
1159 2409 1253 2457 καὶ
1292 2404 1426 2469 δόξα
1464 2408 1558 2457 καὶ
1591 2404 1887 2457 δυναστεία
1927 2407 2138 2455 θᾶττον
2178 2407 2291 2454 ἀπὸ
2332 2411 2377 2450 25

206 2497 317 2541 τῶν
355 2492 593 2555 ἐχόντων
632 2493 731 2542 ἐπὶ
781 2493 912 2552 τοὺς
948 2485 1083 2560 μηδ’
1127 2489 1473 2552 ἐλπίσαντας
1510 2496 1799 2559 μεταρρεῖ,
1849 2493 1910 2540 τὸ
1964 2488 2021 2540 δέ
2063 2488 2294 2559 φιλοσο-

210 2579 338 2645 φεῖν
385 2577 478 2626 καὶ
525 2578 623 2646 τὴν
672 2577 872 2646 ἀρετὴν
920 2578 1110 2627 ἀσκεῖν
1162 2574 1254 2626 διὰ
1294 2577 1420 2642 βίου
1471 2593 1531 2626 τε
1568 2583 1747 2645 κτῆμα
1788 2573 2039 2640 διαμένει
2077 2575 2295 2640 ἀγαθὸν

207 2662 299 2710 καὶ
337 2661 740 2726 ἀποιχομένοις
781 2665 1096 2711 συνέπεται.
1163 2662 1193 2710 0‘
1220 2659 1278 2710 δὲ
1315 2655 1387 2727 ιγ’
1413 2661 1682 2726 Εύβοϊκὸς
1718 2661 1749 2729 ἢ
1788 2661 2135 2728 κυνηγετικὸς
2172 2655 2295 2707 ἔλα-

204 2762 297 2809 χεν
336 2747 674 2814 ἐπιγραφήν,
725 2747 941 2813 εἰσάγει
991 2744 1052 2796 δέ
1099 2763 1257 2806 τινας
1305 2747 1363 2795 ἐν
1400 2745 1612 2812 Εὐβοίᾳ
1657 2750 1912 2794 τοιοῦτον
1950 2745 2074 2809 βίον
2111 2744 2294 2808 βιοῦν·

208 2841 334 2890 τας’
377 2822 451 2879 δι’
498 2829 573 2880 ὧν
610 2826 1007 2892 κατασκευάζει
1047 2831 1123 2890 ὡς
1163 2831 1192 2879 ὁ
1232 2830 1545 2897 ἀπράγμων
1581 2830 1732 2895 βίος,
1774 2829 1824 2877 εἰ
1859 2829 1952 2877 καὶ
1988 2830 2293 2890 πενόμενος
2330 2830 2378 2870 30

208 2914 312 2983 εἴη,
354 2913 547 2981 πολλῷ
586 2921 697 2965 τῶν
736 2917 794 2966 ἐν
834 2916 996 2965 ἄστει
1032 2914 1470 2982 θορυβουμένων
1518 2929 1578 2962 τε
1613 2914 1707 2962 καὶ
1742 2913 2082 2981 τρυφώντων
2119 2907 2293 2978 ἡδίων

209 3017 268 3048 τε
304 3002 399 3049 καὶ
439 2997 903 3067 λυσιτελέστερος.
973 2989 1254 3057 Ῥοδιακὸς
1294 2994 1352 3045 δὲ
1395 2997 1426 3045 ὁ
1464 2993 1534 3045 ιδ’
1576 2997 1980 3064 ἐπιγράφεται·
2020 2996 2077 3043 ἐν
2115 2995 2291 3059 τούτῳ

211 3084 353 3142 ἔθος
401 3081 602 3148 ἄλογον
654 3083 810 3151 παρὰ
843 3076 1078 3141 Ῥοδίοις
1122 3078 1360 3146 ἐπιτιμᾷ
1409 3077 1785 3129 ἐπιπολάσαν.
1861 3081 1923 3128 τὸ
1976 3072 2027 3128 6'
2069 3075 2150 3147 ἦν,
2202 3079 2296 3138 οὓς

214 3164 511 3232 ἐβούλοντο
551 3173 718 3230 τιμᾶν
757 3164 1046 3234 ἀνδριᾶσι,
1096 3166 1318 3224 τούτοις
1365 3165 1465 3228 μὲν
1505 3161 1807 3231 ἀνδριάντα
1859 3164 2167 3213 ἀνίστασαν
2209 3163 2294 3210 ού-

215 3250 371 3302 δένα·
412 3253 541 3310 τούς
581 3247 639 3299 δὲ
678 3254 799 3310 τοῖς
826 3247 1008 3299 πάλαι
1046 3250 1434 3316 ἀνεστηκότας,
1473 3250 1685 3297 τούτων
1724 3249 1831 3315 ἄρα
1869 3248 1900 3315 ἢ
1941 3247 2041 3307 τὰς
2067 3248 2296 3314 ἐπιγρα-
2334 3250 2380 3290 35

216 3337 329 3405 φάς
365 3332 727 3401 μεταξέοντες
766 3335 847 3395 εἰς
884 3334 951 3383 τὰ
992 3339 1102 3383 τῶν
1139 3325 1453 3397 μελλόντων
1491 3333 1806 3402 τιμηθῆναι
1844 3333 2106 3396 ὀνόματα,
2145 3332 2176 3399 ἢ
2218 3337 2298 3396 τῷ

81 3435 121 3474 (4
144 3433 192 3474 R)
211 3424 389 3490 χρόνῳ
430 3418 568 3489 μηδὲ
621 3422 975 3489 φαινομένων
1014 3419 1454 3486 ἐπιγράφοντες,
1507 3423 1618 3467 τῶν
1666 3433 1726 3466 τε
1777 3417 2079 3481 οἰχομένων
2126 3417 2190 3464 τό
2239 3430 2296 3480 γε

216 3500 313 3557 ἐπ’
359 3508 549 3566 αὐτοῖς
587 3508 684 3574 τὴν
723 3506 885 3574 τιμὴν
924 3501 1312 3567 ἐλυμαίνοντο,
1359 3503 1452 3551 καὶ
1500 3503 1595 3562 οὓς
1643 3508 1810 3566 τιμᾶν
1854 3497 2296 3559 ὑπεπλάττοντο,

178 3606 180 3608 ’
218 3589 542 3659 ἀλλοτρίαις
589 3592 682 3639 καὶ
726 3583 849 3638 κατ’
897 3586 1054 3638 οὐδὲν
1103 3587 1375 3647 ἐοικυίαις
1426 3588 1634 3636 εἰκόσιν
1685 3581 1984 3654 ἐνύβριζον.
2060 3586 2117 3633 ἐν
2156 3580 2296 3649 τῷδε

218 3674 295 3740 τῷ
338 3673 477 3742 λόγῳ
518 3672 726 3742 μεγάλη
779 3679 881 3723 τοῦ
920 3670 1121 3741 ἀνδρὸς
1169 3678 1266 3741 τῆς
1315 3671 1785 3741 ἀνασκευαστικῆς
1835 3671 2024 3733 ἰσχύος
2060 3671 2091 3736 η
2133 3668 2295 3735 ἀρετὴ
2335 3673 2384 3713 40

303 3762 398 3796 DIO.
422 3763 471 3798 11.
1909 3753 1956 3792 21
