2684 4140
1019 282 1245 330 ORATIO
1277 281 1439 327 va1.
2198 276 2262 324 77

14 443 94 484 (519
114 443 166 484 Μ)
190 430 581 502 ἀποδέχησθε,
632 433 758 482 τότε
794 431 1045 482 κάκείνου
1082 428 1391 497 μέμνησθε.
1486 427 1578 476 καὶ
1616 427 1747 493 περὶ
1784 431 1885 475 τοῦ
1920 424 2166 474 πάππου
2207 420 2265 472 δὲ

186 522 289 566 τοῦ
321 519 590 585 ἡμετέρου
640 514 735 565 οὐκ
771 514 837 565 ἂν
886 514 1043 565 εἴποι
1093 511 1274 574 οὐδεὶς
1324 512 1448 562 οὔτε
1499 512 1577 572 ὡς
1614 508 1917 579 κατῄσχυνε
1959 510 2056 579 τὴν
2096 505 2264 558 πόλιν

190 600 315 650 οὐτε
355 602 431 660 ὡς
470 596 628 649 οὐδὲν
668 596 952 649 ἀνάλωσεν
990 600 1048 648 ἐκ
1086 603 1196 648 τῶν
1235 600 1450 646 ἑαυτοῦ.
1537 597 1635 665 τὴν
1673 595 1776 663 γὰρ
1818 594 2013 644 οὐσίαν
2051 594 2116 662 ἣν
2155 591 2265 657 εἶχε

187 679 456 751 πατρῴαν
503 684 596 733 καὶ
645 680 941 749 παππῴαν
989 684 1218 732 ἅπασαν
1255 682 1337 742 εἰς
1377 678 1707 750 φιλοτιμίαν
1746 677 2068 741 ἀναλώσας,
2123 679 2266 728 ὥστε

129 774 154 819 5
189 765 361 836 μηδὲν
399 768 540 831 ἔχειν
582 763 799 829 λοιπόν,
840 770 1032 835 ἑτέραν
1070 767 1339 836 ἐκτήσατο
1379 766 1494 815 ἀπὸ
1528 761 1794 824 παιδείας
1829 765 1924 814 καὶ
1960 763 2115 832 παρὰ
2153 769 2264 814 τῶν

189 853 626 921 αὐτοκρατόρων.
710 852 803 902 καὶ
859 852 1045 901 τοίνυν
1106 852 1187 912 εἰς
1244 851 1410 900 αὑτὸν
1469 848 1732 914 οὐδεμίαν
1795 849 2059 918 φαίνεται
2099 849 2264 916 χάριν
2305 851 2336 899 4

190 937 562 1006 αἰτησάμενος
599 938 656 987 ἐν
693 938 923 1004 τοιαύτῃ
967 933 1131 1005 φιλίᾳ
1167 936 1261 984 καὶ
1300 931 1547 1003 σπουδῇ,
1601 929 1896 1002 φυλάττων
1947 929 2004 982 δὲ
2043 934 2136 982 καὶ
2173 949 2268 982 τα-

184 1023 514 1086 μιευόμενος
551 1017 649 1090 τὴν
686 1027 788 1071 τοῦ
823 1022 1231 1089 αὐτοκράτορος
1269 1019 1600 1087 προθυμίαν
1639 1018 1721 1077 εἰς
1757 1018 1912 1081 ὑμᾶς.
2000 1017 2051 1066 εἰ
2091 1014 2152 1066 δέ
2190 1033 2265 1083 τῳ

188 1103 347 1156 δοκεῖ
378 1103 623 1175 φλυαρία
662 1107 725 1155 τὸ
775 1102 1025 1155 πολιτῶν
1062 1106 1340 1170 ὑμετέρων
1379 1103 1815 1170 ἀναμιμνήσκειν
1866 1103 2011 1166 ὑμᾶς
2050 1102 2269 1162 εὐνοίας

1 1173 93 1255 ““[ῗ,Β
110 1198 154 1241 10
188 1191 280 1240 καὶ
317 1190 542 1260 ἀρετῆς,
593 1188 756 1250 οὗτος
795 1181 890 1239 οὐκ
929 1181 1041 1238 οἶδ’
1095 1190 1252 1248 ὅπως
1290 1186 1354 1237 εὖ
1388 1186 1605 1236 παθεῖν
1645 1186 1812 1245 αὐτὸς
1849 1187 1963 1236 ὑπό
2001 1203 2099 1235 του
2139 1186 2267 1252 βού-

187 1272 356 1325 λεται.
555 1276 614 1324 ἐκ
659 1275 930 1324 τοιούτων
980 1268 1044 1341 δὴ
1095 1273 1250 1332 ὅντες
1286 1274 1475 1338 ἡμεῖς,
1529 1272 1579 1320 εἰ
1627 1271 1719 1320 καὶ
1769 1268 1991 1340 σφόδρα
2031 1273 2272 1339 πονηροὶ

192 1356 344 1428 ἦμεν,
384 1356 523 1408 ἀλλά
561 1374 652 1408 τοι
690 1351 768 1408 δι’
810 1358 1052 1417 ἐκείνους
1089 1357 1365 1425 ἐντροπῆς
1402 1371 1556 1416 τινος
1594 1352 1748 1417 ἄξιοι
1784 1351 1949 1423 ἦμεν,
1993 1347 2114 1418 οὐχὶ
2153 1351 2269 1404 λευ-

186 1445 397 1513 σθῆναι
432 1436 535 1512 ὑφ’
578 1445 730 1508 ὑμῶν
769 1434 896 1493 οὐδὲ
933 1439 1413 1511 καταφλεχθῆναι.
1504 1443 1768 1490 σκοπεῖτε
1813 1436 1872 1489 δὲ
1910 1441 2004 1490 καὶ
2040 1433 2264 1506 τούμόν,
2305 1445 2335 1494 5

182 1527 224 1577 ὦ
265 1525 478 1596 ἄνδρες,
515 1524 590 1597 μὴ
630 1528 980 1595 ἀγνωμόνως.
1053 1527 1184 1594 ἡμῖν
1220 1526 1324 1595 γὰρ
1365 1527 1396 1575 ὁ
1434 1521 1619 1595 πατὴρ
1660 1525 1857 1576 οὐσίαν
1894 1521 2162 1576 κατέλιπε
2201 1531 2270 1594 τῇ

104 1619 151 1662 15
184 1614 286 1678 μὲν
325 1609 456 1681 δόξῃ
494 1610 763 1682 μεγάλην,
815 1609 1044 1678 δυνάμει
1085 1609 1143 1662 δὲ
1181 1611 1384 1680 μικρὰν
1419 1612 1514 1661 καὶ
1551 1607 1745 1677 πολλῷ
1784 1607 1997 1661 ἐλάττω
2037 1613 2267 1678 ἑτέρων·

185 1690 248 1747 οὐ
283 1701 443 1763 μεῖον
479 1698 582 1766 γὰρ
621 1699 652 1768 ἢ
693 1700 1098 1767 τετταράκοντα
1137 1694 1406 1766 μυριάδες
1441 1693 1583 1765 ἦσαν
1616 1700 1795 1764 χρεῶν
1832 1697 1926 1746 καὶ
1964 1697 2266 1762 πράγματα

189 1788 422 1833 τοιαῦτα
464 1780 706 1847 ἔξωθεν,
761 1784 904 1834 ὥστε
942 1780 1089 1833 πολὺ
1127 1787 1238 1833 τῶν
1272 1787 1450 1850 χρεῶν
1490 1780 1638 1832 εἶναι
1675 1786 1850 1831 ταῦτα
1884 1776 2268 1848 χαλεπώτερα.

190 1859 318 1918 οὐδὲ
357 1867 460 1936 γὰρ
500 1865 810 1937 ἀσφάλεια,
850 1869 927 1929 ὡς
965 1868 1176 1930 εἰπεῖν,
1216 1859 1443 1928 οὐδενὸς
1481 1869 1612 1934 ἡμῖν
1650 1871 1761 1916 τῶν
1801 1867 1973 1916 ὄντων
2010 1866 2269 1935 ὑπῆρχεν,

188 1948 330 2002 ἀλλὰ
378 1959 446 2022 τῇ
495 1954 668 2004 αὐτοῦ’
714 1950 945 2018 δυνάμει
993 1954 1278 2003 πιστεύων
1327 1953 1537 2013 ἐκεῖνος
1585 1952 1811 2002 ἅπαντα
1861 1952 2144 2019 ἐκέκτητο,
2196 1951 2272 2011 ὡς

106 2044 156 2086 2⁰
193 2029 416 2099 οὐδενὸς
470 2039 1015 2109 ἀμφισβητήσοντος.
1127 2039 1186 2088 ἐν
1247 2035 1305 2088 δὲ
1364 2041 1486 2098 τοῖς
1543 2039 1828 2097 τοιούτοις
1884 2033 2270 2105 ἀπολειφθεὶς
2310 2041 2342 2091 6

188 2114 413 2172 οὐδέπω
450 2124 552 2188 μὲν
587 2124 682 2174 καὶ
716 2129 810 2173 νῦν
846 2124 910 2174 τὸ
949 2119 1259 2188 ἐπιβάλλον
1298 2120 1447 2189 αὐτῷ
1495 2125 1667 2188 μέρος
1715 2127 1827 2172 τῶν
1870 2126 2049 2190 χρεῶν
2090 2118 2273 2171 διαλέ-

187 2203 373 2272 λυμαι,
418 2204 837 2276 λελειτούργηκα
880 2205 939 2258 δὲ
965 2210 1094 2273 ὑμῖν
1132 2208 1233 2268 τὰς
1269 2208 1538 2275 μεγίστας
1578 2204 1924 2273 λειτουργίας
1960 2207 2054 2257 καὶ
2093 2199 2274 2266 οὐδεὶς

186 2293 322 2357 ἐμοῦ
360 2289 591 2354 πλείους
626 2298 737 2344 τῶν
774 2294 832 2343 ἐν
869 2299 938 2362 τῇ
975 2290 1157 2344 πόλει.
1234 2289 1691 2361 πλουσιωτέρους
1743 2289 1801 2343 δὲ
1851 2293 1992 2356 ἐμοῦ
2026 2288 2274 2351 πολλοὺς

0 2385 165 2429 ³·15R11)
189 2377 356 2437 ὄντας
393 2377 716 2428 ἐπίστασθε
753 2378 847 2428 καὶ
872 2370 1049 2428 αὐτοί.
1113 2378 1170 2428 τί
1208 2376 1303 2427 οὖν
1341 2378 1495 2427 ἐστιν
1522 2370 1620 2447 ἐφ’
1663 2379 1771 2444 ὅτῳ
1812 2378 1940 2443 ἐμοὶ
1977 2373 2274 2445 ὀργίζεσθε

105 2468 156 2510 25
189 2463 284 2512 καὶ
321 2463 522 2528 ἄτιμον
558 2459 620 2525 ἐξ
655 2463 923 2513 ἁπάντων
962 2464 1058 2528 ἐμὲ
1096 2464 1190 2513 καὶ
1214 2464 1311 2514 τὸν
1340 2459 1494 2514 δεῖνα
1521 2459 1926 2531 προβέβλησθε
1950 2462 2045 2513 καὶ
2072 2458 2273 2521 λίθους

183 2546 279 2596 καὶ
315 2551 425 2615 πῦρ
474 2539 571 2616 ἐφ’
615 2550 758 2617 ἡμᾶς
795 2551 992 2618 φέρετε
1003 2566 1023 2610 ,·
1059 2549 1153 2599 καὶ
1188 2545 1384 2618 μηδεὶς
1421 2549 1564 2617 ὑπὲρ
1597 2549 1809 2599 ἐκείνου
1846 2565 1916 2613 με
1958 2553 2039 2617 φῇ
2079 2544 2270 2614 λέγειν.

190 2629 330 2692 ἴσως
364 2633 466 2696 μὲν
502 2632 604 2701 γὰρ
644 2625 743 2683 ἐπ’
787 2626 985 2684 οὐδένα
1025 2626 1154 2684 οὐδὲ
1193 2639 1304 2684 τῶν
1343 2631 1686 2686 ἀδικούντων
1725 2634 1903 2694 οὕτως
1941 2629 2058 2683 ἔδει
2095 2648 2273 2700 παρο-

188 2713 483 2778 ξύνεσθαι·
530 2715 678 2788 πλὴν
725 2719 915 2787 ἔμοιγε
961 2720 1180 2789 ἀπόχρη
1228 2715 1356 2787 <τά>
1403 2712 1530 2770 κατ’
1574 2720 1829 2784 ἐμαυτόν.
2009 2718 2103 2767 καὶ
2144 2730 2267 2766 σκο-
2310 2719 2338 2768 7

23 2810 88 2846 520
107 2809 159 2852 Μ)
184 2804 345 2852 πεῖτε
378 2803 472 2852 καὶ
509 2802 577 2853 τὰ
617 2800 758 2853 ἄλλα
786 2805 988 2865 ὁποῖός
1014 2805 1133 2870 εἰμι
1158 2802 1398 2874 πολίτης
1424 2806 1549 2872 ἐγώ,
1590 2805 1735 2872 πρὸς
1773 2805 1962 2854 ὅντινα
1989 2798 2272 2867 βούλεσθε

106 2891 155 2933 30
191 2884 650 2955 παραβάλλοντες
686 2891 970 2939 τοσούτων
1010 2891 1105 2950 οὓς
1144 2882 1207 2940 οὗ
1246 2891 1565 2940 κατακάετε.
1642 2889 1767 2937 ἔστι
1813 2888 1915 2952 μὲν
1952 2886 2055 2953 γὰρ
2091 2886 2272 2951 χωρία

330 3042 348 3082 1
382 3039 587 3097 μέμνητε
613 3039 664 3084 Μ
792 3042 817 3083 3
848 3034 1088 3087 ἀνάλωσιν
1118 3040 1156 3083 Τ
1301 3044 1327 3084 6
1356 3040 1519 3086 καίτοι
1549 3041 1632 3085 νῦν
1662 3038 1700 3082 U
1846 3033 1997 3084 αὐτὸν
2024 3035 2158 3081 ΜΠΤ

193 3112 238 3151 11
271 3102 403 3164 ὑμεῖς
431 3109 480 3151 Μ
508 3106 640 3166 ὑμεῖς
667 3110 714 3153 in
741 3105 873 3168 ἡμεῖς
902 3114 1014 3155 mut.
1045 3110 1082 3155 U
1112 3123 1168 3153 ιιι.
1199 3123 1268 3166 pr.
1379 3114 1429 3154 12
1459 3107 1646 3156 ἐκεῖνον
1676 3107 1768 3153 MU
1798 3122 1858 3152 m.
1888 3109 2121 3177 plu-(corr.
2152 3104 2273 3154 ἐκεί-

189 3181 316 3231 νους)
460 3181 511 3222 13
542 3175 595 3238 δὴ
625 3192 708 3236 pro
738 3180 787 3227 δὲ
816 3179 868 3224 Μ
1015 3179 1074 3226 τὸ
1105 3176 1239 3236 ὑμῶν
1271 3180 1389 3225 UBT
1546 3184 1602 3225 14
1631 3174 1927 3239 ἀγνωμόνως
1955 3179 2007 3238 ᾖ·
2037 3177 2162 3224 ΠΒΤ

192 3241 219 3292 ὃ
252 3259 340 3292 om.
371 3246 422 3289 M
591 3242 792 3296 ἀπέλιπε
821 3250 945 3304 libri,
984 3263 1099 3295 corr.
1128 3250 1295 3296 Reiske
1474 3256 1522 3295 15
1555 3247 1762 3311 σμικρὰν
1789 3251 1828 3295 Β
1986 3254 2038 3295 16
2066 3248 2276 3308 μειόνων

188 3315 311 3361 UBT
513 3321 563 3361 17
603 3315 754 3366 πολλὰ
791 3318 871 3363 ΒΤ
911 3315 1065 3367 πολλὰ
1106 3325 1215 3368 mut.
1255 3321 1302 3365 in
1343 3325 1508 3368 πολλῶ
1536 3321 1578 3367 U
1724 3325 1774 3367 19
1808 3317 1956 3369 αὐτοῦ
1984 3322 2112 3377 libri,
2154 3335 2274 3368 corr.

190 3385 321 3443 Emp.
494 3391 548 3432 20
578 3396 681 3443 τοῖς
709 3402 793 3434 οιιι.
825 3389 875 3433 Μ
903 3404 961 3435 ιιι.
991 3404 1058 3448 pr.
1232 3388 1520 3450 ἀπολιφθεὶς
1549 3393 1598 3436 Μ
1771 3396 1822 3437 21
1867 3388 1998 3455 αὐτῷ
2028 3393 2159 3440 UMT

191 3460 246 3501 24
275 3459 387 3503 ῶτῶ
414 3457 465 3501 Μ
581 3453 859 3519 ὀργίζεσθαι
888 3461 936 3504 Μ
1080 3466 1132 3508 25
1165 3463 1531 3525 προβέβλησθαι
1560 3465 1611 3509 Μ
1753 3460 1844 3513 τὸν
1873 3469 2026 3514 δεῖναι
2057 3464 2192 3509 homo
2225 3468 2276 3509 ut

188 3526 363 3572 videtur
390 3530 502 3574 tunc
533 3529 693 3575 Dionis
722 3532 923 3577 aemulus
953 3536 999 3577 et
1026 3533 1233 3580 inimicus
1369 3539 1423 3581 28
1455 3531 1618 3596 ἔμοιγε
1648 3531 1766 3583 αὐτὸ
1797 3532 1888 3596 χρὴ
1919 3534 2030 3584 κατ’
2063 3534 2274 3593 ἐμαυτὸν

189 3598 240 3641 Μ
269 3595 430 3659 ἔμοιγε
458 3596 549 3660 χρὴ
579 3596 694 3648 κατ’
714 3600 924 3658 ἐμαυτὸν
943 3603 1079 3659 UBT,
1113 3618 1229 3651 corr.
1251 3608 1298 3650 et
1317 3601 1375 3654 τὰ
1397 3606 1498 3651 add.
1521 3606 1713 3653 casaub.
1803 3609 1858 3651 29
1881 3602 2054 3661 ὁποῖος
2073 3605 2158 3664 ἐμὲ
2178 3607 2217 3651 Τ

192 3668 454 3729 βούλεσθαι
483 3671 533 3715 Μ
618 3676 672 3718 30
703 3673 1098 3736 παραβάλλοντες
1117 3673 1364 3724 τοσούτων
1383 3679 1560 3736 scripsi,
1591 3672 1946 3738 παραβάλλοιτ’
1972 3675 2273 3726 ἐνοσούντων

191 3740 241 3785 Μ
269 3738 602 3803 παραβάλοιθ’
634 3740 742 3799 ἑνὸς
771 3742 956 3793 τούτων
984 3747 1123 3802 ΠΒΤ,
1153 3745 1549 3808 παραβάλλοντες
1576 3746 1762 3797 τούτων
1791 3749 2002 3795 Reiskius
