2684 4140
1066 221 1296 268 ORATIO
1327 221 1492 267 LXIV.
2218 219 2321 267 153

235 372 451 442 ψεύδου
490 379 588 442 τῆς
626 371 816 439 τύχης·
868 368 929 418 οὐ
968 365 1182 430 τοξεύει
1218 368 1321 434 γάρ
1362 379 1454 430 σε,
1493 368 1581 417 ὅτι
1631 369 1693 416 ού
1731 363 2020 432 βούλεται·
2070 362 2319 434 θελούσῃ

237 459 295 511 δὲ
335 466 402 528 τῇ
439 460 570 526 τύχῃ
610 459 902 518 πανταχοῦ
936 449 1151 521 ῥᾴδιον.
1214 451 1400 502 καὶτὰ
1425 452 1527 516 μὲν
1556 453 1801 516 σύντομα
1840 452 2021 501 ἐκεῖνα
2062 450 2124 499 οὐ
2165 446 2323 516 λέγω,

235 544 303 594 τὰ
351 542 686 602 Λακωνικά,
745 539 876 598 τοὺς
936 533 1301 596 δουλεύοντας
1348 537 1603 604 Πέρσαις
1651 536 1745 585 καὶ
1793 536 1890 584 τὸν
1941 535 2000 584 ἐν
2048 534 2319 603 Κορίνθῳ

235 629 542 679 Διονύσιον
578 625 672 675 καὶ
700 625 798 693 τὴν
823 623 1154 690 Σωκράτους
1177 617 1478 688 καταδίκην
1503 621 1597 670 καὶ
1622 622 1721 690 τὴν
1745 616 2116 690 Ξενοφῶντος
2144 619 2321 688 φυγὴν

177 724 201 763 5
235 713 329 762 καὶ
364 712 461 761 τὸν
490 705 835 776 Φερεκύδους
871 707 1124 756 θάνατον
1160 705 1254 755 καὶ
1278 700 1376 771 τὴν
1405 702 1809 769 δυσδαιμονίαν
1834 701 1933 772 τὴν
1953 697 2321 771 Ἀναξάρχου·

235 787 362 844 ἀλλ’
406 794 579 843 αὐτοῦ
612 793 812 842 τούτου
850 796 952 840 τοῦ
981 787 1237 855 χαλεποῦ
1274 794 1492 839 σκοποῦ
1520 791 1728 850 πόσοις
1764 789 1919 854 ἔτυχε
1954 786 2292 854 τοξεύμασιν
2303 806 2324 850 ;

236 876 456 948 φυγάδα
499 890 560 927 σε
596 877 883 945 ἐποίησεν,
923 876 1006 935 είς
1025 867 1275 943 Ἀθήνας
1299 875 1515 943 ἤγαγεν,
1549 866 1903 924 Ἀντισθένει
1929 871 2322 942 προυξένησεν,

25 963 315 1023 (887311)είς
364 962 586 1031 Κρήτην
634 957 942 1030 ἐπώλησεν.
1030 960 1080 1009 εἰ
1131 956 1193 1008 δέ
1230 971 1323 1008 σοι
1370 959 1466 1008 τὸν
1515 964 1692 1027 τῦφον
1730 958 2002 1027 βακτηρία
2038 959 2133 1008 καὶ
2170 959 2323 1027 πήρα

235 1047 574 1116 περιτίθησι
612 1047 707 1096 καὶ
745 1043 950 1105 λεπτὸς
985 1045 1080 1094 καὶ
1117 1039 1331 1112 ἀφελὴς
1367 1043 1508 1107 βίος,
1548 1041 1682 1092 ἴσθι
1705 1043 1800 1092 καὶ
1836 1045 2048 1092 τούτων
2086 1048 2154 1110 τῇ
2191 1043 2322 1110 τύχῃ

153 1141 200 1184 10
237 1128 334 1202 τὴν
366 1133 558 1200 χάριν·
595 1131 735 1181 κατὰ
773 1132 938 1198 τύχην
963 1128 1065 1196 γάρ
1096 1124 1452 1197 φιλοσοφεῖς.
1515 1123 1580 1194 ἧν
1618 1124 1679 1176 δὲ
1715 1128 1810 1176 καὶ
1841 1126 2128 1192 Τιμόθεος
2147 1119 2321 1195 Ἀθη-
2345 1127 2410 1178 19

236 1217 409 1267 ναίων
448 1216 774 1284 στρατηγός,
814 1213 877 1273 ὂς
914 1214 1102 1262 πάντα
1142 1211 1356 1275 εὐτύχει
1390 1212 1484 1261 καὶ
1510 1213 1910 1275 σκωπτόμενος
1939 1211 2034 1259 οὐκ
2058 1212 2324 1279 ἠνείχετο,

148 1306 150 1308 ’
231 1302 327 1351 καί
365 1303 509 1350 ποτέ
546 1317 601 1349 τι
638 1299 732 1349 καὶ
767 1296 908 1347 κατὰ
946 1302 1046 1366 τῆς
1082 1297 1248 1363 τύχης
1286 1295 1634 1362 ἐθρασύνετο
1681 1296 1776 1344 καὶ
1823 1292 1998 1345 πάλιν
2039 1291 2326 1359 δυστυχεῖν

231 1382 454 1454 ἤρξατο.
529 1385 616 1444 τίς
653 1384 720 1432 ἄν
757 1397 899 1432 ποτε
934 1377 1177 1433 ἤλπισεν
1209 1372 1395 1430 Ἰνδῶν
1431 1376 1623 1448 ἄρξειν
1658 1382 1877 1447 κουρέα,
1915 1376 2127 1429 Λυδῶν
2165 1379 2327 1444 βασι-

234 1467 448 1521 λεύσειν
487 1471 759 1534 ποιμένα,
807 1473 907 1535 τῆς
938 1458 1134 1527 Ἀσίας
1170 1466 1561 1532 ἡγεμονεύσειν
1599 1469 1862 1532 γυναῖκα,·
1911 1467 1999 1515 ὅτι
2036 1465 2132 1514 τὸν
2163 1456 2327 1532 Ἡρα-

155 1564 200 1607 15
234 1552 366 1606 κλέα
404 1556 712 1604 ἀποκτενεῖ
735 1551 908 1616 χιτών
955 1551 1050 1601 καὶ
1096 1551 1256 1619 γυνή,
1309 1551 1396 1600 ὅτι
1444 1551 1541 1600 τὸν
1583 1542 1950 1618 Ἀλέξανδρον
2002 1546 2199 1610 δοῦλος
2235 1551 2330 1601 καὶ

229 1636 387 1703 κύλιξ
397 1657 416 1700 ;
454 1640 567 1703 ἔχει
604 1638 706 1706 γάρ
746 1638 805 1688 ἐν
842 1636 984 1704 αὐτῇ
1012 1632 1279 1685 πλεῖστον
1307 1635 1395 1684 ἀεὶ
1431 1636 1494 1684 τὸ
1522 1632 1832 1700 βασιλικόν,
1871 1636 1965 1685 καὶ
2002 1637 2133 1696 τούς
2171 1635 2327 1703 παρὰ

235 1725 405 1793 φύσιν
457 1714 508 1774 δ’
562 1724 973 1790 ἐπαιρομένους
1021 1720 1308 1788 καθαιρεῖ.
1395 1717 1579 1769 πολλὰ
1628 1726 1758 1787 γοῦν
1799 1713 2166 1788 Ἀλέξανδρος
2203 1717 2327 1769 τολ-

230 1809 379 1878 μηρὰ
417 1809 717 1877 ἔπρασσεν.
799 1807 897 1857 οὐκ
935 1806 1133 1875 ἔφερεν
1169 1806 1293 1866 υἱὸς
1333 1801 1632 1855 Φιλίππου
1673 1802 1994 1872 λεγόμενος,
2043 1810 2146 1854 τοῦ
2179 1805 2323 1865 Διὸς
2346 1805 2412 1855 20

232 1891 626 1960 κατεψεύδετο,
664 1897 775 1942 τῶν
813 1892 1144 1958 Διοσκόρων
1181 1891 1531 1959 κατεφρόνει,
1570 1891 1668 1940 τὸν
1704 1891 1987 1941 Διόνυσον
2029 1887 2325 1957 ἐλοιδόρει,

157 1989 207 2029 20
242 1979 429 2029 καίτοι
464 1993 524 2045 γε
563 1978 840 2047 ἀφθόνως
879 1976 1056 2036 οὕτως
1088 1975 1260 2024 αὐτοῦ
1293 1978 1415 2035 τοῖς
1443 1972 1647 2040 δώροις
1668 1977 1968 2041 χρώμενος.
2033 1974 2326 2023 ἀπέκτεινε

66 2075 144 2118 (598
165 2075 219 2117 Μ)
244 2059 304 2114 δὲ
341 2064 434 2113 καὶ
460 2059 698 2113 Κλεῖτον
737 2063 832 2111 τὸν
868 2074 1047 2130 σοφεν
1083 2060 1177 2110 καὶ
1203 2056 1467 2109 Φιλώταν
1505 2060 1601 2109 τὸν
1637 2056 1806 2110 καλὸν
1830 2061 1924 2110 καὶ
1961 2060 2056 2108 τὸν
2094 2061 2326 2125 γέροντα

235 2148 610 2215 Παρμενίωνα
655 2147 749 2196 καὶ
794 2147 891 2195 τὸν
946 2140 1286 2195 διδάσκαλον
1339 2141 1739 2213 Καλλισθένην
1795 2146 1890 2194 καὶ
1936 2139 2327 2211 Αριστοτέλην

0 2240 218 2299 ΚΒωΒΠ)
238 2229 505 2301 ἐμέλλησε
529 2232 623 2282 καὶ
643 2223 1015 2299 Ἀντίπατρον
1042 2226 1431 2295 ἐβουλεύσατο.
1483 2235 1780 2297 τοιγαροῦν
1803 2224 1979 2291 ζῶντα
2003 2228 2169 2277 αὐτὸν
2198 2228 2329 2292 ὁμο-

0 2302 1 2325 ἰ
240 2314 420 2384 λογεῖν
468 2318 773 2386 ἠνάγκασεν
818 2316 910 2365 ὄτι
959 2314 1273 2381 ἄνθρωπος
1335 2310 1413 2382 ἦν.
1509 2314 1754 2382 τρωθεὶς
1809 2319 1940 2380 γοῦν
1997 2314 2142 2379 πρὸς
2196 2313 2326 2372 τούς
2347 2313 2410 2364 21

160 2409 209 2450 25
248 2399 463 2472 φίλους,
495 2393 663 2451 Ἀλλὰ
701 2402 866 2450 τοῦτό
903 2415 963 2466 γε
1001 2400 1098 2450 οὐκ
1137 2400 1272 2467 ἰχώρ
1310 2400 1491 2460 ἐστιν,
1531 2399 1671 2468 ἔφη,
1711 2400 1774 2448 τὸ
1813 2400 1970 2467 ῥέον,
2011 2395 2151 2447 ἀλλὰ
2192 2396 2331 2462 αἷμα

386 2627 404 2667 1
438 2621 602 2682 τοξεύη
634 2623 680 2666 Μ
783 2626 806 2666 2
838 2622 887 2669 δὲ
917 2629 1073 2680 τυχεῖν
1105 2621 1210 2666 Wil.
1329 2618 1533 2668 σύντονα
1564 2621 1607 2664 Η
1722 2626 1803 2667 καὶ
1833 2618 1891 2668 τὰ
1923 2635 1960 2665 e.
1994 2636 2035 2677 q.
2067 2635 2104 2666 s.
2136 2622 2332 2666 nondum

237 2693 473 2738 emendata
615 2699 639 2738 5
671 2696 757 2739 τοῦ
787 2691 1073 2752 φερεκὺδους
1101 2692 1137 2736 Ρ
1273 2689 1536 2751 φερεκύδου
1566 2692 1647 2736 ΒΗ
1674 2694 1808 2746 (corr.
1843 2692 1898 2744 U)
2024 2690 2330 2751 εὐδαιμονίαν

240 2760 325 2822 τὴν
355 2759 661 2824 Ἀναξάνδρου
680 2765 796 2816 libri,
827 2765 1160 2820 δυσδαιμονίαν
1179 2759 1265 2821 τὴν
1284 2757 1571 2822 Ἀναξάρχου
1592 2763 1816 2817 Reiskius‚
1848 2757 2155 2819 εὐδαιμονίαν
2176 2764 2331 2808 defen-

239 2835 305 2879 dit
326 2836 430 2881 Wil.
549 2841 573 2879 6
603 2838 690 2883 τοῦ
719 2849 805 2881 om.
839 2836 887 2879 M
1004 2831 1257 2890 τοξεύμασι
1287 2834 1327 2878 U
1471 2838 1493 2877 7
1527 2830 1710 2892 φυγάδα
1743 2849 1797 2879 σε
1818 2833 1899 2876 PH
1929 2833 2143 2891 φυγάδας
2173 2834 2219 2876 Μ
2250 2851 2332 2893 φυ-

237 2902 447 2964 γάδαμὲν
469 2907 547 2951 UB
689 2900 884 2964 Ἀθήνας
913 2920 968 2951 σε
997 2905 1031 2948 Ρ
1060 2899 1257 2962 Ἀθήνας
1287 2904 1336 2950 δὲ
1366 2903 1446 2947 UB
1592 2908 1615 2947 8
1646 2903 1691 2949 εἰ
1718 2903 1766 2949 δὲ
1798 2898 1905 2949 οἷον
1934 2902 2114 2962 τυφλὸν
2146 2904 2260 2948 UBP
2279 2905 2336 2951 ἶεἰ
2410 2927 2413 2928 ’

239 2976 336 3022 δέοι
365 2973 454 3022 τὸν
482 2973 663 3035 τυφλὸν
683 2976 731 3021 Μ
762 2976 806 3022 εἰ
832 2976 882 3022 δὲ
912 2970 1019 3021 οἷον
1048 2972 1136 3021 τὸν
1166 2970 1346 3032 τυφλὸν
1367 2973 1424 3027 Η,
1453 2986 1569 3018 corr.
1592 2974 1724 3029 Emp.
1813 2977 1838 3016 9
1869 2971 2025 3026 λειτὸς
2056 2987 2136 3029 pro
2157 2971 2333 3029 λεπτὸς

238 3046 341 3089 Wil.
372 3046 586 3091 dubitans
701 3042 918 3105 α’σφαλὴς
947 3046 987 3089 Η
1108 3050 1156 3088 10
1187 3047 1268 3090 καὶ
1297 3056 1378 3100 pro
1409 3041 1502 3102 γὰρ
1532 3044 1612 3086 PH
1727 3035 1786 3100 ἧν
1816 3043 1865 3089 δὲ
1893 3048 1979 3088 etc.
2011 3045 2124 3088 haec
2155 3055 2332 3100 quoque

239 3117 432 3172 speciem
457 3117 674 3173 praebent
697 3115 994 3161 enarrationis
1018 3116 1076 3158 ab
1107 3119 1371 3171 excerptore
1401 3113 1627 3158 breviatae
1746 3117 1794 3157 11
1829 3112 2163 3171 σκοπτόμενος
2184 3114 2217 3157 Ρ

240 3181 458 3244 (ἐνείχετο
499 3186 628 3231 UBM
803 3190 853 3229 12
892 3188 973 3231 καὶ
1012 3189 1114 3243 post
1149 3201 1193 3231 τι
1234 3197 1460 3240 superscr.
1498 3184 1542 3228 H
1718 3188 1768 3228 13
1814 3181 1932 3245 ὀρέα
1966 3186 2044 3229 ΡΗ
2075 3181 2220 3240 οὐρέα
2252 3183 2333 3229 BU

240 3270 297 3299 m.
328 3270 396 3312 pr.
431 3250 548 3314 όρέα
581 3257 659 3300 sed
691 3251 719 3302 ὀ
749 3257 794 3300 in
824 3268 985 3300 rasura
1012 3255 1077 3305 M,
1104 3255 1282 3314 κουρέα
1304 3255 1510 3299 Valesius
1630 3259 1679 3299 16
1708 3251 1839 3310 κύλιξ
1857 3256 1935 3300 ΡΗ
1966 3257 2087 3310 κίλιξ
2105 3255 2154 3299 Μ
2183 3258 2336 3309 κυῖλιξ

239 3329 277 3371 Β
306 3323 438 3381 κύλιξ
467 3327 561 3379 (sed
600 3344 627 3372 υ
665 3328 711 3371 in
750 3339 912 3371 rasura
941 3329 966 3369 2
996 3326 1262 3378 litterarum)
1294 3325 1331 3370 U
1478 3321 1573 3382 ἔχει
1615 3351 1666 3357 -
1696 3324 1951 3384 βασιλικὸν
1979 3341 2070 3372 non
2098 3327 2329 3382 intelleg03

237 3398 433 3443 fortasse
462 3402 630 3445 πλεῖον
658 3397 862 3457 (κῦρος)
889 3391 966 3444 αἐὶ
995 3399 1082 3443 τοῦ
1109 3400 1360 3456 βασιλικοῦ
1505 3391 1624 3455 αὐτῇ
1652 3397 1774 3443 UPH
1925 3403 1972 3442 17
2004 3399 2054 3446 δὲ
2083 3398 2127 3442 Η
2250 3415 2332 3443 κα-

240 3470 401 3526 θαίρει
430 3470 467 3514 Ρ
611 3465 797 3527 πονηρὰ
829 3468 911 3514 UB
1056 3472 1108 3513 20
1141 3460 1293 3521 οὕτως
1322 3480 1408 3512 om.
1443 3467 1480 3512 U
1635 3471 1687 3513 21
1718 3470 1884 3514 κλίτον
1913 3469 1963 3513 Μ
2109 3467 2199 3515 τὸν
2229 3465 2333 3515 σύν-

240 3556 427 3599 τροφον
458 3541 563 3601 Wil.
710 3537 973 3599 φιλώτανεε
1006 3542 1061 3592 (ω
1092 3544 1136 3583 et
1165 3555 1192 3583 ν
1222 3552 1249 3582 a
1280 3551 1412 3595 corr„
1443 3541 1549 3595 post
1579 3556 1606 3584 ν
1633 3544 1810 3593 rasura)
1842 3539 1882 3584 U
2023 3535 2112 3586 τὸν
2140 3540 2333 3598 γείτονα

238 3610 358 3666 libri,
386 3607 475 3658 τὸν
503 3612 708 3672 γέροντα
739 3611 947 3656 Valesius
1045 3613 1097 3654 22
1129 3606 1216 3655 τὸν
1246 3604 1555 3669 άριστοτέλην
1576 3610 1663 3653 ΒΜ
1760 3615 1814 3654 24
1845 3602 1930 3657 οὖν
1958 3624 2042 3667 pro
2070 3613 2189 3670 γοῦν
2208 3609 2250 3653 Η

241 3684 294 3724 25
326 3677 435 3728 ἀλλ’
466 3683 551 3727 MP
