2684 4140
1063 258 1290 304 ORATIO
1318 258 1526 306 Lxxrv.
2234 259 2336 308 199

1046 401 1190 473 μηδέ
1227 406 1283 454 οἱ
1320 404 1615 474 ἐκφάσθαι
1653 406 1884 456 πυκινὸν
1923 406 2079 466 ἔπος.

82 497 164 536 (642
183 488 439 542 mnalvoc
473 491 506 555 ἡ
545 485 1013 557 Κλυταιμνήστρα
1055 489 1150 553 οὑχ
1197 490 1285 539 ὅτι
1331 490 1460 558 γυνὴ
1500 485 1566 558 ἦν
1614 494 1787 539 ταῦτα
1838 487 2100 559 διέθηκεν
2150 489 2336 552 αὐτόν,

253 565 379 621 ἀλλ’
422 574 510 622 ὅτι
550 574 796 642 πονηρά·
842 574 940 624 καὶ
977 570 1135 623 οὐδὲν
1172 570 1380 638 μᾶλλον
1419 573 1482 622 ού
1515 575 1616 643 χρὴ
1656 575 1872 640 γυναικὶ
1907 575 2081 643 ἤπιον
2119 572 2266 624 εἶναι
2301 574 2334 643 ἢ

43 664 232 708 (mnu)
251 654 427 724 ἀνδρί.
503 650 627 706 ἀλλ’
680 655 841 721 οἶμαι
887 663 997 707 τῶν
1035 660 1461 727 περιπεσόντων
1509 660 1766 721 ἕκαστος,
1817 652 1920 728 ὑφ’
1965 657 2034 708 οὗ
2068 659 2332 709 πέπονθε
2355 660 2424 712 20

195 749 219 788 5
253 745 459 802 κακῶς,
511 742 687 791 έκεῖνο
723 738 970 806 μάλιστα
1017 744 1298 812 ὑφορᾶται
1343 744 1437 793 καὶ
1482 740 1747 812 προλέγει
1786 740 2181 812 φυλάττεσθαι
2217 747 2339 805 τοῖς

252 821 473 887 ἄλλοις,
513 826 544 874 ὁ
578 827 679 890 μὲν
715 826 828 875 ὑπὸ
868 827 1036 890 ἔχεως
1073 824 1304 897 πληγεὶς
1345 828 1484 892 ἔχιν,
1535 829 1566 877 ὁ
1604 825 1662 877 δὲ
1700 829 1812 878 ὑπὸ
1865 829 2138 896 σκορπίου
2180 841 2338 898 σκορ-

252 910 415 959 πίον·
466 909 527 960 ὂν
569 903 622 960 δ’
666 911 732 961 ἂν
767 913 912 961 κύων
954 909 1116 980 δάκῃ,
1167 914 1303 979 ὄψει
1340 913 1644 981 βακτηρίαν
1684 912 1772 962 ἀεὶ
1811 916 2222 982 περιφέροντα,
2273 914 2337 963 τὸ

254 994 387 1043 αὐτὸ
429 991 492 1064 δὴ
533 1001 698 1045 τοῦτο
734 997 828 1045 καὶ
866 997 1010 1064 πρὸς
1048 996 1394 1065 ἀνθρώπους
1444 997 1812 1046 πεπόνθασιν
1861 998 1917 1046 οἱ
1962 994 2182 1048 πολλοί.
2258 995 2337 1064 τῷ

250 1080 352 1143 μὲν
390 1080 450 1129 ἐκ
486 1082 744 1146 γυναικός
781 1097 837 1130 τι
879 1081 1077 1149 συνέβη
1120 1078 1327 1131 δεινόν·
1370 1079 1532 1141 οὗτος
1571 1078 1635 1150 δὴ
1674 1085 1959 1149 κέκραγεν·

172 1170 219 1212 10
595 1163 638 1214 ὦ
679 1166 815 1227 Ζεῦ,
855 1165 912 1214 τί
951 1162 1013 1234 δὴ
1053 1162 1318 1234 κίβδηλον
1357 1165 1693 1232 ἀνθρώποις
1729 1167 1895 1214 κακὸν

585 1252 847 1314 γυναῖκας
884 1250 966 1309 εἰς
1006 1254 1129 1317 φῶς
1165 1246 1326 1318 ἡλίου
1363 1242 1680 1314 κατῴκισας
1692 1267 1711 1308 ;

248 1329 418 1382 ἄλλον
466 1330 807 1396 ὑποδεχθεὶς
857 1330 1012 1395 ξένος
1050 1330 1354 1401 ἐλύπησεν,
1405 1334 1482 1393 ὡς
1514 1325 1878 1400 Ἀλέξανδρος
1915 1332 1983 1381 τὰ
2022 1337 2126 1381 τοῦ
2160 1332 2342 1383 Μενε-

251 1413 386 1466 λάου
423 1418 674 1485 κτήματα
711 1418 804 1467 καὶ
841 1418 940 1486 τὴν
977 1421 1207 1484 γυναῖκα
1246 1414 1607 1487 ὑφελόμενος.
1676 1418 1706 1466 ὁ
1732 1422 1990 1477 τοιοῦτος
2028 1418 2173 1486 πρὸς
2210 1417 2342 1478 τοὺς

248 1497 437 1562 ξένους
475 1499 866 1571 διαβέβληται,
918 1504 1062 1572 πρὸς
1101 1499 1348 1572 ἀδελφὸν
1396 1505 1609 1567 ἕτερος,
1660 1499 1830 1563 ἄλλος
1878 1503 2022 1570 πρὸς
2058 1503 2197 1552 υἱόν.
2272 1504 2335 1552 τὸ
2359 1506 2421 1558 21

169 1593 215 1634 15
254 1581 313 1634 δὲ
352 1590 581 1653 πρᾶγμα
621 1586 683 1635 οὐ
722 1590 978 1638 τοιοῦτόν
1017 1588 1170 1638 ἐστιν
1207 1614 1279 1621 --
1318 1588 1379 1637 οὑ
1418 1588 1520 1656 γὰρ
1561 1588 1592 1637 ὁ
1628 1583 1876 1656 ἀδελφὸς
1915 1583 2041 1636 οὐδὲ
2082 1588 2113 1636 0‘
2154 1600 2338 1654 συγγε-

246 1669 343 1738 νὴς
384 1667 510 1719 οὐδὲ
551 1671 583 1719 0‘
622 1667 776 1732 ξένος
825 1675 1072 1741 πέφυκεν
1122 1670 1361 1734 ἀδικεῖν,
1411 1665 1536 1722 ἀλλ’
1581 1673 1612 1722 o‘
1658 1672 1948 1740 μοχθηρὸς
1997 1672 2337 1740 ἄνθρωπος·

245 1760 412 1803 τοῦτο
454 1751 512 1804 δὲ
551 1763 757 1824 μικροῦ
792 1754 907 1807 δεῖν
946 1758 1003 1807 έν
1044 1758 1216 1807 πᾶσίν
1242 1759 1396 1808 ἐστιν
1422 1785 1494 1793 --
1519 1750 1645 1806 ἀλλ’
1689 1758 1740 1807 εἰ
1765 1762 1893 1807 νοῦν
1920 1757 2079 1820 ἔχεις,
2120 1758 2340 1817 πάντας

248 1835 499 1905 εὐλαβοῦ.
586 1838 768 1908 ξένος·
820 1839 1072 1908 εὐλαβοῦ.
1155 1846 1384 1911 μέτριος
1422 1841 1569 1892 εἶναί
1608 1854 1777 1912 φησι·
1826 1839 2035 1908 μᾶλλον
2084 1839 2338 1908 εὐλαβοῦ.

246 1929 410 1973 τοῦτο
451 1925 709 1994 ἀκίνητον
734 1927 1046 1995 ὑπαρχέτω.
1108 1929 1189 1997 ,νὴ
1217 1920 1341 1990 Δί’,
1381 1920 1507 1976 ἀλλ’
1551 1925 1933 1978 ἐπιδείκνυται
1961 1923 2151 1989 δεξιοῦ
2184 1942 2339 1987 τινος

169 2023 217 2065 20
254 2007 526 2069 εὑ’νοιαν;’
578 2011 772 2061 οὐκοῦν
820 2009 1102 2076 ἀποδέχου
1151 2018 1374 2074 τοῦτον,
1440 2016 1561 2072 τοῖς
1608 2012 1774 2073 θεοῖς
1822 2009 1988 2072 εἰδὼς
2033 2012 2224 2079 χάριν,
2288 2011 2339 2060 εἰ

246 2091 439 2159 βούλει
478 2092 565 2157 δέ,
603 2096 861 2162 κάκείνῳ·
912 2098 1056 2163 πρὸς
1105 2094 1163 2146 δὲ
1213 2098 1276 2146 τὸ
1315 2093 1518 2161 μέλλον
1569 2093 1967 2165 φυλάττεσθαι
2010 2097 2111 2164 χρὴ
2155 2095 2336 2145 αὑτόν.

247 2177 278 2226 ὃ
314 2180 416 2247 γάρ
456 2196 543 2240 τις
580 2181 679 2230 ἐπὶ
727 2188 825 2251 τῆς
862 2182 1029 2249 τύχης
1077 2180 1232 2244 εἷπε,
1284 2178 1429 2230 πολὺ
1482 2178 1691 2245 μᾶλλον
1741 2182 1807 2231 ἂν
1856 2174 1954 2230 ἐπ’
2010 2181 2338 2249 ἀνθρώπιον

245 2269 410 2313 τοῦτο
449 2265 673 2334 ῥηθείη,
712 2268 775 2315 τὸ
814 2264 1025 2335 μηδένα
1066 2264 1277 2316 εἰδέναι
1305 2267 1436 2334 περὶ
1460 2263 1715 2335 μηδενός,
1756 2266 1806 2315 εἰ
1831 2269 1993 2334 μέχρι
2016 2272 2116 2335 τῆς
2145 2265 2338 2333 αὔριον

246 2344 506 2413 διαμενεῖ
533 2356 806 2412 τοιοῦτος.
869 2351 970 2412 τὰς
1006 2357 1136 2418 γοῦν
1176 2352 1320 2419 πρὸς
1359 2352 1560 2412 αὑτοὺς
1598 2350 2020 2418 παραβαίνουσι
2048 2350 2332 2418 συνθήκας
2352 2352 2420 2401 22

158 2450 207 2491 25
243 2433 338 2483 καὶ
378 2432 850 2500 συμβουλεύουσιν
890 2438 1082 2497 αὑτοῖς
1120 2439 1308 2505 ἕτερα,
1358 2437 1452 2486 καὶ
1490 2433 1631 2485 ἀλλα
1675 2439 1981 2505 συμφέρειν
2020 2429 2340 2499 νομίζοντες

37 2538 229 2582 (403R11)
247 2514 388 2568 ἀλλα
428 2521 788 2588 πράττουσιν.
865 2521 1002 2572 ὅθεν
1040 2524 1173 2572 ὅταν
1210 2539 1298 2583 τις
1336 2523 1395 2571 ἐκ
1431 2527 1534 2571 τοῦ
1571 2522 1860 2571 πιστεύειν
1900 2523 2185 2588 περιπέσῃ
2226 2519 2338 2568 τινὶ

247 2607 358 2652 τῶν
399 2600 697 2668 δυσκόλων,
736 2604 954 2673 γελοῖός
993 2608 1147 2657 ἐστιν
1187 2608 1522 2672 αἰτιώμενος
1561 2607 1786 2668 ἐκεῖνον,
1827 2606 2025 2655 ἑαυτὸν
2066 2602 2208 2666 δέον,
2247 2603 2341 2652 καὶ

247 2686 422 2748 θεοὺς
459 2690 638 2740 ἐνίοτε
665 2692 1070 2757 ἐπιβοώμενος,
1109 2685 1214 2742 ὑπ’
1258 2689 1461 2760 ἀνδρὸς
1487 2691 1812 2760 ἀπατηθεὶς
1841 2687 2009 2760 φίλου
2047 2691 2141 2739 καὶ
2180 2688 2339 2756 συνή-

393 2872 411 2912 1
446 2866 536 2916 οἷἐι
565 2883 649 2926 pro
681 2867 727 2915 οὶ
756 2869 799 2913 Η
908 2867 1152 2925 ἐκφάσθαι
1183 2869 1218 2912 Ρ
1335 2867 1518 2914 πυκνὸν
1547 2867 1595 2910 Μ
1624 2879 1779 2911 versus
1810 2866 1875 2911 sic
1904 2867 2067 2921 legitur
2095 2867 2219 2922 apud
2250 2865 2340 2909 Ho-

244 2952 416 2984 merum
446 2941 529 2987 Od.
551 2941 616 2985 XI
637 2944 744 2985 442:
775 2935 886 3000 μηδ’
918 2939 965 2987 οἳ
991 2943 1151 2998 μῦθον
1180 2933 1371 2987 ἅπαντα
1403 2934 1731 2996 πιφαύσκεμεν
1760 2938 1818 2982 cf.
1842 2938 1923 2982 Od.
1939 2937 1984 2982 X
2005 2940 2086 2981 246
2107 2935 2219 2980 XIII
2237 2939 2336 2981 308.

243 3013 375 3069 Emp.
410 3013 587 3059 confert
615 3013 671 3056 Il.
701 3012 768 3056 XI
798 3015 880 3056 788
1042 3016 1067 3056 5
1097 3009 1253 3057 ἐκεῖνο
1285 3010 1327 3054 Η
1355 3007 1542 3055 ἐκεῖνον
1572 3007 1711 3052 ceteri
1854 3011 1879 3050 6
1911 3003 2010 3076 ἔχιν
2039 3006 2187 3063 Emp.,
2220 3003 2336 3064 ὅφιν

244 3084 351 3128 libri
508 3087 533 3127 8
564 3087 636 3130 δεῖ
661 3096 744 3140 pro
776 3087 827 3142 δη
860 3083 909 3127 Μ
1052 3082 1255 3127 πολλοί.
1274 3083 1345 3141 τῷ
1373 3079 1414 3124 U
1443 3092 1501 3122 m.
1531 3091 1600 3134 pr.
1634 3077 1722 3121 ΒΜ
1751 3079 1924 3124 πολλοί
1940 3112 1951 3124 .
1969 3078 2006 3141 ῴ
2038 3077 2120 3121 ΡΗ
2235 3081 2260 3121 9
2292 3094 2338 3124 τι

245 3155 326 3198 ΡΗ
356 3155 401 3202 εἰ
426 3154 558 3200 UBM
675 3147 829 3207 οὕτως
857 3152 911 3211 δὴ
943 3152 1044 3196 libri
1072 3155 1253 3208 praeter
1281 3150 1333 3194 M
1448 3143 1523 3196 ἀεὶ
1551 3161 1633 3204 pro
1664 3147 1716 3205 δὴ
1747 3148 1798 3193 Μ
1927 3153 1978 3194 10
2008 3149 2120 3193 Eur.
2152 3148 2337 3205 Hippol.

248 3230 330 3271 616
348 3239 412 3281 sq.
532 3230 582 3270 12
613 3222 758 3278 ἄλλος
787 3224 865 3268 ΗΡ
955 3218 982 3269 ὃ
1011 3218 1308 3280 Ἀλέξανδρος
1337 3221 1388 3264 Μ
1478 3224 1530 3264 15
1563 3213 1619 3265 οὗ
1647 3218 1742 3279 γάρ
1773 3219 1822 3262 Μ
1853 3214 1961 3267 οὐδὲ
1989 3217 2084 3280 γὰρ
2115 3220 2253 3263 ceteri

252 3302 301 3341 17
333 3295 385 3355 δὴ
415 3309 499 3353 pro
531 3296 581 3343 δὲ
611 3296 649 3339 Β
769 3299 818 3340 18
849 3308 990 3353 φησιν
1019 3292 1063 3336 Η
1149 3295 1200 3336 21
1231 3288 1322 3350 χρὴ
1353 3304 1440 3335 om.
1470 3290 1574 3334 libri
1601 3294 1781 3346 praeter
1810 3290 1860 3334 M
1947 3294 2000 3334 22
2034 3287 2060 3337 ὃ
2092 3287 2186 3352 γὰρ
2214 3290 2251 3334 Ρ

248 3373 304 3414 24
334 3365 507 3422 αὐτοὺς
534 3367 653 3423 libri,
684 3379 799 3411 corr.
830 3366 963 3421 Emp.
1129 3367 1182 3408 25
1214 3357 1377 3416 αὐτοῖς
1404 3360 1524 3414 libri,
1555 3373 1671 3406 corr.
1704 3361 1835 3418 Emp.
1982 3362 2338 3423 συμβουλέβου-

249 3458 323 3488 σιν
352 3441 388 3484 Ρ
503 3452 586 3495 pro
616 3435 757 3498 ἕτερα
786 3437 936 3481 malim
963 3433 1166 3495 ἄκαιρα;
1197 3433 1347 3479 omnia
1375 3445 1502 3488 sana,
1533 3432 1572 3475 si
1591 3430 1642 3474 M
1662 3444 1917 3488 sequamur,
1948 3436 2102 3478 censet
2131 3433 2238 3477 Wil.

245 3515 326 3559 καὶ
356 3508 478 3559 ἄλλα
507 3510 601 3564 ΡΗ,
631 3508 751 3557 ἄλλα
782 3522 868 3553 om.
900 3507 962 3561 M,
994 3501 1024 3553 ἃ
1052 3508 1133 3552 καὶ
1164 3507 1266 3560 (om.
1297 3501 1434 3558 ἀλλα)
1463 3502 1544 3548 UB
1638 3505 1692 3546 26
1721 3502 1953 3563 περιπέσῃ
1982 3506 2072 3549 τινὶ
2102 3505 2202 3550 τῶν
2231 3507 2336 3549 δυσ-

244 3580 405 3629 κόλων
441 3582 521 3625 ΡΗ
564 3581 794 3639 περιπέσῃ
831 3581 931 3626 τῶν
967 3573 1210 3624 δυσκόλων
1248 3578 1352 3630 (om.
1384 3577 1490 3629 τινὶ)
1519 3574 1568 3617 Μ
1599 3573 1846 3634 περιπέσηι
1887 3591 1973 3621 τωι
2012 3571 2247 3621 δυσκόλωι
2279 3574 2336 3626 U,

244 3654 352 3699 item
382 3655 420 3699 B
449 3654 536 3698 nisi
565 3653 684 3710 quod
714 3655 796 3714 τῷ.
933 3654 984 3694 27
1016 3647 1202 3695 ἐκεῖνον
1232 3645 1403 3693 ἑαυτὸν
1432 3645 1541 3692 δέον
1570 3644 1620 3688 Μ
1648 3643 1835 3691 ἐκεῖνον
1864 3642 2041 3692 ἑαυτὸν
2069 3645 2119 3692 δὲ
2150 3646 2186 3689 Β
2216 3643 2336 3692 ἐκεῖ·

247 3719 337 3771 νον’
363 3721 449 3784 οὐχ
480 3721 651 3772 ἑαυτὸν
681 3725 729 3771 δὲ
759 3722 865 3782 (οὐχ
896 3734 923 3766 a
954 3731 1069 3765 corr.
1102 3719 1179 3775 qui
1209 3719 1257 3765 δὲ
1287 3717 1517 3775 expunxit)
1548 3716 1589 3761 U
1618 3714 1805 3762 ἐκεῖνον
1835 3710 1920 3775 οὐχ
1953 3714 2125 3763 ἑαυτὸν
2154 3715 2235 3760 ΡΗ
