2684 4140
1047 275 1272 323 ORATIO
1302 275 1469 322 XXIII.
2204 275 2306 326 273

216 422 359 486 ἔχειν
380 422 636 491 χρῆσθαι
659 422 752 472 καὶ
779 424 991 489 ἑτέροις
1018 426 1334 489 παραινεῖν,
1375 419 1515 472 ἀλλὰ
1541 423 1613 492 μὴ
1643 423 1855 491 τρόπον
1881 421 2006 473 τινὰ
2033 418 2304 493 ἐξαίφνης

220 502 544 575 ληφθέντας
570 507 957 575 ταράττεσθαι
981 507 1074 557 καὶ
1102 502 1549 572 αὐτοσχεδιάζειν
1576 508 1708 576 περὶ
1735 505 1810 557 ὧν
1839 507 1934 556 οὐκ
1972 505 2178 558 ἴσασιν.
2246 509 2302 557 οἱ
2339 514 2371 562 5

217 592 318 655 μὲν
355 591 457 659 γὰρ
497 592 744 660 ῥήτορες,
785 593 917 641 ὅταν
957 588 1051 659 δέῃ
1095 595 1327 642 σκοπεῖν
1367 593 1503 661 περί
1538 607 1708 655 τινος,
1751 589 1909 643 οὐδὲν
1942 589 2155 653 εἰδότες
2192 597 2303 643 τῶν

219 671 403 724 ἄλλων
442 671 616 725 πλέον
657 673 782 725 οὐδὲ
822 677 1153 741 ἐσκεμμένοι
1191 679 1484 746 πρότερον,
1527 677 1640 741 ἅμα
1667 693 1727 726 τε
1755 677 1915 727 αὐτοὶ
1939 674 2305 743 βουλεύονται

157 768 182 808 5
219 761 432 826 τρόπον
470 759 595 808 τινὰ
632 760 726 809 καὶ
766 758 1238 826 συμβουλεύουσιν
1276 764 1506 829 ἑτέροις.
1598 762 1654 811 οἱ
1707 758 2024 831 φιλόσοφοι
2074 759 2132 812 δὲ
2173 763 2306 833 περὶ

214 846 325 892 τῶν
375 840 635 911 πράξεων
685 842 997 913 προοίδασι
1044 847 1139 896 καὶ
1187 843 1368 895 πάλαι
1426 842 1854 912 βεβουλευμένοι
1913 848 2302 913 τυγχάνουσιν·

45 938 123 979 (276
144 927 362 980 Μ)ὥστε
397 928 477 977 ἄν
525 945 612 988 τις
662 929 862 990 αὐτούς
910 927 1209 1000 παρακαλῇ
1271 927 1617 996 συμβούλους
1674 937 1784 982 τῶν
1842 928 2064 982 πόλεων
2109 932 2141 1000 ἢ
2192 937 2304 982 τῶν

211 1012 397 1062 ἐθνῶν
443 1013 476 1081 ἢ
526 1018 637 1063 τῶν
684 1011 992 1079 βασιλέων,
1042 1019 1292 1083 κρεῖττον
1331 1013 1522 1078 ἕξουσι
1557 1018 1651 1067 καὶ
1688 1013 2111 1086 ἀσφαλέστερον
2159 1017 2303 1066 ἀπο-

214 1097 531 1165 φαίνεσθαι
559 1098 620 1146 ού
648 1099 711 1147 τὸ
738 1099 904 1149 ἐπιὸν
932 1100 1140 1163 αὐτοῖς,
1183 1097 1308 1150 οὐδὲ
1336 1107 1429 1151 νῦν
1455 1102 1557 1165 μὲν
1585 1107 1776 1164 ταῦτα,
1816 1097 1990 1150 πάλιν
2018 1097 2077 1150 δὲ
2105 1102 2303 1151 τάναν-

13 1176 180 1264 §ffisslo
214 1182 325 1244 τία,
367 1176 445 1231 δι’
489 1183 653 1252 ὀργὴν
691 1184 722 1252 ἢ
767 1181 1085 1252 φιλονικίαν
1123 1186 1154 1254 ἢ
1189 1186 1439 1254 χρήμασι
1474 1183 1792 1254 πληγέντες,
1836 1186 2027 1254 ὥσπερ
2055 1187 2154 1236 ἐπὶ
2178 1203 2303 1254 τρυ-

209 1268 407 1335 τάνης,
457 1267 567 1336 ἔφη
618 1284 705 1328 τις
758 1266 919 1333 οἶμαι
967 1274 1078 1319 τῶν
1127 1271 1380 1338 ῥητόρων
1421 1270 1629 1333 αὐτῶν,
1679 1269 1820 1319 κατὰ
1870 1270 1933 1318 τὸ
1987 1267 2174 1339 λῆμμα
2214 1271 2303 1321 ἀεὶ

209 1353 493 1419 ῥέποντες.
556 1348 694 1418 λέγω
724 1350 782 1402 δὲ
813 1353 874 1402 ού
900 1356 1093 1420 ψέγων
1121 1355 1422 1423 ῥητορικὴν
1452 1351 1578 1403 οὐδὲ
1606 1356 1848 1424 ῥήτορας
1873 1355 2003 1414 τοὺς
2030 1355 2301 1420 ἀγαθούς,

210 1433 350 1486 ἀλλὰ
388 1438 519 1498 τούς
560 1434 810 1507 φαύλους
846 1439 940 1489 καὶ
977 1439 1108 1499 τούς
1148 1442 1682 1506 προσποιουμένους
1720 1439 1782 1488 τὸ
1824 1442 2064 1506 πρᾶγμα.

531 1787 649 1854 (73)
698 1784 874 1852 ΟΤΙ
929 1785 1485 1853 ΕΥΔΑΙΜΩΝ
1534 1787 1593 1854 O
1642 1785 1985 1853 ΣΟΦΟΣ.

1161 1932 1329 1940 ——-

345 2030 414 2079 A.
452 2030 706 2097 Πότερον
747 2027 908 2081 δοκεῖ
939 2043 1031 2081 σοι
1081 2029 1228 2082 εἶναι
1279 2031 1593 2095 ἄνθρωπος
1643 2028 1950 2096 εὐδαίμων,
2004 2032 2054 2082 εἰ
2106 2028 2164 2081 δὲ
2202 2032 2295 2101 μή,
2340 2036 2364 2084 1

116 2121 165 2164 15
201 2118 486 2181 γεγονέναι
521 2115 552 2183 ἢ
594 2115 859 2178 ἔσεσθαι,
898 2116 929 2184 ἢ
970 2113 1245 2166 ἀδύνατον
1283 2119 1386 2185 ἡγῇ
1423 2117 1486 2166 τὸ
1514 2121 1771 2166 τοιοῦτον
1809 2116 1943 2184 περὶ
1968 2116 2299 2184 ἀνθρώπου,

209 2201 400 2268 ὥσπερ
440 2199 499 2251 εἴ
529 2216 616 2260 τις
654 2200 945 2251 ἀθάνατον
984 2201 1298 2269 ἄνθρωπον
1340 2198 1491 2267 λέγοι
1539 2199 1718 2262 εἷναι,·
1758 2199 1896 2261 ἴσως
1943 2201 2048 2269 γάρ
2098 2201 2164 2250 ἂν
2203 2202 2300 2270 τὴν

209 2285 377 2355 αὐτὴν
415 2286 565 2350 ἔχοις
604 2282 772 2347 δόξαν
804 2277 1021 2355 Ὁμήρῳ
1051 2287 1145 2336 καὶ
1171 2283 1365 2347 ἄλλοις
1395 2289 1616 2351 συχνοῖς
1642 2291 1753 2336 τῶν
1792 2291 2062 2354 ποιητῶν.
2092 2311 2160 2320 -
2186 2285 2302 2336 Καὶ

205 2376 324 2420 ποῦ
358 2371 746 2440 ἀποφαίνεται
784 2372 916 2440 περὶ
953 2372 1153 2421 τούτου
1167 2364 1448 2441 Ὅμηρος,·
1486 2397 1555 2405 —-
1580 2372 1648 2421 Δ.
1666 2364 1847 2421 Ὅπου
1888 2371 2165 2439 πεποίηκε
2203 2371 2300 2421 τὸν

204 2456 319 2506 Δία
361 2452 588 2522 λέγοντα
629 2456 825 2519 αὐτόν,
877 2456 972 2506 οὐκ
1025 2453 1195 2507 ἄλλον
1245 2457 1371 2507 τινὰ
1422 2461 1533 2506 τῶν
1572 2456 1752 2519 θεῶν,
1809 2457 1885 2516 ὡς
1926 2452 2084 2506 οὐδέν
2123 2468 2298 2525 φησιν

115 2546 163 2588 20
206 2536 555 2610 ὀιζυρότερον
595 2539 743 2591 εἶναι
780 2538 987 2610 ἀνδρὸς
1025 2542 1292 2593 ἁπάντων
1331 2547 1441 2592 τῶν
1486 2538 1658 2608 ζῴων,

545 2628 688 2676 ὅσσα
728 2643 788 2677 τε
825 2629 991 2693 γαῖαν
1029 2627 1130 2677 ἔπι
1169 2628 1354 2678 πνείει
1392 2644 1452 2677 τε
1489 2627 1584 2677 καὶ
1621 2628 1799 2695 ἕρπει.

14 2731 17 2750 ι
207 2710 268 2759 ού
319 2707 476 2761 δοκεῖ
520 2724 612 2761 σοι
660 2712 758 2781 τὴν
816 2707 965 2773 ὀϊζύν
1016 2713 1274 2781 ἄντικρυς
1311 2709 1749 2776 κακοδαιμονίαν
1798 2710 1923 2760 τινὰ
1977 2706 2183 2775 λέγειν,·
2231 2734 2299 2741 -

3 2732 7 2842 ⁴
191 2787 428 2862 Ἔμοιγε.
457 2823 526 2830 -
551 2797 618 2846 Δ.
662 2789 870 2865 Έτερος
898 2794 956 2847 δὲ
983 2799 1226 2866 ποιητὴς
1264 2798 1360 2847 οὐκ
1398 2794 1517 2863 ἰδίᾳ
1546 2797 1737 2857 οὕτως,
1777 2791 1917 2843 ἀλλὰ
1954 2799 2113 2861 κοινῇ
2151 2793 2295 2860 πρὸς
2333 2795 2364 2843 2

205 2881 453 2950 θέατρον
494 2877 903 2948 ἀγωνιζόμενος
942 2883 1268 2950 εἰσηγεῖται,

124 2970 172 3012 25
546 2968 642 3016 τὸν
683 2968 862 3035 φύντα
901 2967 1135 3035 θρηνεῖν
1174 2967 1255 3025 εἰς
1294 2958 1384 3015 ὅσ)
1428 2966 1648 3032 ἔρχεται
1682 2963 1848 3022 κακά,

543 3052 638 3100 τὸν
680 3043 735 3099 δ’
781 3051 853 3100 αὖ
885 3051 1138 3100 θανόντα
1176 3051 1270 3099 καὶ
1308 3050 1498 3098 πόνων
1537 3047 1900 3109 πεπαυμένον

13 2353 18 2715 ω-Μμ-...ῥΑ-ψ-μ--ψ-ω-
12 2145 17 2346 -η-Αψ-Ανκ-νν-
12 1945 16 2136 --ΫἿὟῌ
12 1802 19 1932 ware—„⁴⁴

349 3228 369 3267 1
403 3222 635 3283 ἐφαίφνης
662 3227 728 3279 (αι
757 3238 786 3270 a
815 3227 950 3277 corr.)
981 3225 1022 3270 U
1137 3228 1162 3268 2
1194 3221 1378 3270 εἷ’σασιν
1399 3223 1449 3267 Μ
1565 3226 1590 3266 6
1621 3216 1917 3280 τυγχάνωσιν
1945 3220 1995 3263 Μ
2110 3223 2134 3264 8
2164 3222 2294 3278 κρίτ-

204 3311 291 3342 τον
319 3294 370 3337 Μ
486 3299 538 3339 10
567 3295 864 3352 φιλονεικίαν
892 3294 973 3339 UB
1105 3290 1313 3355 χρήμασι
1342 3292 1598 3352 πληγέντες
1628 3291 1686 3336 cf.
1717 3292 1837 3336 Plut.
1870 3290 1996 3334 Dem.
2028 3303 2066 3335 c.
2097 3294 2150 3335 25
2182 3294 2295 3350 πλη-

203 3368 300 3424 γεὶς
328 3360 422 3411 ὑπὸ
455 3368 536 3423 τῆς
566 3366 858 3424 δωροδοκίας
888 3364 1101 3419 (Geelius)
1231 3369 1276 3408 11
1311 3360 1399 3423 ἔφη
1429 3379 1520 3417 τιςε
1553 3362 1647 3407 scil.
1680 3361 2009 3407 Demosthenes
2039 3361 2094 3406 de
2127 3374 2295 3407 corona

204 3437 230 3491 ξ
254 3439 336 3480 298
370 3430 471 3482 οὐδ’
507 3427 600 3481 ὅσα
632 3433 1018 3495 συμβεβούλευκα
1049 3435 1248 3481 πώποτε
1277 3434 1505 3489 τουτοισί,
1537 3428 1722 3490 ὁμοίως
1749 3427 1860 3489 ὑμῖν
1890 3423 2055 3493 ὥσπερ
2085 3428 2145 3479 ἄν
2175 3428 2215 3478 εἰ
2244 3429 2297 3478 ἐν

205 3503 408 3568 τρυτάνῃ
440 3505 602 3566 ῥέπων
629 3504 708 3552 ἐπὶ
738 3504 795 3552 τὸ
828 3508 985 3564 λῆμμα
1017 3505 1404 3566 συμβεβούλευκα
1434 3510 1519 3549 etc.
1605 3506 1729 3563 λῆμα
1759 3504 1808 3547 Μ
1898 3507 1948 3547 15
1979 3498 2036 3548 τὸ
2069 3515 2154 3546 om.
2186 3502 2225 3546 B

208 3583 257 3622 17
281 3574 382 3638 ἔχοι
399 3578 545 3631 UBM,
568 3573 695 3636 ἔχοις
710 3578 748 3621 Τ
839 3580 890 3622 18
912 3580 1020 3637 περὶ
1040 3571 1343 3636 τοῦὉμήρου
1360 3577 1397 3619 Β
1485 3579 1536 3619 21
1561 3569 1638 3621 ἔπι
1658 3575 1806 3621 πνείει
1821 3574 1949 3619 Hom.
1966 3573 2015 3617 11.
2031 3571 2176 3629 XVII,
2197 3575 2297 3627 447,

206 3647 435 3696 ἐπιπνείει
465 3649 557 3695 UM
585 3648 795 3696 ἐπιπνέει
825 3649 863 3692 Β
952 3652 1004 3693 23
1037 3646 1158 3694 ἰδίαν
1187 3647 1252 3691 Μ.
1299 3646 1368 3692 cf.
1389 3646 1505 3691 Eur.
1529 3645 1821 3703 CresphontiS
1840 3643 1923 3700 frg.
1944 3646 2027 3688 452
2047 3641 2210 3687 Nauck

208 3723 261 3764 25
294 3713 387 3767 ὅσα
416 3723 549 3768 UBM

16 3783 19 3832 1
293 3797 389 3834 DIO.
418 3798 467 3835 11.
1905 3787 1954 3829 18
