2684 4140
403 257 432 304 3
442 259 506 304 22
1235 252 1553 298 APPENDIX
1581 253 1664 298 III.

403 400 781 469 διαφαίνεται.
847 398 878 446 ὁ
907 394 965 447 δὲ
1007 391 1085 447 ιε’
1126 399 1273 467 πρὸς
1302 390 1688 467 Ἀλεξανδρεῖς
1724 400 1826 463 μὲν
1853 400 2282 470 ἐπιγέγραπται,
2324 401 2498 473 δήμου

403 482 460 534 δὲ
491 484 662 552 φύσιν
691 482 1072 532 ἀναπτύσσων
1099 483 1307 551 ταύτης
1331 486 1686 551 κατατρέχει·
1726 484 1820 534 καὶ
1846 486 1934 534 ὅτι
1969 486 2042 555 μὴ
2078 488 2180 557 χρὴ
2223 489 2318 537 τὸν
2349 480 2499 539 Ἀλε-

401 563 679 635 ξανδρέων
719 563 911 635 δῆμον,
953 563 1072 616 ἴδια
1111 563 1297 616 πολλὰ
1324 567 1393 617 τὰ
1422 569 1572 636 πρὸς
1600 568 1800 639 ἀρετὴν
1826 567 2259 639 παρακαλοῦντα
2287 572 2499 638 ἔχοντα,

399 659 497 721 τῆς
534 652 593 701 ἐν
630 648 709 717 τῷ
747 647 922 717 κοινῷ
972 647 1437 721 ἐπιπολαζούσης
1484 660 1729 724 ταραχῆς
1776 655 1871 705 καὶ
1919 652 2154 718 ἀταξίας
2201 658 2295 707 καὶ
2333 658 2500 709 αὐτὸν

335 746 360 786 5
398 735 545 787 εἶναι
594 733 986 805 ἀνδράποδον,
1046 733 1296 802 μάλιστα
1349 735 1408 788 δὲ
1466 736 2028 808 παραφυλάττεσθαι
2075 742 2138 790 τὸ
2198 742 2498 812 ἁμάρτημα

395 821 536 871 κατὰ
575 821 676 882 τὰς
717 818 1043 890 δημοτελεῖς
1082 824 1423 892 πανηγύρεις
1458 824 1553 874 καὶ
1589 823 1658 873 τὰ
1685 824 1921 892 θέατρα.
1992 827 2264 893 Ταρσικοὶ
2300 824 2358 876 δὲ
2401 825 2498 877 δύο

397 904 601 977 ἐφεξῆς
639 907 964 977 ἐπιγραφῆς
1002 908 1222 972 ἔτυχον,
1274 907 1350 959 ὧν
1391 909 1421 958 ό
1458 910 1559 974 μὲν
1600 904 1661 958 α’
1703 910 1938 959 ἔπαινόν
1977 926 2102 959 τινα
2141 917 2239 979 τῆς
2277 909 2499 973 πόλεως

396 995 707 1061 ἐπιτρέχων
758 992 854 1042 οὐκ
902 990 1240 1059 εὐδαίμονας
1286 995 1502 1055 ἐκείνας
1550 995 1869 1064 ἀποφαίνει
1918 999 2029 1044 τῶν
2069 992 2319 1058 πόλεων,
2369 998 2501 1047 ὅσαι

395 1078 599 1147 κρήνας
646 1078 740 1128 καὶ
788 1079 1083 1144 ποταμούς
1129 1080 1223 1129 καὶ
1270 1072 1444 1148 κάλλη
1513 1085 1693 1130 στοῶν
1741 1080 1836 1130 καὶ
1894 1077 2360 1149 οἰκοδομημάτων
2408 1083 2501 1132 καὶ

314 1171 359 1212 10
395 1168 628 1231 καρπῶν
656 1163 950 1232 ἀφθονίαν
975 1165 1069 1214 καὶ
1094 1164 1163 1213 τὰ
1192 1161 1570 1234 παραπλήσια
1599 1161 2040 1234 προβάλλονται,
2081 1156 2204 1214 ἀλλ’
2248 1166 2305 1216 ἐν
2338 1168 2500 1226 ὅσαις

400 1245 561 1310 τάξις
597 1249 691 1298 καὶ
730 1248 895 1318 ἀρετὴ
937 1254 1048 1299 τῶν
1087 1246 1543 1315 πολιτευομένων
1585 1247 1978 1302 διαδείκνυται.
2067 1248 2230 1312 οὗτος
2269 1253 2299 1301 ὁ
2339 1249 2500 1319 λόγος

396 1334 490 1383 καὶ
529 1330 853 1401 παράλογόν
892 1351 949 1384 τι
985 1335 1079 1384 καὶ
1115 1335 1459 1404 ἐφύβριστον
1487 1336 1627 1396 ἔθος
1653 1336 1793 1386 κατὰ
1824 1342 2015 1406 φωνῆς
2055 1336 2338 1405 ἀπήχησιν
2379 1342 2500 1397 τοῖς

391 1409 819 1487 Ἀλεξανδρεῦσι
845 1422 1234 1488 πραττόμενον
1263 1421 1532 1481 εὐθύναις
1551 1422 1774 1488 ὑπάγει,
1803 1427 2098 1488 παραινῶν
2131 1422 2499 1486 ἀποσχέσθαι

398 1505 529 1564 τούς
562 1507 884 1571 χρωμένους
921 1505 953 1574 ἢ
993 1502 1204 1570 μᾶλλον
1244 1506 1426 1557 αὐτῶν
1455 1503 1907 1576 πληκτικώτερον
1944 1507 2401 1572 καθαπτόμενος.
2469 1510 2499 1557 ὁ

313 1596 362 1638 15
404 1587 462 1639 δὲ
506 1586 764 1658 δεύτερος
802 1595 1081 1658 παραινεῖ
1108 1592 1182 1660 μὴ
1228 1597 1652 1661 συκοφαντικῶς
1702 1594 1847 1661 πρὸς
1897 1594 2027 1653 τούς
2066 1594 2338 1662 ἄρχοντας
2379 1590 2497 1643 δια-

399 1674 652 1737 κεῖσθαι,
692 1667 828 1743 μηδ’
871 1676 971 1725 ἐπὶ
1007 1680 1130 1736 τοῖς
1172 1676 1408 1744 βραχέσι
1445 1682 1556 1727 τῶν
1584 1674 2073 1746 παραλυπούντων
2102 1678 2274 1738 εὐθὺς
2313 1679 2497 1746 ἀνερε-

398 1755 678 1821 θίζεσθαι
704 1761 798 1810 καὶ
824 1760 1209 1811 ἐπαιτιᾶσθαι
1234 1763 1483 1822 τούτους.
1553 1763 1583 1811 ὁ
1622 1758 1680 1811 δὲ
1712 1759 1803 1831 ιη’,
1844 1761 1906 1822 ὃς
1947 1762 2042 1812 οὐκ
2067 1764 2497 1829 ἐπιγέγραπται,

397 1848 454 1894 ἐν
482 1842 790 1906 Κελαιναῖς
828 1846 1042 1915 ἐρρήθη
1084 1853 1183 1916 τῆς
1214 1847 1478 1915 Φρυγίας.
1549 1844 1923 1914 διαλαμβάνει
1963 1844 2021 1897 δὲ
2061 1848 2138 1908 ὡς
2178 1847 2273 1896 οὐκ
2300 1847 2499 1916 ἀρετῆς

398 1931 481 2001 εἴη
539 1935 770 2001 σημεῖον
819 1933 882 1981 τὸ
931 1937 1132 1996 κομᾶν,
1187 1932 1380 2001 ὥσπερ
1433 1925 1554 1982 οὐδ’
1599 1929 1736 1982 ἄλλο
1785 1949 1842 1983 τι
1890 1938 2000 1982 τῶν
2052 1934 2348 2001 σχημάτων
2387 1938 2497 1982 τῶν

312 2025 357 2064 20
398 2019 531 2087 περὶ
567 2019 630 2068 τὸ
685 2023 873 2083 σῶμα,
924 2018 1116 2086 ὥσπερ
1169 2015 1296 2068 οὐδὲ
1335 2020 1550 2069 τούτων
1599 2019 1668 2068 τά
1718 2019 1973 2069 ἐναντία·
2025 2014 2391 2068 διαπλέκεται
2441 2010 2493 2066 δ’

398 2101 548 2169 αὐτῷ
584 2104 678 2153 καὶ
724 2110 822 2173 τῆς
874 2099 1098 2164 πόλεως
1147 2103 1399 2164 ἔπαινος.
1487 2105 1583 2154 τὸν
1635 2101 1693 2153 δὲ
1736 2101 1829 2153 ιθ’
1879 2105 2078 2172 μηνύει
2124 2107 2156 2172 ἠ
2208 2103 2494 2171 ἐπιγραφὴ

396 2187 647 2257 ῥηθῆναι
684 2188 785 2252 μὲν
824 2188 882 2237 ἐν
920 2185 998 2254 τῷ
1041 2188 1411 2256 Βορυσθένει,
1453 2188 1891 2258 ἀναγνωσθῆναι
1931 2185 1988 2238 δὲ
2028 2189 2086 2238 ἐν
2125 2194 2193 2256 τῇ
2232 2185 2496 2252 πατρίδι·

397 2275 453 2323 ἐν
495 2264 539 2339 ᾦ
578 2269 719 2322 ἄλλα
758 2289 820 2323 τε
861 2269 1064 2322 δίεισιν
1094 2273 1125 2322 ὁ
1153 2274 1502 2341 συγγραφεύς
1527 2274 1621 2323 καὶ
1644 2274 1785 2323 κατὰ
1814 2275 1910 2324 τὸν
1936 2271 2304 2324 Πλατωνικὸν
2334 2287 2493 2323 συνο-
2518 2278 2553 2316 (ὃ
2568 2277 2616 2316 R)

395 2355 636 2425 μολογεῖ
666 2353 827 2427 ζῆλον
879 2358 1015 2427 περί
1062 2374 1122 2408 τε
1170 2364 1274 2407 τοῦ
1311 2355 1654 2427 δημιουργοῦ
1699 2365 1809 2409 τῶν
1859 2356 2003 2409 ὅλων
2042 2362 2164 2420 τοῖς
2202 2357 2494 2427 Βορυσθε-

310 2450 358 2491 25
396 2444 579 2503 νίταις
619 2439 937 2506 διειλέχθαι
974 2449 1073 2512 τῆς
1110 2459 1170 2492 τε
1207 2448 1310 2492 τοῦ
1346 2445 1561 2504 παντὸς
1612 2441 2038 2513 διακοσμήσεως
2085 2445 2179 2494 καὶ
2225 2445 2496 2513 κινήσεως

396 2530 489 2579 καὶ
536 2534 647 2578 τῶν
698 2529 755 2578 ἐν
807 2526 955 2594 αὐτῷ
1009 2529 1315 2592 στοιχείων.
1404 2529 1590 2593 ἔχεται
1641 2527 1703 2580 δέ
1756 2546 1910 2590 τινος
1962 2526 2359 2598 λαμπρότητος
2404 2531 2497 2580 καὶ

401 2616 742 2683 σεμνότητος
782 2611 947 2674 οὗτος
983 2614 1126 2681 ὑπὲρ
1166 2615 1297 2675 τούς
1335 2611 1539 2675 ἄλλους
1578 2615 1608 2664 0‘
1647 2612 1824 2682 λόγος.
1899 2616 1992 2666 καὶ
2039 2616 2070 2664 0‘
2107 2615 2496 2684 Κορινθιακὸς

399 2697 474 2762 δέ,
512 2697 565 2749 κ’
597 2701 687 2759 ὤν,
715 2701 772 2749 ἐν
798 2699 1070 2766 Κορίνθῳ
1099 2700 1199 2764 μὲν
1221 2700 1454 2769 ἐρρήθη,
1482 2701 1813 2769 ἐπιτίμησιν
1843 2691 1896 2750 δ’
1931 2701 2111 2751 αὐτῶν
2140 2697 2495 2767 διαπεραίνει

397 2776 535 2833 ἀνθ’
591 2782 666 2834 ὧν
717 2785 891 2835 εἰκόνι
937 2785 1006 2834 τὰ
1057 2790 1257 2853 πρῶτα
1310 2786 1648 2855 τιμήσαντες
1700 2786 1867 2835 αὐτὸν
1917 2787 2150 2855 ὕστερον
2200 2782 2494 2853 ἀποδημή-

310 2874 359 2916 30
399 2881 600 2930 σαντος
649 2871 707 2919 ἐκ
758 2867 1026 2940 διαβολῆς
1076 2870 1139 2919 οὐ
1193 2868 1415 2932 δικαίας
1464 2868 1818 2939 περιείλοντο
1868 2872 1931 2920 τὸ
1970 2874 2150 2939 γέρας.
2238 2871 2395 2937 ἐγγύς
2435 2863 2489 2919 δ’

397 2956 518 3005 ἐστὶ
555 2961 658 3005 τοῦ
674 2948 965 3006 Ῥοδιακοῦ
997 2955 1138 3005 κατὰ
1178 2957 1276 3026 τὴν
1315 2957 1373 3006 ἐν
1414 2953 1602 3023 λόγοις
1629 2958 1820 3025 ῥώμην
1857 2957 1952 3006 καὶ
1989 2957 2189 3025 ἀρετὴν
2230 2952 2420 3014 οὗτος·
2460 2957 2490 3023 ἡ

399 3037 457 3090 δὲ
496 3046 599 3090 τοῦ
635 3041 756 3091 οἷον
794 3042 1104 3111 προοιμίου
1146 3043 1471 3111 παράτασις
1507 3043 1817 3104 κάνταῦθα,
1860 3043 1936 3102 ὡς
1973 3043 2067 3091 καὶ
2104 3040 2259 3108 παρὰ
2297 3041 2494 3105 μικρὸν

399 3132 712 3190 πανταχοῦ,
763 3133 861 3197 τῆς
900 3128 1100 3197 ἀρετῆς
1153 3127 1214 3177 οὐ
1252 3131 1486 3192 μετέχει.
1577 3133 1680 3177 τοῦ
1716 3124 1774 3177 δὲ
1812 3122 1907 3177 κα’
1946 3130 1978 3194 ἡ
2029 3127 2315 3195 ἐπιγραφὴ
2366 3125 2496 3192 περὶ

398 3215 495 3279 τῆς
534 3212 679 3278 πρὸς
705 3214 940 3273 Νικαεῖς
968 3213 1237 3278 ὁμονοίας
1263 3218 1373 3263 τῶν
1400 3209 1771 3281 Νικομηδέων
1797 3213 1946 3262 ἐστί·
1984 3213 2078 3262 καὶ
2103 3217 2301 3260 τοῦτον
2326 3211 2494 3275 ὑπέρ-

312 3302 359 3342 35
394 3311 555 3358 χεται
592 3297 688 3346 τὸν
728 3298 914 3363 ἀγῶνα
955 3299 986 3347 o‘
1026 3295 1188 3365 λόγος
1229 3299 1499 3366 εὐκαίρως
1550 3296 1643 3348 διὰ
1694 3305 1792 3367 τῆς
1841 3295 2045 3367 ἡδονῆς
2094 3298 2493 3364 προενηνεγμέ-

397 3391 520 3440 νος·
565 3378 778 3445 μᾶλλον
827 3383 930 3451 γὰρ
973 3384 1117 3433 οὕτω
1157 3387 1283 3445 ταῖς
1323 3387 1532 3450 ψυχαῖς
1570 3385 1633 3433 τὸ
1687 3383 1942 3433 πιθανὸν
1992 3378 2185 3431 ἐθέλει
2225 3376 2492 3430 διαδύειν.

396 3466 492 3514 τὸν
534 3461 592 3514 δὲ
632 3460 693 3531 β’
733 3467 828 3516 καὶ
863 3464 918 3515 κ’
961 3469 1019 3518 ἐν
1045 3469 1260 3536 Νικαίᾳ
1299 3468 1573 3538 εἰρῆσθαι
1611 3471 1642 3534 ἡ
1681 3468 1971 3536 ἐπιγραφὴ
2003 3463 2173 3536 δηλοῖ
2190 3465 2323 3532 περὶ
2361 3464 2491 3527 ὄμο-

397 3550 572 3613 νοίας,
612 3554 978 3621 πεπαυμένης
1004 3559 1102 3622 τῆς
1132 3555 1411 3615 στάσεως·
1453 3554 1587 3604 αὐτὸ
1617 3551 1676 3603 δὲ
1704 3559 1869 3603 τοῦτο
1899 3549 2229 3619 διατίθησιν
2269 3549 2300 3598 ὁ
2336 3549 2492 3617 ἀνήρ,

397 3635 633 3685 ἔπαινον
670 3641 774 3685 τοῦ
807 3640 1112 3703 γεγονότος.
1180 3640 1210 3687 o‘
1239 3637 1296 3688 δὲ
1334 3637 1423 3706 κγ’
1462 3639 1594 3708 περὶ
1620 3645 1718 3708 τῆς
1745 3639 1890 3706 πρὸς
1910 3631 2186 3701 Ἀπαμεῖς
2226 3633 2494 3699 ὁμονοίας

309 3726 359 3767 40
397 3718 618 3790 εἴρηται
657 3721 714 3771 ἐν
754 3727 822 3790 τῇ
861 3720 1124 3790 πατρίδι·
1167 3724 1300 3774 αὐτὸ
1331 3721 1389 3774 δὲ
1421 3721 1831 3793 διαπράττεται
1855 3727 2038 3772 τοῦτο.
2102 3721 2195 3771 καὶ
2234 3721 2264 3770 ὁ
2289 3715 2494 3787 ἐφεξῆς
