2684 4140
1066 256 1433 303 PRAEFATIO.
2224 258 2313 302 VII

357 405 508 459 Haec
555 403 733 458 omnia
781 419 849 457 ex
887 402 1061 456 Dione
1108 405 1322 470 sumpta
1368 415 1485 455 esse
1533 400 1734 455 evincit
1781 401 2076 456 sententiae
2114 400 2239 456 inde
2277 419 2312 456 a

212 489 430 543 nomine
467 489 582 542 eius
624 487 833 555 prolato
871 486 1206 541 continuitas.
1281 486 1458 554 Atque
1505 501 1569 540 eo
1608 485 1743 540 haec
1782 486 2087 540 coniectura
2124 485 2308 540 confir-

208 578 397 641 matur,
438 571 581 641 quod
620 571 710 625 hic
748 570 1114 625 sacerdotibus
1159 572 1285 641 „qui
1326 571 1403 640 pii
1445 568 1806 625 vocabantur“
1845 571 2070 639 periculi
2107 572 2308 639 repulsi

211 659 456 711 meritum
493 656 756 721 tribuitur,
802 656 857 708 in
893 655 1080 722 fragm.
1108 655 1135 708 I
1173 655 1549 709 Tarabostesei
1588 661 1963 722 memorantur,
2004 656 2094 723 qui
2120 661 2311 724 postea

216 742 558 794 Pilleatorum
598 754 792 792 nomen
829 740 1150 806 acceperint,
1191 756 1295 807 „ex
1333 740 1524 807 quibus
1559 740 1638 793 eis
1665 745 1716 793 et
1740 756 1896 808 reges
1923 744 1977 794 et
2004 740 2310 794 sacerdotes

217 821 651 891 ordinabantur“,
697 823 913 877 Pilleati
943 828 1122 877 autem
1150 825 1203 876 in
1230 841 1275 878 c.
1304 824 1401 892 XI,
1432 828 1492 877 71
1525 823 1830 892 theologica
1855 824 2098 878 doctrina
2122 825 2312 878 ceteris

215 909 547 979 praestitisse
595 912 648 962 et
699 907 921 962 deorum
969 910 1166 963 cultum
1214 909 1615 964 administrasse
1652 910 1912 963 dicuntur.
1985 910 2046 962 In
2085 908 2167 964 his
2206 927 2328 964 om-v

216 995 372 1048 nibus
417 993 723 1062 agnoscitur
761 993 865 1047 Dio
902 994 1152 1061 politicus
1191 1000 1245 1046 et
1279 992 1578 1062 theologus,
1606 994 1697 1061 qui
1722 994 1883 1047 robur
1910 993 2162 1047 Getarum
2190 1000 2313 1048 tunc

218 1079 472 1147 temporis
526 1079 884 1132 Romanorum
932 1078 1174 1131 cladibus
1222 1076 1561 1130 nobilitatum
1609 1093 1678 1130 ex
1727 1078 2082 1131 sacerdotium
2127 1095 2314 1132 eorun-

220 1163 450 1231 demque
499 1161 936 1232 philosophorum
985 1162 1039 1213 in
1093 1176 1152 1213 re
1206 1160 1424 1228 publica
1477 1161 1840 1215 dominatione
1896 1162 2179 1216 derivavit.
2255 1163 2315 1216 Si

223 1246 325 1301 hoc
361 1248 597 1300 animum
633 1245 990 1311 advertimus,
1028 1261 1133 1298 non
1171 1245 1277 1297 iam
1316 1245 1626 1299 mirabimur
1664 1246 1894 1300 Dionem
1934 1246 2315 1315 philosophum

226 1331 328 1386 hoc
373 1348 478 1385 uno
526 1346 690 1399 opere
738 1329 1045 1383 historicum
1098 1329 1382 1383 exstitisse.
1457 1329 1609 1384 Fecit
1656 1331 1799 1399 quod
1854 1331 2072 1385 Tacitus
2126 1331 2317 1386 eodem

224 1417 338 1469 fere
374 1421 614 1483 tempore
649 1414 790 1482 fecit,
830 1429 947 1467 cum
985 1413 1053 1467 de
1091 1414 1195 1468 situ
1234 1419 1287 1467 et
1323 1415 1539 1483 populis
1566 1415 1903 1484 Germaniae,
1932 1432 2070 1484 quae
2099 1422 2315 1485 propter

224 1500 443 1553 Traiani
474 1515 558 1553 res
586 1503 765 1566 gestas
804 1500 1036 1551 omnium
1065 1499 1119 1551 in
1146 1514 1238 1552 ore
1265 1505 1582 1568 versaretur,
1610 1501 1851 1554 libellum
1878 1501 2145 1555 conderet.
2205 1502 2313 1556 Sed

223 1586 351 1639 fecit
405 1589 463 1638 ut
515 1583 867 1652 philosophus
915 1583 1059 1652 quod
1114 1584 1208 1637 ille
1262 1589 1320 1637 ut
1366 1601 1541 1638 rerum
1593 1587 1845 1655 scriptor:
1896 1588 2216 1655 gravissima
2266 1590 2316 1642 ei

223 1671 460 1739 fuerunt,
500 1686 637 1738 quae
676 1670 745 1724 de
789 1669 1044 1724 Getarum
1082 1671 1319 1725 moribus
1359 1675 1412 1724 et
1448 1671 1701 1725 institutis
1739 1671 2004 1739 proderet,
2048 1672 2314 1727 Romano—

223 1772 340 1809 rum
378 1760 432 1810 et
456 1755 780 1810 Graecorum
817 1755 1062 1810 luxuriae
1100 1756 1458 1823 incorruptam
1493 1756 1705 1809 illorum
1734 1761 1787 1809 et
1813 1758 2035 1811 vetustis
2062 1758 2315 1812 institutis

225 1840 463 1893 innixam
502 1841 752 1894 virtutem
795 1841 1150 1908 oppositurus.
1214 1839 1418 1904 Quodsi
1446 1839 1581 1894 haec
1606 1847 1748 1895 recte
1775 1841 2182 1910 disputavimuS‚
2210 1860 2316 1897 non

224 1925 420 1992 poterit
457 1925 706 1993 dubitari,
746 1925 872 1992 quin
911 1926 1071 1978 etiam
1110 1941 1176 1978 ea
1213 1942 1281 1978 ex
1308 1925 1482 1979 Dione
1520 1927 1868 1993 manaverint,
1902 1943 2039 1995 quae
2067 1945 2111 1981 c.
2141 1928 2222 1980 XI
2247 1928 2315 1982 de

226 2009 450 2063 Dicineo
497 2010 719 2078 eiusque
766 2010 1162 2064 successoribus
1212 2015 1264 2063 et
1312 2027 1354 2064 c.
1392 2010 1525 2062 XIII
1563 2010 1630 2064 de
1675 2011 1831 2066 bellis
1869 2013 2083 2066 Dacicis
2121 2013 2314 2067 Roma-

223 2110 410 2147 norum
447 2099 749 2162 narrantur,
799 2110 936 2162 quae
976 2095 1282 2148 Domitiano
1332 2095 1629 2161 imperante
1678 2100 1831 2162 gesta
1878 2101 2012 2149 sunt.
2085 2097 2223 2150 Nam
2263 2105 2316 2152 et

224 2179 437 2232 Dicinei
475 2179 800 2233 mentionem
839 2184 892 2232 et
915 2179 1278 2245 Pilleatorum,
1319 2194 1455 2246 quae
1495 2195 1538 2232 c.
1566 2179 1611 2231 V
1650 2180 1892 2247 occurrit,
1931 2180 2094 2234 Dioni
2132 2183 2317 2237 deberi

226 2263 460 2318 vidimus
500 2264 618 2332 (frg.
657 2264 736 2327 1.).
811 2263 929 2317 Illic
967 2268 1145 2317 autem
1183 2280 1286 2317 non
1334 2262 1706 2317 inveniebatur
1753 2265 1857 2318 nisi
1908 2266 2084 2320 brevis
2132 2267 2317 2321 adum-

222 2349 395 2403 bratio
434 2365 616 2403 eorum
666 2364 803 2417 quae
843 2366 886 2402 c.
926 2349 1007 2401 XI
1043 2347 1211 2403 fusius
1262 2354 1612 2416 exponuntur.
1709 2349 1935 2404 Accedit
1983 2351 2126 2418 quod
2166 2353 2315 2420 ipsae

223 2450 308 2489 res
346 2451 390 2488 c.
429 2434 510 2488 XI
545 2439 805 2488 tractatae
841 2433 1166 2503 philosopho
1204 2434 1375 2501 magis
1415 2450 1572 2501 quam
1614 2433 1869 2488 historico
1918 2437 2119 2489 auctori
2158 2443 2315 2505 aptae

224 2518 493 2573 videntur.
575 2517 727 2582 Quae
764 2535 893 2574 vero
933 2536 976 2574 c.
1005 2519 1138 2572 XIII
1174 2519 1242 2573 de
1289 2519 1582 2573 Domitiani
1621 2519 1835 2573 Dacicis
1875 2520 2031 2574 bellis
2070 2522 2314 2589 legimus,

223 2603 295 2657 ad
334 2620 493 2672 quem
532 2605 710 2673 aptius
759 2609 1030 2659 auctorem
1082 2605 1376 2658 reserentur
1425 2621 1586 2672 quam
1633 2605 1704 2658 ad
1742 2606 1998 2674 Dionem,
2052 2622 2207 2673 quem
2249 2623 2316 2660 ex

223 2689 537 2744 Philostrati
575 2690 688 2744 vita
725 2691 939 2758 scimus,
978 2692 1153 2759 ipsum
1191 2691 1246 2743 in
1285 2690 1472 2743 castris
1500 2690 1770 2757 legionum
1796 2689 1866 2742 ad
1891 2689 2085 2743 Istrum
2125 2692 2313 2758 positis

221 2775 349 2837 (alia
385 2775 527 2829 enim
566 2776 807 2843 intellegi
843 2792 948 2830 non
974 2775 1213 2844 possunt)
1253 2779 1515 2828 moratum
1557 2790 1692 2843 esse,
1732 2790 1837 2841 quo
1865 2779 2104 2842 tempore
2133 2776 2316 2828 Domi-

222 2861 397 2915 tianus
436 2860 608 2915 obiit?
656 2860 795 2914 Nam
823 2865 1047 2915 tractata
1086 2876 1202 2915 esse
1241 2859 1377 2914 haec
1413 2859 1558 2913 bella
1583 2859 1638 2912 in
1664 2858 1867 2912 Geticis
1894 2858 2084 2912 Dionis
2113 2864 2312 2912 certum

224 2950 320 3013 est,
362 2946 488 3014 quia
526 2950 580 3000 et
614 2951 824 3014 poterat
867 2945 935 3000 de
973 2946 1081 3000 illis
1117 2961 1332 2999 narrare
1382 2960 1519 3012 quae
1568 2944 1683 3011 ipse
1722 2942 1933 2995 viderat
1969 2947 2023 2995 et
2060 2943 2314 2996 lectorum

222 3032 454 3085 maxime
503 3035 725 3099 propter
771 3031 1066 3100 periculum
1116 3030 1342 3098 imperio
1380 3030 1622 3081 Romano
1673 3027 1954 3080 imminens
2005 3025 2072 3079 de
2111 3027 2315 3081 Geticis

223 3115 382 3168 rebus
421 3115 634 3169 edoceri
671 3117 939 3169 intererat.
1013 3115 1202 3182 Itaque
1240 3130 1360 3167 cum
1410 3129 1474 3165 ea
1523 3127 1661 3178 quae
1711 3111 1956 3178 proxime
1994 3111 2318 3165 antecedunt

227 3198 371 3266 apud
407 3199 717 3265 Iordanem,
768 3216 837 3253 ex
884 3200 1059 3252 Dione
1107 3197 1393 3252 Ablabium
1446 3197 1554 3259 (vel
1602 3195 2024 3262 Cassiodorium)
2076 3194 2315 3250 hausisse

227 3286 428 3335 certum
467 3283 551 3349 sit,
590 3281 726 3337 haec
763 3298 974 3350 quoque
1013 3282 1174 3334 Dioni
1214 3281 1403 3334 tribuo.

369 3367 622 3434 Fragm.
642 3367 732 3420 IV.
772 3366 1017 3435 „Dehinc
1042 3370 1296 3434 regnante
1323 3363 1513 3419 Gothis
1536 3365 1784 3419 Buruista
1804 3365 2059 3420 Dicineus
2087 3365 2235 3419 venit
2261 3364 2315 3418 in

229 3449 509 3517 Gothiam,
562 3468 666 3519 quo
715 3457 955 3520 tempore
991 3452 1348 3505 Romanorum
1387 3450 1542 3519 Sylla
1578 3451 1777 3518 potitus
1826 3455 1907 3504 est
1943 3451 2315 3518 principatum.

230 3551 387 3602 quem
412 3536 693 3590 Dicineum
719 3538 1015 3606 suscipiens
1040 3537 1289 3590 Buruista
1314 3535 1464 3590 dedit
1490 3536 1540 3590 ei
1566 3552 1704 3604 pene
1730 3536 1935 3603 regiam
1967 3540 2316 3603 potestatem;

230 3621 379 3675 cuius
417 3623 639 3677 consilio
666 3622 830 3677 Gothi
856 3623 1239 3676 Germanorum
1267 3628 1452 3689 terras,
1490 3637 1622 3689 quas
1659 3637 1797 3674 nunc
1835 3620 2026 3674 Franci
2059 3619 2316 3687 optinent,

229 3706 474 3774 populati
519 3713 655 3762 sunt.
742 3708 939 3763 Caesar
986 3724 1143 3775 vem,
1194 3707 1284 3775 qui
1335 3707 1438 3762 sibi
1485 3707 1688 3775 primus
1738 3705 1972 3760 omnium
2020 3705 2317 3758 Romanum
