2684 4140
387 286 495 336 264
1119 277 1326 324 1210le
1355 277 1443 322 DE
1472 277 1735 324 SEOESSU

385 427 640 497 τυραννὶς
676 425 789 475 ὑπὸ
829 423 1094 493 ῥᾳθύμου
1121 439 1182 473 τε
1205 423 1300 472 καὶ
1325 424 1540 489 τρόπον
1566 423 1691 475 τινὰ
1720 425 1808 476 ἀεὶ
1832 429 2185 496 κοιμωμένης
2225 423 2481 492 διανοίας

378 510 757 581 θηρεύεσθαι,
797 505 939 558 ἀλλὰ
978 508 1306 558 τούναντίον
1343 509 1456 558 ὑπὸ
1498 506 1755 578 δριμείας
1792 527 1851 561 τε
1877 511 1971 561 καὶ
1996 512 2281 581 ἀγρύπνου
2311 531 2479 584 φρον-

377 593 564 655 τίδος·
614 591 869 644 δαπάναι
919 589 978 643 δὲ
1015 593 1111 643 καὶ
1148 592 1353 661 ἔρωτες
1389 594 1484 644 καὶ
1520 595 1784 645 τοιαῦταί
1826 612 1976 658 τινες
2015 594 2303 667 διατριβαὶ
2339 597 2477 649 πολ-

295 686 359 737 19
382 678 502 741 λοΐς
539 677 643 749 ἤδη
684 675 960 739 πολλάκις
1009 679 1356 748 ἀπήντησαν.
1446 678 1567 730 οἶον
1615 677 1678 751 δὴ
1725 681 1831 748 ἐγὼ
1886 681 2047 748 οἶμαι
2094 685 2192 734 τὸν
2223 677 2478 747 Ἀλέξαν-

377 763 525 835 δρον,
565 766 643 826 ὡς
680 766 940 832 ἐτύγχανε
981 761 1182 834 σχολὴν
1222 765 1371 832 ἄγων
1409 766 1468 816 ἐν
1505 772 1574 836 τῇ
1599 756 1712 835 Ἴδῃ
1753 768 1886 837 περὶ
1922 769 1991 818 τὰ
2029 766 2313 836 βουκόλια,
2358 786 2474 821 τοι-
2511 782 2534 823 5

376 852 547 920 αύτης
594 850 816 912 ἐννοίας
863 850 958 901 καὶ
1004 850 1324 916 ἐπιθυμίας
1374 849 1524 918 αὐτῷ
1574 855 1873 922 γενομένης
1924 854 2002 914 ὡς
2051 855 2160 923 ἄρα
2211 852 2478 920 εὔδαιμόν

377 953 436 987 τε
473 936 567 987 καὶ
603 937 880 1005 μακάριον
917 937 982 986 τὸ
1021 936 1121 1006 τὴν
1163 941 1368 987 πασῶν
1405 933 1708 1006 καλλίστην
1745 941 1977 1005 γυναῖκα
2016 939 2178 1003 ἔχειν,
2220 941 2315 990 καὶ
2354 939 2479 990 οὔτε

370 1018 636 1089 βασιλεία
674 1023 876 1072 τούτου
917 1018 1076 1084 ἀξιον
1118 1027 1222 1071 τοῦ
1264 1022 1552 1092 χρήματος
1600 1022 1726 1073 οὔτε
1779 1019 2026 1085 πλοῦτος
2076 1024 2201 1075 οὔτε
2249 1029 2472 1094 κρατεῖν
2489 1040 2636 1082 (267M)

373 1109 690 1174 μαχόμενον
728 1108 998 1158 ἁπάντων
1037 1107 1395 1177 ἀνθρώπων,
1445 1107 1586 1173 μετὰ
1627 1113 1802 1158 ταῦτα
1840 1107 1945 1179 ἤδη
1988 1106 2356 1160 διανοεῖσθαι
2393 1110 2480 1171 τίς

370 1211 432 1245 τε
472 1191 535 1265 δὴ
576 1194 671 1245 καὶ
707 1194 865 1263 παρὰ
904 1194 1055 1244 τίσιν
1091 1196 1123 1264 ἠ
1164 1195 1396 1259 τοιαύτη
1424 1194 1555 1264 γυνὴ
1582 1195 1677 1245 καὶ
1702 1195 1891 1246 πόθεν
1929 1196 1997 1246 ἀν
2025 1194 2176 1263 αὐτῷ
2215 1201 2474 1257 τοιοῦτος
2511 1207 2558 1250 10

287 1283 355 1334 20
376 1277 628 1350 ὑπάρξαι
673 1281 879 1347 γάμος·
927 1280 1022 1330 καὶ
1061 1276 1123 1350 δὴ
1177 1279 1278 1340 τὰς
1314 1281 1417 1344 μὲν
1465 1281 1524 1330 ἐν
1555 1272 1697 1347 Ἰλίῳ
1750 1282 1976 1351 νύμφας
2021 1282 2116 1332 καὶ
2153 1282 2482 1350 παρθένους

379 1366 477 1416 ἅτε
518 1367 787 1435 τύραννος
826 1365 903 1415 ὢν
942 1360 1176 1434 ἠτίμαζε
1223 1366 1318 1415 καὶ
1369 1365 1464 1415 οὐκ
1504 1358 1644 1432 ᾠέτο
1695 1363 1860 1429 ἀξίας
1909 1370 2118 1432 τυχεῖν,
2170 1368 2382 1433 ὁμοίως
2422 1364 2480 1418 δὲ

371 1451 466 1502 καὶ
520 1451 622 1512 τὰς
677 1448 890 1501 Λυδῶν
946 1467 1006 1501 τε
1062 1451 1156 1502 καὶ
1213 1452 1453 1521 Φρυγῶν
1502 1453 1605 1512 τάς
1655 1468 1715 1502 τε
1763 1453 1821 1502 ἐν
1867 1453 2080 1519 Λέσβῳ
2131 1454 2224 1503 καὶ
2272 1453 2374 1514 τὰς
2423 1455 2482 1504 ἐν

370 1537 578 1605 Μυσίᾳ
615 1539 879 1604 γυναῖκας
910 1537 1222 1606 ὑπερεώρα.
1287 1537 1722 1603 πυνθανόμενος
1749 1534 1807 1587 δὲ
1835 1539 1894 1588 ἐν
1918 1540 2152 1607 Σπάρτῃ
2181 1539 2306 1589 τινὰ
2336 1538 2482 1590 εἶναι

368 1622 515 1683 Διὸς
553 1619 852 1691 λεγομένην
889 1622 1206 1691 θυγατέρα,
1264 1619 1535 1689 Μενελάῳ
1589 1628 1981 1687 συνοικοῦσαν,
2039 1621 2201 1694 ἀνδρὶ
2246 1622 2481 1691 βασιλεῖ
2510 1634 2556 1676 15

371 1708 469 1758 καὶ
504 1703 788 1773 βασιλέως
826 1703 1056 1776 ἀδελφῷ
1095 1713 1194 1776 τῆς
1234 1703 1533 1775 ξυμπάσης
1566 1699 1854 1771 Ἑλλάδος,
1894 1708 1959 1776 ἢν
2003 1710 2382 1778 ἐμνήστευσάν
2421 1729 2481 1762 τε

374 1794 470 1844 καὶ
508 1793 793 1843 ἔσπευσαν
836 1789 1026 1859 λαβεῖν
1065 1789 1251 1842 πολλοὶ
1291 1789 1422 1842 ἕδνα
1460 1793 1555 1842 καὶ
1594 1789 1747 1862 δῶρα
1789 1790 2041 1855 διδόντες
2081 1796 2138 1844 οἱ
2163 1797 2387 1863 πρῶτοί
2422 1813 2482 1847 τε

373 1879 469 1929 καὶ
517 1879 681 1948 ἄκροι
728 1883 840 1929 τῶν
880 1870 1176 1948 Ἑλλήνων·
1235 1879 1331 1928 καὶ
1391 1875 1454 1948 δὴ
1504 1879 1600 1928 καὶ
1661 1875 1924 1948 ἀδελφῶν
1977 1880 2213 1946 ἀγαθῶν
2263 1877 2481 1948 ἐλέγετο

375 1962 523 2015 εἶναι
559 1961 953 2025 Πολυδεύκους
998 1965 1093 2014 καὶ
1128 1964 1458 2030 Κάστορος,
1506 1964 1651 2024 Διὸς
1698 1965 1836 2014 υἱῶν
1885 1968 2223 2032 γενομένων·
2271 1967 2483 2016 ἐπεθύ-

285 2049 349 2102 21
373 2063 550 2120 μησεν
601 2048 751 2117 αὐτῷ
800 2051 1007 2119 ταύτην
1053 2049 1328 2116 γενέσθαι
1384 2050 1484 2119 τὴν
1540 2052 1788 2116 γυναῖκα.
1882 2047 2068 2112 άλλως
2114 2053 2216 2117 μὲν
2267 2052 2361 2102 οὖν
2411 2053 2474 2102 οὐ
2513 2059 2561 2101 20

374 2138 523 2187 πάνυ
560 2153 619 2187 τι
654 2139 843 2205 ἠγεῖτο
885 2132 1148 2198 δυνατόν,
1189 2136 1240 2185 εἰ
1280 2132 1339 2185 δὲ
1378 2135 1520 2195 θεός
1558 2151 1646 2195 τις
1683 2136 1995 2199 ὑπόσχοιτο
2033 2139 2127 2187 καὶ
2167 2135 2310 2207 δοίη,
2351 2130 2477 2203 τάχ’

373 2222 441 2272 ἂν
478 2221 752 2288 γενέσθαι
788 2222 852 2270 τὸ
891 2225 1164 2271 τοιοῦτον.
1239 2221 1334 2270 καὶ
1369 2220 1495 2270 τίνα
1537 2216 1601 2289 δὴ
1642 2215 1785 2270 θεὸν
1825 2217 1997 2289 ἀλλην
2036 2223 2187 2283 εἰκὸς
2224 2223 2326 2283 τὰς
2364 2239 2479 2273 τοι-

376 2308 550 2367 αύτας
582 2302 927 2375 χαρίζεσθαι
958 2307 1196 2375 χάριτας
1235 2295 1269 2374 ἢ
1308 2306 1406 2375 τὴν
1443 2307 1758 2372 κρατοῦσάν
1797 2322 1858 2357 τε
1906 2308 2001 2358 καὶ
2051 2309 2332 2377 ἄρχουσαν
2368 2314 2480 2359 τῶν

377 2392 512 2461 περὶ
548 2393 680 2452 τούς
717 2393 930 2458 γάμους
978 2407 1037 2441 τε
1086 2391 1181 2441 καὶ
1229 2391 1476 2459 ἔρωτας,·
1526 2390 1722 2441 οὔκουν
1769 2392 1983 2462 ἐκείνης
2034 2390 2300 2463 διδούσης
2349 2391 2479 2444 ἀδύ-

376 2493 545 2528 νατον
583 2480 772 2547 ηγεῖτο
811 2478 908 2527 τὸν
945 2478 1140 2543 γάμον.
1228 2482 1353 2537 πῶς
1391 2477 1457 2526 ἂν
1497 2476 1593 2527 οὖν
1632 2477 1844 2546 ἐκείνην
1883 2478 2086 2528 πείσαι
2117 2479 2479 2548 χαρίσασθαι
2516 2476 2675 2561 25(4ῗῗ)

378 2553 413 2632 ἢ
454 2564 505 2614 εἰ
543 2558 762 2631 τρόπον
802 2562 927 2612 τινὰ
966 2562 1212 2629 γίγνοιτο
1254 2562 1421 2622 αὐτὸς
1461 2559 1789 2632 προσφιλὴς
1837 2569 1905 2632 τῇ
1953 2563 2078 2630 θεῷ
2124 2565 2218 2614 καὶ
2267 2561 2481 2634 δωρεάν

373 2652 503 2700 ’τινα
541 2649 636 2699 καὶ
667 2649 833 2717 χάριν
873 2644 1130 2709 δεδωκώς
1140 2666 1160 2710 ,·
1198 2640 1328 2697 ἀλλ’
1375 2647 1500 2698 οὔτε
1521 2648 1823 2717 χρημάτων
1851 2648 2021 2719 αὐτὴν
2047 2650 2333 2716 τυγχάνειν
2362 2646 2481 2700 δεο-

375 2737 572 2804 μένην,
625 2735 722 2784 ἅτε
755 2740 966 2803 χρυσῆν
1017 2733 1189 2784 οὖσαν
1237 2734 1331 2783 καὶ
1369 2719 1556 2783 πάντα
1590 2734 1848 2802 χρήματα
1887 2730 2086 2795 ἁπλῶς
2130 2738 2480 2804 κεκτημένην,

378 2820 504 2870 οὔτε
542 2820 793 2869 θυσιῶν·
845 2820 1065 2880 πάντας
1111 2818 1215 2888 γὰρ
1264 2819 1403 2887 αὐτῇ
1442 2823 1735 2882 πανταχοῦ
1780 2819 1976 2869 θύειν·
2028 2819 2153 2870 οὔτε
2192 2816 2330 2888 ἄλλῃ
2370 2820 2482 2869 τινὶ

377 2902 572 2973 ὁμιλίᾳ
608 2906 703 2955 καὶ
741 2902 931 2975 δεήσει
967 2901 1180 2974 ῥᾳδίως
1218 2906 1540 2955 ὑπακοῦσαι
1578 2907 1672 2956 ἄν·
1712 2896 1838 2954 ἀλλ’
1882 2905 1935 2954 εἰ
1975 2902 2044 2953 οὗ
2075 2901 2323 2970 μάλιστα
2350 2905 2475 2954 ἐπι·
2512 2913 2560 2956 80

526 3134 550 3174 5
581 3125 846 3189 ἐτύγχανον
875 3130 923 3173 Μ
1041 3134 1066 3174 6
1099 3126 1326 3187 εύδαῖμόν
1355 3146 1409 3177 τε
1438 3129 1520 3174 UB
1645 3133 1670 3174 9
1702 3129 1775 3183 τίς
1802 3128 1852 3176 δὲ
1882 3126 1934 3188 δὴ
1967 3128 2082 3183 libri,
2115 3141 2230 3173 corr.
2262 3127 2396 3184 Emp.

385 3205 433 3245 11
468 3195 586 3262 ἡλίῳ
616 3201 664 3243 Μ
809 3217 1022 3262 παρνους
1052 3202 1174 3257 (sici)
1203 3201 1244 3246 U
1394 3204 1444 3245 12
1475 3201 1648 3245 malim:
1691 3194 1827 3254 οἷξίας
1868 3194 2076 3255 <αῧτοῦ>
2105 3207 2262 3257 τυχεῖν
2297 3198 2482 3255 „dignas

382 3284 497 3328 quae
525 3271 674 3327 ipsum
707 3273 1117 3318 nanciscerentur.“
1175 3272 1391 3318 Reiskius
1421 3270 1593 3319 ἑαυτοῦ
1624 3271 1896 3327 cogitatione
1925 3270 2126 3328 suppleri
2153 3271 2304 3326 iubet3
2335 3269 2483 3327 τυχὸν

381 3341 653 3387 Herwerden
771 3346 823 3386 14
853 3339 948 3402 γὰρ
977 3356 1061 3400 pro
1091 3344 1141 3391 δὲ
1170 3343 1219 3387 Μ
1369 3347 1418 3388 16
1448 3339 1764 3402 ἐμνήστευσέν
1793 3359 1846 3389 τε
1875 3341 1918 3388 U
2068 3345 2117 3386 18
2149 3336 2350 3400 ἀγαθῶν
2377 3342 2482 3397 post

383 3408 504 3460 εἶναι
524 3413 782 3469 transponit
801 3413 869 3470 U;
901 3417 1012 3471 puto
1034 3415 1322 3461 scribendum
1342 3427 1463 3460 esse:
1495 3416 1577 3461 καὶ
1608 3411 1663 3472 δὴ
1686 3415 1768 3459 καὶ
1797 3406 1974 3472 οἷδελφὴ
2006 3407 2251 3472 (ἀνδρῶν)
2280 3407 2482 3470 ἀγαθῶν

388 3481 608 3544 ἐλέγετο,·
636 3478 813 3543 άδελφὴ
848 3489 954 3530 ante
982 3498 1054 3530 me
1082 3485 1302 3543 flagitavit
1332 3486 1528 3531 Cobetus
1559 3485 1608 3529 C.
1642 3485 1714 3530 Cr.
1745 3498 1791 3541 p.
1816 3487 1869 3528 69
2015 3486 2063 3527 21
2100 3480 2195 3545 δῴη
2222 3480 2334 3535 ΒΜ,
2363 3481 2482 3526 idem

382 3554 472 3599 fuit
501 3555 547 3599 in
579 3554 619 3599 U
707 3558 761 3599 22
790 3557 873 3601 καὶ
901 3568 989 3602 om.
1011 3557 1061 3601 M
1148 3561 1204 3602 24
1235 3554 1409 3605 οὔκουν
1438 3557 1615 3614 scripsi,
1647 3553 1823 3603 οὐκοῦν
1841 3556 1972 3611 vulgo
2059 3556 2114 3598 26
2142 3554 2352 3611 γείνοιτο
2374 3551 2425 3595 Μ

385 3628 470 3684 τῆς
498 3638 581 3681 pro
612 3627 671 3684 τῇ
700 3626 751 3670 Μ
873 3629 923 3670 27
954 3622 1098 3687 χάριν
1125 3627 1231 3675 τινὰ
1261 3631 1343 3675 καὶ
1372 3623 1556 3688 δωρεὰν
1583 3628 1687 3681 (hoc
1718 3626 1830 3681 ord.)
1860 3626 1899 3671 U
2022 3628 2076 3669 28
2106 3618 2270 3676 ἁπλῶς
2299 3634 2482 3679 suspec-

385 3699 504 3753 tum3
545 3709 648 3741 cum
677 3696 967 3756 κεκτημένην
995 3711 1086 3743 non
1115 3703 1269 3756 potest
1299 3700 1534 3755 coniungi3
1570 3701 1624 3743 ut
1651 3709 1805 3743 vocem
1835 3690 1992 3743 πάντα
2012 3697 2208 3750 augeret,
2240 3697 2343 3737 ante
2371 3690 2480 3753 χρή-

383 3784 515 3825 ματα
546 3767 932 3825 transponendum
963 3773 1082 3814 esset
1199 3773 1251 3814 30
1282 3765 1388 3817 ἀλλ’
1423 3767 1449 3824 ἢ
1479 3768 1560 3814 UB
1671 3766 1893 3824 ἐπιθυμεῖ
1920 3765 2095 3821 scripsi,
2124 3762 2352 3819 ἐπεθύμει
2381 3764 2485 3810 libri
2526 3771 2533 3776 ·
