2684 4140
317 754 341 794 5

290 1180 337 1223 10

295 1609 340 1649 15

289 2036 339 2077 20

291 2461 342 2502 25

292 2887 341 2928 30

292 3311 339 3351 35

385 258 489 306 330
1213 252 1535 298 APPENDIX
1563 254 1645 300 III.

381 402 484 468 γάρ
534 399 859 449 τούναντίον
906 401 938 466 ἡ
995 400 1152 468 φωνὴ
1205 396 1487 461 καθάπαξ
1533 402 1840 450 τετόνωται
1887 403 1981 452 καὶ
2033 405 2227 471 φεύγει
2274 403 2483 469 μᾶλλον

382 485 576 550 ἁπάσῃ
620 480 843 551 σπουδῇ
878 483 972 532 καὶ
1010 488 1158 533 πᾶσι
1196 486 1438 552 τρόποις
1475 486 1538 534 τὸ
1581 485 1817 550 ἔθιμον,
1855 487 1957 536 κάν
1995 490 2122 548 ταῖς
2162 486 2483 540 εὐτελεστά-

380 585 506 628 ταις
544 567 699 618 ἔστιν
737 569 828 618 ὅτε
869 568 1192 635 συμβαίνων
1231 571 1478 631 ἐννοίαις
1518 571 1832 637 ὀγκοῦσθαι
1873 573 2061 641 χαίρει
2109 572 2203 624 καὶ
2243 572 2483 644 διαίρειν

380 655 579 704 ἑαυτὸν
618 654 878 723 ἁμῃγέπῃ
919 660 1215 724 πειρᾶται,
1255 657 1328 726 μὴ
1372 658 1644 725 πράττειν
1682 658 1925 708 ταπεινὰ
1965 660 2305 710 παντάπασι
2341 653 2478 730 μηδ’

381 738 835 808 εὐπεριφρόνητα
874 746 944 809 τῇ
983 737 1250 792 διαθέσει
1287 747 1386 811 τῆς
1425 743 1721 811 ἑρμηνείας
1762 740 2112 807 σπουδάζων.
2176 746 2270 795 καὶ
2296 747 2483 796 τοίνυν

380 816 505 874 οὐδ’ἱ
551 825 817 875 ὁπωσοῦν
867 822 1139 895 ἀφελείας
1189 824 1339 893 αὐτῷ
1388 830 1677 892 μέτεστιν,
1728 830 1816 878 ὅτι
1859 831 1932 899 μὴ
1986 833 2112 890 ταῖς
2159 831 2484 880 ὑποθέσεσι

377 910 550 973 μόνον
589 910 744 960 ἔστιν
785 908 855 959 οὗ
890 907 1225 980 διατίθησιν
1264 909 1459 979 ἡδέως,
1498 913 1592 963 καὶ
1620 910 1714 963 διὰ
1746 910 2083 983 γλυκύτητος
2110 914 2192 975 εἰς
2218 916 2316 984 τήν
2345 915 2484 984 ἀφέ-

380 990 535 1044 λειαν
572 1001 803 1061 γενικῶς
842 996 908 1046 ἂν
950 999 1144 1066 φέρειν
1185 998 1400 1065 ὁπῃοῦν
1434 994 1613 1061 δόξαι,
1652 1000 1747 1048 καὶ
1773 1002 1894 1060 τοῖς
1920 1001 2167 1068 ῥήμασιν
2207 998 2347 1060 ἴσως
2374 1001 2483 1069 ἄρα

377 1078 553 1148 βραχύ
591 1081 685 1131 καὶ
726 1082 1010 1145 σπανίως,
1065 1082 1314 1152 συνθήκῃ
1357 1074 1410 1133 δ’
1457 1080 1583 1133 οὐδὲ
1628 1076 1768 1133 καθ’
1813 1085 2000 1135 ὁτιοῦν
2051 1078 2172 1153 [οὔ]
2246 1085 2341 1135 καὶ
2391 1085 2486 1134 οὐκ

378 1156 496 1214 οἶδ’
541 1163 600 1214 εἴ
630 1183 718 1227 τις
755 1167 824 1217 ἀν
860 1168 956 1217 καὶ
993 1164 1164 1229 ἄλλος
1201 1168 1342 1218 κατὰ
1381 1169 1651 1219 Συνέσιον
1687 1170 1781 1219 καὶ
1818 1170 1887 1219 τά
1928 1176 2191 1240 χαμερπῆ
2230 1170 2324 1219 καὶ
2360 1167 2484 1236 γλυ-

374 1245 613 1312 κάζοντα
655 1255 901 1316 συνέχειν
939 1269 998 1303 τε
1035 1254 1130 1303 καὶ
1169 1255 1457 1319 σεμνύνειν
1497 1242 1796 1324 ἀναφέρων
1835 1253 1914 1321 τῴ
1957 1252 2144 1323 δρόμῳ
2186 1271 2246 1304 τε
2283 1256 2380 1305 καὶ
2417 1262 2485 1323 τῇ

378 1336 629 1406 συνθήκῃ
673 1338 896 1406 αἱροῖτό
934 1355 995 1389 τε
1031 1340 1125 1389 καὶ
1164 1336 1421 1389 δύναιτο·
1460 1340 1620 1390 Δίων
1661 1337 1719 1390 δὲ
1760 1345 1872 1390 πᾶν
1910 1340 2237 1390 τούναντίον
2265 1341 2482 1408 ὁρᾶται,

376 1423 437 1483 ὃς
473 1438 534 1489 γε
571 1424 666 1473 καὶ
702 1423 807 1484 τὰς
845 1420 1232 1489 ἀξιωματικάς
1268 1424 1441 1485 αὑτὰς
1466 1425 1784 1486 ὑποθέσεις
1811 1425 2088 1492 ἀκόμψως
2125 1426 2219 1476 καὶ
2257 1421 2484 1494 ἀφελῶς

377 1511 694 1578 προφέρειν
734 1507 959 1559 εἴωθεν.
1026 1506 1167 1559 ἀλλὰ
1205 1511 1301 1560 καὶ
1338 1512 1490 1574 ὅμως
1528 1511 1881 1571 ὑπεναντίως
1910 1510 2104 1573 οὕτως,
2145 1512 2279 1561 ὅσον
2316 1504 2370 1578 γ>
2403 1513 2484 1571 εἰς

376 1594 440 1642 τὸ
473 1596 816 1662 φαινόμενον
843 1601 941 1664 τῆς
968 1592 1334 1662 ἀπαγγελίας,
1375 1594 1454 1662 τῴ
1485 1592 1663 1662 λέγειν
1686 1596 1984 1664 χρώμενοι,
2027 1594 2123 1644 οὐκ
2162 1592 2322 1662 ὀλίγα
2362 1600 2483 1656 τοῖς

375 1675 560 1739 καλῶς
600 1676 908 1747 ξυνορῶσιν
948 1679 1140 1743 ἔχουσι
1175 1681 1357 1745 κοινά,
1402 1681 1497 1730 καὶ
1531 1680 1731 1740 καθὼς
1770 1680 1930 1749 ἐζφην,
1972 1681 2002 1728 ὁ
2042 1676 2299 1748 δεύτερος
2336 1682 2482 1750 ἥκων

375 1765 644 1825 Συνέσιος
685 1764 853 1825 αὐτὸς
891 1765 1160 1826 ἐπιεικῶς
1194 1766 1384 1834 χαίρει
1422 1763 1500 1832 τῴ
1540 1766 1743 1815 Δίωνι.
1817 1765 1912 1814 καὶ
1952 1764 2013 1814 ού
2056 1761 2194 1831 λέγω
2223 1771 2316 1815 νῦν
2341 1767 2482 1815 κατὰ

376 1850 475 1919 τὴν
517 1846 841 1919 φιλόσοφον
881 1847 1078 1915 ἀμέλει
1117 1851 1420 1919 πρόθεσιν,
1459 1852 1554 1901 καὶ
1591 1856 1758 1900 τοῦτο
1797 1851 1898 1915 μὲν
1935 1850 2057 1918 γάρ,
2098 1841 2222 1899 ἀλλ’
2267 1852 2355 1900 ὅτι
2391 1852 2485 1900 καὶ

376 1936 440 1984 τὸ
490 1937 722 2002 γόνιμον
762 1928 859 2004 ἄρ’
905 1937 1166 2004 ἑκάτερος
1214 1939 1341 1997 ταῖς
1392 1936 1560 1997 αὐτὸς
1607 1937 1782 1986 αὑτοῦ
1827 1935 2184 1986 ὑποθέσεσιν
2241 1936 2482 2004 ἐμφερὲς

377 2021 584 2085 ἔχουσι,
625 2022 719 2071 καὶ
756 2025 883 2082 ταῖς
921 2019 1224 2087 ἐπιβολαῖς
1262 2028 1362 2092 τῆς
1387 2023 1610 2091 γνώμης
1649 2022 1731 2082 εἰς
1770 2021 1838 2071 τὰ
1872 2017 2252 2090 παραπλήσια
2282 2024 2481 2090 φέρον-

377 2124 490 2169 ται,
528 2107 623 2157 καὶ
659 2103 909 2172 μάλιστά
949 2122 1009 2174 γε
1047 2105 1126 2173 τῴ
1165 2107 1306 2157 κατὰ
1346 2109 1445 2177 τὴν
1485 2108 1782 2176 ἑρμηνείαν
1820 2107 1958 2176 ἤθει
1994 2102 2201 2174 κομιδῇ
2240 2102 2491 2172 ξυγγενεῖ

377 2193 510 2252 τοὺς
550 2188 747 2258 λόγους
788 2192 970 2242 αὐτῶν
1010 2193 1372 2261 παθητικούς
1411 2198 1649 2242 ποιοῦσι
1684 2193 1778 2242 καὶ
1814 2192 2100 2260 γοητεύειν
2139 2190 2202 2240 εὖ
2234 2184 2372 2255 μάλ’
2405 2192 2481 2251 ὡς

379 2274 616 2346 ἀληθῶς
653 2278 750 2327 τὸν
790 2278 1146 2343 ἀκροώμενον
1187 2278 1289 2327 οἵω
1331 2270 1385 2327 τ’
1431 2278 1596 2328 ἐστὸν
1635 2278 1827 2347 ἄμφω.
1892 2279 1957 2326 τό
1995 2292 2055 2343 γε
2095 2274 2158 2346 δή
2200 2276 2293 2325 καὶ
2319 2273 2479 2340 ἴσμεν

380 2364 655 2424 ἅπαντες,
705 2364 832 2412 ὅσοι
870 2368 981 2412 τῶν
1023 2359 1199 2429 λόγων
1239 2363 1422 2413 αὐτῶν
1475 2363 1911 2431 πεπειράμεθα·
1961 2363 2054 2411 καὶ
2103 2362 2173 2424 (εἰ
2210 2363 2282 2430 μή
2325 2377 2479 2425 νεμε-

383 2449 544 2517 σήσει
582 2465 669 2508 τις
708 2445 848 2504 ἴσως
888 2447 974 2508 οἷς
1014 2448 1159 2515 ἐρῶ),
1208 2445 1483 2508 πολλάκις
1526 2445 1589 2517 δὴ
1630 2449 1724 2498 καὶ
1760 2451 1882 2508 τοῖς
1922 2447 2114 2507 αὐτοῖς
2154 2448 2185 2496 ὁ
2223 2444 2480 2514 δεύτερος

379 2532 466 2593 οἷς
507 2533 746 2603 φθάσας
785 2534 816 2582 ὁ
851 2534 1009 2583 Δίων
1051 2535 1252 2602 ὁρᾶται
1296 2535 1609 2602 χρώμενος,
1661 2535 1755 2584 καὶ
1806 2534 1868 2583 οὐ
1924 2530 2184 2603 φείδεται
2224 2525 2351 2581 οὐδ’
2395 2534 2478 2581 αἰ-

379 2615 562 2669 δεῖται
608 2620 739 2679 τούς
787 2619 1267 2680 ἐποπτεύσοντας.
1355 2621 1449 2670 καὶ
1495 2621 1604 2689 μὴν
1657 2619 1719 2668 οὐ
1770 2609 1897 2668 κατ’
1942 2614 2091 2687 ἦθος
2147 2618 2255 2685 ἄρα
2305 2619 2477 2681 μόνον

379 2705 557 2765 οὕτως
600 2706 798 2772 ὁρᾶται
833 2706 1135 2773 χρώμενος,
1177 2704 1207 2754 ὂ
1246 2711 1339 2755 νῦν
1380 2706 1410 2754 ὁ
1451 2702 1612 2771 λόγος
1643 2701 1932 2774 ἠβούλετο,
1973 2696 2099 2752 ἀλλ’
2131 2703 2215 2752 ἔτι
2254 2717 2346 2751 πω
2386 2703 2479 2751 καὶ

377 2785 655 2854 θαυμάζω
694 2783 930 2854 μάλιστ’
963 2791 1132 2856 ἔγωγε
1162 2786 1422 2859 ξυνορῶν,
1451 2791 1539 2840 ὅτι
1563 2790 1657 2839 καὶ
1690 2781 1943 2858 νοήμαθ’
1975 2785 2076 2838 ὅλα
2116 2793 2226 2837 τῶν
2253 2788 2477 2847 Δίωνος

381 2876 717 2945 ἀφαιρεῖται
741 2877 1010 2937 Συνέσιος
1035 2877 1117 2936 εἰς
1143 2877 1486 2946 κατασκευὴν
1509 2874 1584 2925 ὧν
1608 2866 1881 2925 ἑκάστοθ’
1916 2874 2162 2942 αἱρεῖται
2181 2872 2274 2921 καὶ
2302 2885 2474 2920 σπου-

380 2956 550 3024 δάζει,
589 2958 837 3026 μάλιστα
880 2959 942 3032 δὴ
983 2962 1077 3011 καὶ
1115 2962 1248 3029 περὶ
1285 2966 1397 3011 τῶν
1437 2961 1618 3010 αὐτῶν
1649 2955 1983 3021 σπουδάζων
2012 2959 2106 3008 καὶ
2143 2959 2242 3027 τήν
2280 2957 2473 3006 ἐνστα-

382 3061 470 3097 σιν
509 3047 648 3112 ἔχων
689 3046 764 3098 ὧν
801 3048 896 3097 καὶ
931 3048 1089 3098 Δίων
1128 3047 1322 3109 αὐτός,
1367 3047 1461 3096 καὶ
1495 3047 1756 3114 κρατύνει
1794 3047 1857 3094 τὸ
1899 3044 2267 3112 προκείμενον
2307 3041 2476 3090 ταύτό

379 3148 437 3198 γε
477 3132 552 3195 ὅν,
594 3132 624 3181 ὃ
662 3134 755 3184 καὶ
791 3134 991 3196 Δίωνι,
1034 3129 1127 3182 διὰ
1167 3138 1279 3183 τῶν
1319 3132 1500 3182 αὐτῶν
1529 3132 1886 3199 ἐννοημάτων
1923 3130 2017 3179 καὶ
2055 3128 2476 3196 ἐπιχειρήσεων,

382 3215 457 3266 ὧν
498 3218 736 3286 φθάσας
773 3219 984 3279 ἐκεῖνος
1024 3219 1215 3269 ἀνύτει
1254 3218 1621 3286 προενεγκών,
1662 3218 1739 3277 ὡς
1778 3213 2013 3285 ἀληθῶς
2039 3210 2304 3280 βέλτιστα
2333 3212 2477 3277 πρὸς

379 3303 477 3372 τὴν
511 3303 721 3371 χρείαν,
760 3305 854 3353 καὶ
893 3305 955 3353 οὐ
985 3307 1241 3353 ποιεῖται
1277 3305 1451 3369 μόνον
1478 3304 1574 3353 τὸν
1601 3307 1730 3352 νοῦν
1756 3304 1960 3351 ἑαυτοῦ
1983 3300 2077 3349 καὶ
2112 3299 2316 3359 κοινόν,
2345 3287 2472 3344 ἀλλ’

523 3525 547 3565 3
579 3522 858 3581 συμβαίνων
887 3523 1064 3579 scripsi,
1097 3527 1364 3582 συμβαῖνον
1384 3523 1520 3578 vulgo
1612 3528 1636 3567 5
1669 3519 1956 3577 σπουδάζων
1986 3519 2162 3575 scripsi,
2194 3513 2477 3572 σπουδάζειν

378 3593 509 3648 vulgo
627 3597 651 3636 9
683 3587 730 3638 δ’
763 3588 870 3639 οὐδὲ
898 3588 1016 3638 καθ’
1051 3588 1213 3641 ὁτιοῦν
1242 3595 1419 3651 scripsi,
1450 3594 1500 3640 δὲ
1528 3593 1639 3640 καθ’
1675 3589 1839 3639 ὁτιοῦν
1871 3585 1926 3638 οὗ
1948 3590 2079 3646 vulgo
2198 3592 2253 3632 24
2283 3585 2477 3644 νεμεσή-

379 3681 452 3712 σει
481 3664 646 3726 scripsi
675 3663 932 3723 νεμεσήσαι
961 3665 1093 3720 vulgo
1229 3670 1281 3710 25
1314 3661 1385 3720 οἷς
1415 3665 1592 3722 scripsi,
1622 3660 1691 3718 αἱς
1719 3664 1852 3718 vulgo
2002 3664 2054 3706 27
2086 3654 2477 3710 ἐποπτεύσοντας

378 3736 553 3793 scripsi,
584 3731 942 3788 ἐποπτεύοντας
969 3737 1100 3792 vulgo
1226 3740 1279 3781 28
1310 3736 1509 3781 fortasse
1539 3732 1608 3782 ἔτι
1638 3750 1733 3781 που
