2684 4140
12 1198 16 1205 ¹
5 654 15 1167 „fflum—4--q-..y-v—-ss-vur
5 600 8 642 vn*
10 566 12 568 ,

903 284 944 327 4.
989 280 1278 327 HISTORIA
1307 281 1667 329 FABULARIS.
2225 285 2328 336 355

295 417 524 464 Minervae
561 431 691 465 sacro
736 418 938 480 ἐχομένη
982 424 1071 469 τοῦ
1115 416 1258 482 οἴγοὶλ-
1307 423 1587 481 Ganymedes
1608 425 1818 482 pulcher,
1849 426 2055 471 virtutem
2085 441 2178 472 non
2197 439 2327 485 prae-

295 505 449 545 ματος
479 489 786 545 comprimitur
820 495 914 546 154,
949 495 1015 538 13.

240 559 400 603 Castor
431 562 534 614 133,
565 563 633 604 24.
669 584 726 593 —
765 565 811 604 et
838 561 1001 607 Pollux
1029 563 1076 608 II
1109 566 1203 616 140,
1235 566 1261 607 6

1363 493 1478 539 stitit
1507 490 1580 541 διὰ
1610 490 1668 541 τὸ
1692 503 1803 550 παῖς
1824 490 2146 556 ἀφανισθῆναι
2175 495 2229 553 ἐξ
2245 491 2325 546 οἷν-

1361 560 1576 622 θρώπων
1605 564 1651 608 II
1682 568 1780 620 290,
1810 570 1878 611 20.

296 627 470 671 Theseo
499 631 715 683 regnante
743 631 945 676 Athenas
977 645 1260 689 expugnave-
1306 634 1534 691 Geryones
1565 635 1622 679 ab
1653 635 1847 681 Hercule
1876 635 2054 682 occisus
2078 640 2173 692 101,
2201 641 2268 683 25.

293 699 402 740 runt
429 697 537 742 ibid.
570 701 608 741 9.

239 766 438 821 Cecrops
469 763 557 812 τὸν
585 765 639 813 ἐκ
660 765 842 816 δούλων
875 765 900 817 o‘
926 770 1126 830 Κέκροψ
1155 769 1258 826 (ἐξί-
1303 774 1497 820 Hecuba
1562 775 1685 820 Ulixi
1739 775 1786 819 in
1849 775 2106 820 servitutem
2162 776 2326 822 tradita

294 839 473 894 στησιν)
502 837 545 879 Π
581 841 677 894 166,
708 842 776 884 21.

237 905 450 950 Centauri
487 919 642 951 eorum
683 910 930 955 convivium
962 914 1064 966 282,
1105 914 1172 956 26.
1205 937 1256 943 —

293 988 394 1019 cum
424 975 650 1024 Centauro
690 980 815 1025 ebrio
852 981 1259 1026 Alexandrinorum

295 1045 520 1092 civitatem
551 1054 782 1105 comparat
812 1053 910 1103 295,
942 1056 981 1095 6.

237 1116 370 1160 Chiro
400 1118 599 1163 medicus
631 1122 700 1175 88,
734 1123 798 1163 12.

236 1184 444 1242 Chryseis
475 1189 738 1243 prudentem
767 1190 909 1235 fuisse
930 1190 1259 1235 demonstratur

292 1268 357 1300 or.
390 1256 509 1301 LXI.
543 1259 588 1302 11
618 1262 714 1303 137.

234 1326 513 1384 Chrysippus
542 1328 645 1372 Laii
674 1329 868 1373 amasius
903 1325 997 1383 113,
1028 1332 1095 1373 27.

235 1395 421 1454 Cinyras
455 1401 550 1453 101,
583 1401 622 1441 2.

234 1466 363 1511 Circe
402 1467 609 1524 voluptas
651 1468 794 1524 (Cyn.)
837 1471 913 1521 99,
953 1473 1021 1514 28.
1069 1495 1120 1502 —-
1162 1471 1257 1515 eius

1362 844 1486 889 canis
1515 844 1568 889 fit
1601 849 1694 902 154,
1727 848 1794 890 20.
1833 871 1890 879 -
1926 846 1983 890 ab
2019 845 2232 905 Erinysin
2278 847 2326 892 in

1361 926 1516 959 canem
1552 927 1766 960 conversa
1801 927 1898 961 esse
1929 929 1957 961 a
1984 916 2130 973 poetis
2160 916 2326 962 dicitur
2385 961 2389 965 ,

1361 986 1459 1039 314,
1481 987 1519 1028 6.

1304 1053 1472 1098 Helena
1523 1057 1603 1098 126
1620 1067 1683 1111 sq.
1728 1055 1877 1111 puella
1905 1068 1934 1100 a
1971 1056 2147 1102 Theseo
2193 1062 2324 1115 rapta

1363 1125 1458 1176 126,
1479 1126 1547 1168 26.
1580 1149 1633 1156 —
1663 1123 1900 1180 Deiphobo
1930 1126 2059 1170 nubit
2091 1131 2185 1180 147,
2207 1132 2245 1173 3.
2269 1154 2323 1162 -

1359 1189 1471 1246 τοὺς
1506 1196 1674 1251 Τρῶας
1702 1189 1820 1253 ὑπὲρ
1851 1197 1932 1252 τῆς
1948 1190 2035 1240 Ἑλ.
2058 1200 2324 1257 πολιορκεῖ-

1361 1257 1603 1308 σθαι-οὔκ
1643 1259 1779 1309 ἔνδον
1817 1262 1980 1322 οὔσης,
2018 1260 2126 1311 ἀλλ’
2155 1265 2207 1312 ἐν
2238 1268 2316 1313 Αἰ-

1359 1330 1522 1391 γύπτῳ
1550 1332 1595 1375 11
1626 1335 1727 1386 223,
1760 1337 1824 1378 17.

1302 1401 1500 1445 Helenus
1538 1404 1662 1447 vates
1695 1405 1798 1455 129,
1830 1407 1897 1447 24.
1940 1429 1995 1436 -
2034 1405 2324 1451 Molottorum

1358 1483 1544 1526 regnum
1574 1472 1841 1529 adipiscitur
1873 1478 1967 1528 150,
2000 1477 2068 1519 20.

287 1537 441 1582 leones
470 1537 630 1583 festive
647 1541 968 1595 comparantur
989 1553 1091 1584 cum
1110 1541 1256 1597 philo·
1302 1541 1515 1587 Heliadae
1545 1541 1592 1586 in
1623 1542 1757 1586 Creta
1787 1546 1883 1598 289,
1915 1546 1985 1589 31.

289 1607 443 1663 sophis
479 1608 555 1664 qui
585 1606 741 1653 divites
765 1609 1075 1655 adulanturII
1097 1615 1193 1666 217,
1217 1618 1255 1657 5.
1302 1611 1567 1657 Heraclidae
1621 1616 1869 1672 κατῆλθον
1924 1613 2043 1671 μετὰ
2097 1615 2319 1675 Δωριέων

233 1676 592 1734 Clytaemnestra
626 1683 720 1734 126,
751 1684 819 1724 22.

1362 1686 1456 1737 149,
1489 1686 1555 1726 22.

234 1748 426 1806 Cyclops
465 1762 566 1793 cum
605 1749 798 1806 Cyclope
837 1751 960 1796 ebrio
990 1752 1256 1798 Alexandri·
1301 1751 1540 1807 Hercules,
1572 1752 1689 1798 Iovis
1720 1757 1766 1796 et
1795 1754 2037 1798 Alcmenae
2071 1754 2211 1809 filius,
2242 1768 2321 1800 rex

290 1831 450 1863 norum
481 1820 706 1864 civitatem
737 1826 970 1877 comparat
1001 1826 1097 1877 295,
1130 1826 1170 1868 6.

232 1916 464 1962 Daedalus
496 1923 563 1972 75,
596 1921 665 1962 27.
696 1942 752 1950 -
782 1917 828 1961 11
858 1922 926 1972 27,
958 1924 1027 1965 30.
1056 1945 1112 1954 —
1141 1923 1256 1966 male

290 1987 400 2032 fecit
430 2001 531 2032 cum
552 1988 880 2044 Labyrinthum
902 1991 949 2034 in
971 1990 1104 2036 Creta
1134 1993 1253 2036 aedi-

288 2058 459 2114 ficaret,
491 2072 592 2104 cum
619 2059 874 2116 Pasiphaae
903 2062 1045 2106 amori
1074 2075 1256 2106 succur-

288 2133 429 2184 reret,
469 2142 570 2173 cum
599 2129 777 2174 Icarum
815 2131 899 2175 alis
944 2131 1187 2176 instrueret
1214 2133 1256 2175 II

292 2202 385 2254 182,
407 2202 476 2244 21.
498 2225 552 2231 —
574 2199 620 2244 11
642 2203 738 2253 225,
763 2203 801 2245 2.
825 2226 877 2233 —
900 2201 1257 2260 λέγεται-ποιῆ-

288 2287 368 2316 σαι
388 2269 480 2317 τὸν
500 2273 681 2330 ταῦρον
700 2268 966 2325 ἐξαπατῶν,
987 2273 1257 2330 περιτείνας

288 2343 358 2400 τῷ
389 2337 508 2400 ξύλῳ
536 2340 684 2399 δέρμα
714 2338 840 2400 βοός
868 2342 913 2386 11
944 2345 1040 2394 267,
1076 2346 1140 2387 14.

231 2410 391 2456 Danae
419 2411 561 2455 imber
590 2423 754 2455 aureus
782 2411 827 2455 II
859 2415 956 2467 216,
991 2417 1029 2457 1.

231 2480 472 2525 Deianirae
515 2483 561 2524 et
604 2480 739 2526 Nesei
783 2481 940 2526 fabula
989 2481 1255 2539 Cynicorum

286 2563 411 2595 more
440 2551 792 2596 transformatur
833 2555 880 2596 et
909 2552 1161 2609 explicatur
1190 2566 1252 2599 or.

287 2621 383 2665 LX.
414 2621 462 2665 11
494 2625 588 2665 134.

229 2691 493 2748 Deiphobus
511 2692 727 2736 Helenam
742 2703 929 2736 uxorem
943 2692 1068 2737 ducit
1083 2695 1252 2748 132,19,

228 2762 466 2808 Diomedes
478 2762 662 2806 Homeri
670 2761 923 2806 rhetoricae
940 2763 1090 2807 studet
1106 2766 1174 2819 20,
1186 2766 1253 2808 20.

285 2859 338 2866 -
369 2837 472 2890 post
502 2833 667 2877 bellum
689 2832 934 2877 Troianum
966 2833 1096 2878 domo
1127 2833 1254 2878 exsul

290 2908 390 2957 149,
434 2907 501 2947 18.
546 2929 603 2935 ——
647 2904 776 2947 exsul
817 2902 876 2947 ad
906 2904 1106 2947 Aeneam
1134 2903 1255 2947 venit

289 2979 383 3027 151,
415 2977 468 3017 32
499 2975 557 3018 ab
588 2986 640 3017 eo
682 2973 873 3027 benigne
904 2977 1117 3028 exceptus
1147 2983 1252 3027 par-

283 3045 373 3084 tem
404 3041 628 3086 exercitus
656 3042 824 3097 accipit
846 3044 941 3096 152,
962 3045 1000 3086 2.
1025 3066 1078 3073 --
1100 3040 1253 3084 Thrax

284 3109 341 3153 ab
362 3109 557 3154 Hercule
586 3111 762 3155 occisus
796 3113 890 3164 101,
916 3114 983 3154 21.
1013 3135 1067 3142 —-
1099 3110 1251 3154 Thrax

284 3186 386 3233 τοῖς
415 3177 677 3238 Διομήδους
707 3175 972 3239 οἷπογόνοις
1000 3183 1098 3232 310,
1119 3183 1186 3224 28.

227 3295 355 3338 Ε6110
386 3306 414 3337 a
445 3293 566 3336 Pane
596 3296 745 3336 amata
775 3291 916 3348 (Cyn.)
949 3295 1016 3346 87,
1049 3295 1116 3335 22.

228 3365 436 3408 Eteocles
457 3366 537 3409 καὶ
558 3363 846 3419 Πολυνείκης
869 3356 924 3408 οὗ
944 3358 1099 3419 μόνον
1119 3357 1247 3408 οἷδελ-

284 3438 366 3492 φοὶ
388 3433 511 3481 κατὰ
535 3435 622 3480 τὸν
641 3430 808 3489 νόμον,
839 3428 958 3478 ἀλλὰ
979 3434 1059 3478 καὶ
1079 3430 1130 3486 ἐξ
1147 3430 1247 3478 υἱοῦ

283 3507 362 3551 καὶ
392 3501 571 3563 μητρὸς
607 3499 865 3563 γεγονότες
903 3505 999 3547 τῶν
1036 3506 1242 3560 ξυγγενε-

284 3568 475 3623 στοῖτων
505 3580 588 3619 etc.
619 3574 763 3630 (Cyn.)
793 3573 836 3616 II
870 3575 966 3627 196,
1001 3576 1065 3616 17.

228 3645 510 3703 Eurystheus
541 3660 619 3690 rex
657 3658 747 3689 non
774 3643 865 3688 fuit
898 3646 963 3697 11,
986 3646 1048 3687 15.
1083 3667 1135 3674 —
1158 3655 1246 3687 non

282 3716 370 3760 fuit
398 3717 606 3762 Herculis
637 3715 841 3760 dominus
878 3716 972 3767 101,
1007 3715 1072 3757 12.

1357 1824 1497 1867 totius
1520 1824 1736 1868 Graeciae
1771 1828 1837 1880 11,
1862 1828 1911 1869 12
1941 1825 2074 1868 immo
2095 1825 2215 1870 orbis
2235 1830 2320 1869 ter-

1357 1906 1510 1938 rarum
1550 1894 1655 1939 ibid.
1718 1894 1886 1939 Thebis
1927 1894 2129 1939 eruditus
2164 1899 2235 1951 12,
2270 1900 2318 1939 17

1357 1968 1648 2020 tyrannorum
1687 1964 1806 2008 ultor
1839 1968 1912 2019 16,
1947 1969 1971 2008 3
2007 1978 2074 2021 sq.
2122 1991 2175 1998 —·
2204 1966 2320 2011 Iovis

1358 2033 1481 2078 filius
1512 2036 1696 2090 propter
1716 2035 1923 2079 virtutem
1946 2035 2140 2079 creditur
2162 2039 2227 2089 33,
2250 2038 2318 2080 23.

1358 2103 1546 2149 -Iovis
1561 2103 1680 2148 filius
1707 2104 1811 2160 quia
1835 2104 1949 2149 bene
1966 2106 2166 2150 eruditus
2185 2109 2251 2157 61,
2271 2109 2319 2150 13

1360 2176 1731 2230 πεπαιδευμένος
1749 2169 1911 2228 ἁπλῶς
1928 2169 1984 2221 οὗ
2004 2173 2321 2234 πολυτρόπως

1362 2239 1468 2290 οὐδὲ
1500 2248 1735 2303 περιττῶς
1758 2249 1824 2297 11,
1851 2248 1914 2288 19.
1946 2271 1999 2277 -
2020 2246 2118 2302 ipse
2138 2260 2184 2290 se
2202 2259 2320 2291 com-

1359 2314 1507 2359 bussit
1537 2320 1606 2369 61,
1628 2319 1691 2359 19.
1722 2340 1776 2347 -
1808 2316 1958 2359 orbem
1979 2320 2199 2361 terrarum
2218 2317 2325 2361 feris

1362 2388 1406 2428 et
1438 2385 1642 2441 tyrannis
1672 2386 1833 2430 liberat
1864 2389 1932 2441 82,
1957 2389 2005 2430 17
2038 2386 2192 2430 beluas
2221 2386 2322 2431 illas

1359 2455 1554 2512 Libycas
1583 2459 1719 2500 necat
1736 2456 1845 2501 ibid.
1869 2482 1922 2487 —
1949 2460 2040 2508 100,
2059 2459 2125 2500 28.
2142 2448 2323 2514 -Ἥβῃ

1360 2534 1568 2572 συνοικεῖ
1601 2530 1693 2580 101,
1729 2531 1779 2571 10
1811 2518 1954 2574 ἆθλοι
1987 2539 2050 2571 or.
2081 2526 2188 2570 VIII
2219 2529 2318 2581 §28

1358 2621 1414 2628 —-
1446 2600 1513 2641 35.
1561 2622 1618 2628 —
1655 2596 1701 2639 in
1738 2609 1845 2652 rogo
1884 2597 1982 2653 ipse
2016 2609 2064 2640 se
2102 2597 2322 2641 comburit

1362 2670 1456 2720 102,
1491 2671 1558 2712 11.
1588 2691 1643 2699 --
1676 2667 1781 2722 quia
1815 2667 2005 2721 pedibus
2045 2666 2199 2710 tardus
2237 2669 2319 2721 est,

1357 2749 1468 2781 arcu
1497 2737 1639 2781 utitur
1672 2741 1765 2790 106,
1791 2740 1856 2780 12.
1887 2761 1943 2767 -
1973 2738 2070 2790 223,
2091 2739 2158 2779 29.
2188 2759 2245 2767 —-
2272 2735 2319 2779 in

1356 2806 1594 2851 comoediis
1624 2806 1774 2850 ebrius
1803 2805 2030 2850 inducitur
2050 2808 2146 2859 294,
2169 2807 2234 2850 24.
2266 2829 2319 2836 -

1354 2877 1610 2932 Aegyptum
1642 2877 1688 2919 et
1715 2875 1904 2931 Libyam
1935 2873 2096 2918 devicit
2123 2879 2168 2917 et
2188 2873 2319 2918 Ponti

1353 2944 1520 2988 Euxini
1550 2944 1730 2988 accolas
1762 2946 1807 2987 et
1827 2944 2026 2989 Thraces
2050 2949 2093 2988 et
2114 2945 2317 3001 Scythas,

1354 3018 1399 3057 et
1428 3013 1560 3057 Ilium
1591 3014 1720 3070 cepit,
1751 3016 1797 3058 et
1825 3015 1985 3058 harum
2016 3015 2210 3069 gentium
2238 3026 2319 3059 rex

1354 3083 1547 3137 exstitit,
1588 3084 1721 3138 Argis
1759 3097 1862 3128 vero
1899 3087 2080 3139 Augeae
2116 3088 2318 3129 stercora

1351 3154 1617 3209 expurgavit
1644 3157 1688 3198 et
1708 3154 2006 3210 Stymphalias
2027 3166 2130 3197 aves
2150 3153 2320 3208 fugavit

1351 3221 1396 3265 II
1427 3226 1495 3275 81,
1521 3227 1587 3266 14.
1618 3248 1671 3255 -
1704 3223 1896 3276 [labores
1928 3228 2245 3269 enumerantur
2273 3223 2317 3267 II

1355 3295 1450 3345 146,
1482 3295 1566 3345 23].
1606 3317 1660 3324 —
1699 3289 1787 3338 τὸν
1820 3289 1884 3339 ‘H.
1915 3319 1970 3325 —
2010 3291 2191 3348 πόσους
2229 3291 2316 3340 οἷἐι

1350 3365 1662 3420 βλασφημεῖν,
1685 3359 1796 3417 τοὺς
1814 3363 1902 3420 μὲν
1922 3359 1987 3417 ὠς
2001 3367 2184 3417 κλῶπα,
2205 3362 2317 3416 τούς

1350 3432 1398 3478 δὲ
1430 3427 1495 3485 (ὃς
1523 3434 1700 3491 βίαιον,
1733 3429 1844 3487 τοὺς
1874 3433 1922 3480 δὲ
1941 3437 2020 3480 καὶ
2039 3431 2214 3493 μοιχὸν
2243 3433 2314 3479 λέ-

1348 3519 1449 3561 γειν
1478 3499 1507 3561 ἢ
1527 3503 1848 3550 τεκνοκτόνον
1857 3527 1872 3561 ;
1902 3497 2007 3551 ἄλλ’
2032 3497 2163 3560 ὅμως
2184 3499 2317 3551 οὐδὲν

1353 3568 1482 3633 αὐτῷ
1518 3569 1704 3620 τούτων
1744 3570 1920 3630 ἔμελεν.
1958 3574 2004 3618 ΙΙ
2037 3579 2130 3627 167,
2166 3578 2230 3617 10.
2262 3599 2316 3605 -

1350 3643 1465 3688 filios
1494 3643 1699 3700 increpat
1738 3645 1857 3701 quod
1895 3657 2050 3701 rogum
2090 3657 2218 3688 suum
2248 3644 2314 3687 in-

1355 3712 1543 3758 cendere
1572 3714 1714 3758 nolint
1743 3714 1789 3757 II
1819 3717 1916 3769 219,
1951 3718 2014 3759 14.
2046 3739 2099 3746 —

1891 3786 1978 3828 23*
