<?xml version="1.0" encoding="UTF-8"?>
<!DOCTYPE html PUBLIC "-//W3C//DTD XHTML 1.0 Transitional//EN"
    "http://www.w3.org/TR/xhtml1/DTD/xhtml1-transitional.dtd">
<html xmlns="http://www.w3.org/1999/xhtml" xml:lang="en" lang="en">
 <head>
  <title>
</title>
<meta http-equiv="Content-Type" content="text/html;charset=utf-8" />
  <meta name='ocr-system' content='tesseract 3.04.00' />
  <meta name='ocr-capabilities' content='ocr_page ocr_carea ocr_par ocr_line ocrx_word'/>
</head>
<body>
  <div class='ocr_page' id='page_1' title='image "./dionisprusaensis02diocuoft_0206.png"; bbox 0 0 2684 4140; ppageno 0'>
   <div class='ocr_carea' id='block_1_1' title="bbox 331 253 1667 309">
    <p class='ocr_par' dir='ltr' id='par_1_1' title="bbox 331 253 1667 309">
     <span class='ocr_line' id='line_1_1' title="bbox 331 253 1667 309; baseline -0.007 0"><span class='ocrx_word' id='word_1_1' title='bbox 331 261 431 309; x_wconf 88' lang='lat'><strong><em>188</em></strong></span> <span class='ocrx_word' id='word_1_2' title='bbox 1082 254 1287 299; x_wconf 88' lang='lat' dir='ltr'>DIONIS</span> <span class='ocrx_word' id='word_1_3' title='bbox 1317 254 1402 297; x_wconf 86' lang='lat' dir='ltr'><strong><em>DE</em></strong></span> <span class='ocrx_word' id='word_1_4' title='bbox 1433 253 1667 299; x_wconf 89' lang='lat' dir='ltr'><strong>HABITU</strong></span> 
     </span>
    </p>
   </div>
   <div class='ocr_carea' id='block_1_2' title="bbox 239 396 2637 2862">
    <p class='ocr_par' dir='ltr' id='par_1_2' title="bbox 239 396 2637 2862">
     <span class='ocr_line' id='line_1_2' title="bbox 323 396 2418 471; baseline 0 -18"><span class='ocrx_word' id='word_1_5' title='bbox 323 399 445 471; x_wconf 86' lang='grc' dir='ltr'><strong><em>&lt;ού&gt;</em></strong></span> <span class='ocrx_word' id='word_1_6' title='bbox 482 401 820 451; x_wconf 88' lang='grc' dir='ltr'><strong><em>παντάπασι</em></strong></span> <span class='ocrx_word' id='word_1_7' title='bbox 859 396 1041 468; x_wconf 80' lang='grc' dir='ltr'><strong><em>ψευδῆ</em></strong></span> <span class='ocrx_word' id='word_1_8' title='bbox 1083 397 1302 448; x_wconf 83' lang='grc' dir='ltr'><strong><em>οἴονται</em></strong></span> <span class='ocrx_word' id='word_1_9' title='bbox 1338 399 1432 448; x_wconf 83' lang='grc' dir='ltr'><strong><em>καὶ</em></strong></span> <span class='ocrx_word' id='word_1_10' title='bbox 1468 396 1550 464; x_wconf 75' lang='grc' dir='ltr'><strong><em>τῴ</em></strong></span> <span class='ocrx_word' id='word_1_11' title='bbox 1588 399 1710 449; x_wconf 83' lang='grc' dir='ltr'><em>ὄντι</em></span> <span class='ocrx_word' id='word_1_12' title='bbox 1748 397 2038 460; x_wconf 85' lang='grc' dir='ltr'><strong><em>Αἴσωπος</em></strong></span> <span class='ocrx_word' id='word_1_13' title='bbox 2086 406 2283 452; x_wconf 91' lang='grc' dir='ltr'><strong><em>τοῦτον</em></strong></span> <span class='ocrx_word' id='word_1_14' title='bbox 2322 405 2418 455; x_wconf 87' lang='grc' dir='ltr'><strong><em>τὸν</em></strong></span> 
     </span>
     <span class='ocr_line' id='line_1_3' title="bbox 323 481 2420 554; baseline 0.002 -18"><span class='ocrx_word' id='word_1_15' title='bbox 323 488 534 554; x_wconf 92' lang='grc' dir='ltr'><strong><em>τρόπον</em></strong></span> <span class='ocrx_word' id='word_1_16' title='bbox 560 485 824 550; x_wconf 80' lang='grc' dir='ltr'><strong><em>ἐπειρᾶτο</em></strong></span> <span class='ocrx_word' id='word_1_17' title='bbox 851 483 1144 533; x_wconf 74' lang='grc' dir='ltr'><strong><em>νουθετεῖν</em></strong></span> <span class='ocrx_word' id='word_1_18' title='bbox 1170 484 1302 544; x_wconf 81' lang='grc' dir='ltr'><strong><em>τοὺς</em></strong></span> <span class='ocrx_word' id='word_1_19' title='bbox 1328 483 1678 551; x_wconf 73' lang='grc' dir='ltr'><strong><em>ἀνθρώπους</em></strong></span> <span class='ocrx_word' id='word_1_20' title='bbox 1702 485 1797 534; x_wconf 83' lang='grc' dir='ltr'><strong><em>καὶ</em></strong></span> <span class='ocrx_word' id='word_1_21' title='bbox 1817 481 2201 537; x_wconf 75' lang='grc' dir='ltr'><strong><em>ἐπιδεικνύναι</em></strong></span> <span class='ocrx_word' id='word_1_22' title='bbox 2229 489 2420 552; x_wconf 84' lang='grc' dir='ltr'><strong><em>αὐτοῖς</em></strong></span> 
     </span>
     <span class='ocr_line' id='line_1_4' title="bbox 324 564 2422 637; baseline 0.003 -18"><span class='ocrx_word' id='word_1_23' title='bbox 324 571 461 619; x_wconf 83' lang='grc' dir='ltr'><strong><em>ἅττα</em></strong></span> <span class='ocrx_word' id='word_1_24' title='bbox 500 569 935 636; x_wconf 80' lang='grc' dir='ltr'><strong><em>ἁμαρτάνουσιν,</em></strong></span> <span class='ocrx_word' id='word_1_25' title='bbox 976 568 1052 628; x_wconf 85' lang='grc' dir='ltr'><strong><em>ὡς</em></strong></span> <span class='ocrx_word' id='word_1_26' title='bbox 1091 567 1158 617; x_wconf 85' lang='grc' dir='ltr'><strong><em>ἂν</em></strong></span> <span class='ocrx_word' id='word_1_27' title='bbox 1194 564 1442 632; x_wconf 87' lang='grc' dir='ltr'><strong><em>μάλιστα</em></strong></span> <span class='ocrx_word' id='word_1_28' title='bbox 1483 568 1768 637; x_wconf 82' lang='grc' dir='ltr'><strong><em>ἠνείχοντο</em></strong></span> <span class='ocrx_word' id='word_1_29' title='bbox 1798 569 1982 632; x_wconf 82' lang='grc' dir='ltr'><strong><em>αὐτόν,</em></strong></span> <span class='ocrx_word' id='word_1_30' title='bbox 2020 567 2286 637; x_wconf 75' lang='grc' dir='ltr'><strong><em>ἡδόμενοι</em></strong></span> <span class='ocrx_word' id='word_1_31' title='bbox 2323 577 2422 627; x_wconf 82' lang='grc' dir='ltr'><strong><em>ἐπὶ</em></strong></span> 
     </span>
     <span class='ocr_line' id='line_1_5' title="bbox 322 649 2418 722; baseline 0.003 -19"><span class='ocrx_word' id='word_1_32' title='bbox 322 651 399 720; x_wconf 74' lang='grc' dir='ltr'><strong><em>τῷ</em></strong></span> <span class='ocrx_word' id='word_1_33' title='bbox 436 649 633 719; x_wconf 78' lang='grc' dir='ltr'><strong><em>γελοίῳ</em></strong></span> <span class='ocrx_word' id='word_1_34' title='bbox 671 652 766 702; x_wconf 84' lang='grc' dir='ltr'><strong><em>καὶ</em></strong></span> <span class='ocrx_word' id='word_1_35' title='bbox 801 655 922 713; x_wconf 88' lang='grc' dir='ltr'><strong><em>τοῖς</em></strong></span> <span class='ocrx_word' id='word_1_36' title='bbox 958 651 1202 716; x_wconf 80' lang='grc' dir='ltr'><strong><em>μύθοις’</em></strong></span> <span class='ocrx_word' id='word_1_37' title='bbox 1244 653 1438 721; x_wconf 87' lang='grc' dir='ltr'><strong><em>ὥσπερ</em></strong></span> <span class='ocrx_word' id='word_1_38' title='bbox 1478 653 1547 702; x_wconf 81' lang='grc' dir='ltr'><strong><em>τὰ</em></strong></span> <span class='ocrx_word' id='word_1_39' title='bbox 1588 651 1796 704; x_wconf 88' lang='grc' dir='ltr'><strong><em>παιδία</em></strong></span> <span class='ocrx_word' id='word_1_40' title='bbox 1825 658 1951 715; x_wconf 89' lang='grc' dir='ltr'><strong><em>ταῖς</em></strong></span> <span class='ocrx_word' id='word_1_41' title='bbox 1978 655 2211 718; x_wconf 88' lang='grc' dir='ltr'><strong><em>τίτθαις</em></strong></span> <span class='ocrx_word' id='word_1_42' title='bbox 2236 659 2418 722; x_wconf 90' lang='grc' dir='ltr'><strong><em>μυθο-</em></strong></span> 
     </span>
     <span class='ocr_line' id='line_1_6' title="bbox 323 735 2475 814; baseline 0.004 -27"><span class='ocrx_word' id='word_1_43' title='bbox 323 736 683 804; x_wconf 88' lang='grc' dir='ltr'><strong><em>λογουμέναις</em></strong></span> <span class='ocrx_word' id='word_1_44' title='bbox 721 738 1068 806; x_wconf 89' lang='grc' dir='ltr'><strong><em>προσέχουσί</em></strong></span> <span class='ocrx_word' id='word_1_45' title='bbox 1103 754 1164 788; x_wconf 91' lang='grc' dir='ltr'><strong><em>τε</em></strong></span> <span class='ocrx_word' id='word_1_46' title='bbox 1200 739 1293 788; x_wconf 85' lang='grc' dir='ltr'><strong><em>καὶ</em></strong></span> <span class='ocrx_word' id='word_1_47' title='bbox 1330 735 1581 806; x_wconf 75' lang='grc' dir='ltr'><strong><em>ἥδονται.</em></strong></span> <span class='ocrx_word' id='word_1_48' title='bbox 1751 740 1867 789; x_wconf 85' lang='grc' dir='ltr'><strong><em>ἀπὸ</em></strong></span> <span class='ocrx_word' id='word_1_49' title='bbox 1910 737 1973 809; x_wconf 83' lang='grc' dir='ltr'><strong><em>δὴ</em></strong></span> <span class='ocrx_word' id='word_1_50' title='bbox 2013 747 2112 811; x_wconf 85' lang='grc' dir='ltr'><strong><em>τῆς</em></strong></span> <span class='ocrx_word' id='word_1_51' title='bbox 2149 745 2415 814; x_wconf 82' lang='grc' dir='ltr'><strong><em>τοιαύτης</em></strong></span> <span class='ocrx_word' id='word_1_52' title='bbox 2452 756 2475 796; x_wconf 84' lang='lat'><strong>5</strong></span> 
     </span>
     <span class='ocr_line' id='line_1_7' title="bbox 321 813 2422 892; baseline 0.003 -20"><span class='ocrx_word' id='word_1_53' title='bbox 321 820 498 890; x_wconf 88' lang='grc' dir='ltr'><strong><em>δόξης,</em></strong></span> <span class='ocrx_word' id='word_1_54' title='bbox 538 823 615 883; x_wconf 85' lang='grc' dir='ltr'><strong><em>ὡς</em></strong></span> <span class='ocrx_word' id='word_1_55' title='bbox 650 823 743 873; x_wconf 83' lang='grc' dir='ltr'><strong><em>καὶ</em></strong></span> <span class='ocrx_word' id='word_1_56' title='bbox 781 813 922 890; x_wconf 73' lang='grc' dir='ltr'><strong><em>παρ’</em></strong></span> <span class='ocrx_word' id='word_1_57' title='bbox 965 825 1123 892; x_wconf 87' lang='grc' dir='ltr'><strong><em>ήμῶν</em></strong></span> <span class='ocrx_word' id='word_1_58' title='bbox 1162 823 1534 889; x_wconf 90' lang='grc' dir='ltr'><strong><em>ἀκουσόμενοί</em></strong></span> <span class='ocrx_word' id='word_1_59' title='bbox 1571 841 1628 874; x_wconf 92' lang='grc' dir='ltr'><strong><em>τι</em></strong></span> <span class='ocrx_word' id='word_1_60' title='bbox 1665 830 1925 875; x_wconf 88' lang='grc' dir='ltr'><strong><em>τοιοῦτον</em></strong></span> <span class='ocrx_word' id='word_1_61' title='bbox 1970 824 2090 876; x_wconf 85' lang='grc' dir='ltr'><strong><em>οἷον</em></strong></span> <span class='ocrx_word' id='word_1_62' title='bbox 2131 825 2422 890; x_wconf 86' lang='grc' dir='ltr'><strong><em>Αἴσωπος</em></strong></span> 
     </span>
     <span class='ocr_line' id='line_1_8' title="bbox 319 903 2423 979; baseline 0.003 -22"><span class='ocrx_word' id='word_1_63' title='bbox 319 904 500 974; x_wconf 84' lang='grc' dir='ltr'><strong><em>ἔλεγεν</em></strong></span> <span class='ocrx_word' id='word_1_64' title='bbox 536 908 568 976; x_wconf 84' lang='grc' dir='ltr'><em>ἢ</em></span> <span class='ocrx_word' id='word_1_65' title='bbox 614 908 816 958; x_wconf 85' lang='grc' dir='ltr'><strong><em>ὁποῖον</em></strong></span> <span class='ocrx_word' id='word_1_66' title='bbox 852 909 1153 978; x_wconf 81' lang='grc' dir='ltr'><strong><em>Σωκράτης</em></strong></span> <span class='ocrx_word' id='word_1_67' title='bbox 1190 909 1222 978; x_wconf 86' lang='grc' dir='ltr'><em>ἢ</em></span> <span class='ocrx_word' id='word_1_68' title='bbox 1265 903 1484 977; x_wconf 85' lang='grc' dir='ltr'><strong><em>[ὁποῖα]</em></strong></span> <span class='ocrx_word' id='word_1_69' title='bbox 1523 910 1816 979; x_wconf 86' lang='grc' dir='ltr'><strong><em>Διογένης,</em></strong></span> <span class='ocrx_word' id='word_1_70' title='bbox 1860 912 2138 979; x_wconf 75' lang='grc' dir='ltr'><strong><em>προσίασι</em></strong></span> <span class='ocrx_word' id='word_1_71' title='bbox 2174 913 2269 963; x_wconf 79' lang='grc' dir='ltr'><strong><em>καὶ</em></strong></span> <span class='ocrx_word' id='word_1_72' title='bbox 2305 915 2423 965; x_wconf 80' lang='grc' dir='ltr'><strong><em>ἐνο-</em></strong></span> 
     </span>
     <span class='ocr_line' id='line_1_9' title="bbox 314 989 2419 1067; baseline 0.003 -26"><span class='ocrx_word' id='word_1_73' title='bbox 314 989 513 1057; x_wconf 88' lang='grc' dir='ltr'><strong><em>χλοῦσι</em></strong></span> <span class='ocrx_word' id='word_1_74' title='bbox 559 993 653 1042; x_wconf 85' lang='grc' dir='ltr'><strong><em>καὶ</em></strong></span> <span class='ocrx_word' id='word_1_75' title='bbox 703 993 765 1042; x_wconf 84' lang='grc' dir='ltr'><strong><em>οὐ</em></strong></span> <span class='ocrx_word' id='word_1_76' title='bbox 819 990 1085 1044; x_wconf 89' lang='grc' dir='ltr'><strong><em>δύνανται</em></strong></span> <span class='ocrx_word' id='word_1_77' title='bbox 1132 994 1484 1059; x_wconf 87' lang='grc' dir='ltr'><strong><em>ἀπέχεσθαι,</em></strong></span> <span class='ocrx_word' id='word_1_78' title='bbox 1538 995 1600 1045; x_wconf 83' lang='grc' dir='ltr'><strong><em>ὃν</em></strong></span> <span class='ocrx_word' id='word_1_79' title='bbox 1650 996 1717 1045; x_wconf 85' lang='grc' dir='ltr'><strong><em>ἂν</em></strong></span> <span class='ocrx_word' id='word_1_80' title='bbox 1768 993 1968 1046; x_wconf 86' lang='grc' dir='ltr'><strong><em>ἴδωσιν</em></strong></span> <span class='ocrx_word' id='word_1_81' title='bbox 2016 997 2074 1046; x_wconf 83' lang='grc' dir='ltr'><strong><em>έν</em></strong></span> <span class='ocrx_word' id='word_1_82' title='bbox 2121 999 2299 1065; x_wconf 83' lang='grc' dir='ltr'><strong><em>τούτῳ</em></strong></span> <span class='ocrx_word' id='word_1_83' title='bbox 2340 998 2419 1067; x_wconf 75' lang='grc' dir='ltr'><strong><em>τῴ</em></strong></span> 
     </span>
     <span class='ocr_line' id='line_1_10' title="bbox 323 1075 2421 1152; baseline 0.003 -25"><span class='ocrx_word' id='word_1_84' title='bbox 323 1079 578 1148; x_wconf 87' lang='grc' dir='ltr'><strong><em>σχήματι,</em></strong></span> <span class='ocrx_word' id='word_1_85' title='bbox 620 1079 683 1128; x_wconf 82' lang='grc' dir='ltr'><strong><em>οὐ</em></strong></span> <span class='ocrx_word' id='word_1_86' title='bbox 720 1075 934 1144; x_wconf 83' lang='grc' dir='ltr'><strong><em>μᾶλλον</em></strong></span> <span class='ocrx_word' id='word_1_87' title='bbox 960 1081 992 1149; x_wconf 86' lang='grc' dir='ltr'><em>ἢ</em></span> <span class='ocrx_word' id='word_1_88' title='bbox 1021 1080 1089 1130; x_wconf 82' lang='grc' dir='ltr'><strong><em>τὰ</em></strong></span> <span class='ocrx_word' id='word_1_89' title='bbox 1119 1082 1300 1149; x_wconf 83' lang='grc' dir='ltr'><strong><em>ὄρνεα,</em></strong></span> <span class='ocrx_word' id='word_1_90' title='bbox 1339 1078 1575 1132; x_wconf 81' lang='grc' dir='ltr'><strong><em>ἐπειδὰν</em></strong></span> <span class='ocrx_word' id='word_1_91' title='bbox 1616 1078 1788 1132; x_wconf 89' lang='grc' dir='ltr'><strong><em>ἴδωσι</em></strong></span> <span class='ocrx_word' id='word_1_92' title='bbox 1824 1078 2062 1148; x_wconf 87' lang='grc' dir='ltr'><strong><em>γλαῦκα·</em></strong></span> <span class='ocrx_word' id='word_1_93' title='bbox 2102 1075 2200 1152; x_wconf 77' lang='grc' dir='ltr'><strong><em>ἐφ’</em></strong></span> <span class='ocrx_word' id='word_1_94' title='bbox 2246 1075 2292 1150; x_wconf 79' lang='grc' dir='ltr'><em>ᾦ</em></span> <span class='ocrx_word' id='word_1_95' title='bbox 2327 1087 2421 1136; x_wconf 84' lang='grc' dir='ltr'><strong><em>καὶ</em></strong></span> 
     </span>
     <span class='ocr_line' id='line_1_11' title="bbox 239 1158 2504 1239; baseline 0.003 -26"><span class='ocrx_word' id='word_1_96' title='bbox 239 1158 606 1224; x_wconf 84' lang='grc' dir='ltr'><strong><em>14ξυνετίθει</em></strong></span> <span class='ocrx_word' id='word_1_97' title='bbox 646 1161 807 1231; x_wconf 92' lang='grc' dir='ltr'><strong><em>λόγον</em></strong></span> <span class='ocrx_word' id='word_1_98' title='bbox 845 1163 1135 1227; x_wconf 83' lang='grc' dir='ltr'><strong><em>Αἴσωπος</em></strong></span> <span class='ocrx_word' id='word_1_99' title='bbox 1185 1172 1469 1230; x_wconf 91' lang='grc' dir='ltr'><strong><em>τοιοῦτον,</em></strong></span> <span class='ocrx_word' id='word_1_100' title='bbox 1521 1168 1598 1228; x_wconf 84' lang='grc' dir='ltr'><strong><em>ὡς</em></strong></span> <span class='ocrx_word' id='word_1_101' title='bbox 1646 1167 1715 1217; x_wconf 84' lang='grc' dir='ltr'><strong><em>τὰ</em></strong></span> <span class='ocrx_word' id='word_1_102' title='bbox 1770 1169 1933 1233; x_wconf 88' lang='grc' dir='ltr'><strong><em>ὄρνεα</em></strong></span> <span class='ocrx_word' id='word_1_103' title='bbox 1984 1164 2225 1238; x_wconf 76' lang='grc' dir='ltr'><strong><em>ξυνῆλθε</em></strong></span> <span class='ocrx_word' id='word_1_104' title='bbox 2275 1171 2420 1239; x_wconf 86' lang='grc' dir='ltr'><strong><em>πρὸς</em></strong></span> <span class='ocrx_word' id='word_1_105' title='bbox 2458 1179 2504 1221; x_wconf 89' lang='lat'><strong><em>10</em></strong></span> 
     </span>
     <span class='ocr_line' id='line_1_12' title="bbox 317 1245 2425 1325; baseline 0.003 -26"><span class='ocrx_word' id='word_1_106' title='bbox 317 1251 415 1318; x_wconf 87' lang='grc' dir='ltr'><strong><em>τήν</em></strong></span> <span class='ocrx_word' id='word_1_107' title='bbox 462 1245 670 1316; x_wconf 88' lang='grc' dir='ltr'><strong><em>γλαῦκα</em></strong></span> <span class='ocrx_word' id='word_1_108' title='bbox 719 1251 814 1300; x_wconf 83' lang='grc' dir='ltr'><strong><em>καὶ</em></strong></span> <span class='ocrx_word' id='word_1_109' title='bbox 850 1248 1035 1301; x_wconf 82' lang='grc' dir='ltr'><strong><em>ἐδεῖτο</em></strong></span> <span class='ocrx_word' id='word_1_110' title='bbox 1086 1258 1184 1322; x_wconf 86' lang='grc' dir='ltr'><strong><em>τῆς</em></strong></span> <span class='ocrx_word' id='word_1_111' title='bbox 1231 1253 1333 1317; x_wconf 80' lang='grc' dir='ltr'><strong><em>μὲν</em></strong></span> <span class='ocrx_word' id='word_1_112' title='bbox 1386 1253 1501 1302; x_wconf 87' lang='grc' dir='ltr'><strong><em>ἀπὸ</em></strong></span> <span class='ocrx_word' id='word_1_113' title='bbox 1542 1258 1654 1303; x_wconf 85' lang='grc' dir='ltr'><strong><em>τῶν</em></strong></span> <span class='ocrx_word' id='word_1_114' title='bbox 1694 1250 2162 1322; x_wconf 84' lang='grc' dir='ltr'><strong><em>οἰκοδομημάτων</em></strong></span> <span class='ocrx_word' id='word_1_115' title='bbox 2215 1258 2425 1325; x_wconf 88' lang='grc' dir='ltr'><strong><em>σκέπης</em></strong></span> 
     </span>
     <span class='ocr_line' id='line_1_13' title="bbox 318 1334 2422 1408; baseline 0.003 -24"><span class='ocrx_word' id='word_1_116' title='bbox 318 1334 790 1398; x_wconf 88' lang='grc' dir='ltr'><strong><em>ἀπανίστασθαι,</em></strong></span> <span class='ocrx_word' id='word_1_117' title='bbox 841 1338 987 1406; x_wconf 86' lang='grc' dir='ltr'><strong><em>πρὸς</em></strong></span> <span class='ocrx_word' id='word_1_118' title='bbox 1026 1334 1084 1386; x_wconf 83' lang='grc' dir='ltr'><strong><em>δὲ</em></strong></span> <span class='ocrx_word' id='word_1_119' title='bbox 1123 1337 1191 1387; x_wconf 81' lang='grc' dir='ltr'><strong><em>τὰ</em></strong></span> <span class='ocrx_word' id='word_1_120' title='bbox 1233 1334 1433 1406; x_wconf 88' lang='grc' dir='ltr'><strong><em>δένδρα</em></strong></span> <span class='ocrx_word' id='word_1_121' title='bbox 1473 1340 1570 1408; x_wconf 86' lang='grc' dir='ltr'><strong><em>τήν</em></strong></span> <span class='ocrx_word' id='word_1_122' title='bbox 1608 1335 1836 1401; x_wconf 91' lang='grc' dir='ltr'><strong><em>καλιάν,</em></strong></span> <span class='ocrx_word' id='word_1_123' title='bbox 1889 1339 2082 1407; x_wconf 88' lang='grc' dir='ltr'><strong><em>ὥσπερ</em></strong></span> <span class='ocrx_word' id='word_1_124' title='bbox 2133 1340 2227 1390; x_wconf 83' lang='grc' dir='ltr'><strong><em>καὶ</em></strong></span> <span class='ocrx_word' id='word_1_125' title='bbox 2265 1340 2422 1404; x_wconf 79' lang='grc' dir='ltr'><strong><em>αὐτά,</em></strong></span> 
     </span>
     <span class='ocr_line' id='line_1_14' title="bbox 317 1416 2423 1493; baseline 0.003 -23"><span class='ocrx_word' id='word_1_126' title='bbox 317 1421 411 1470; x_wconf 83' lang='grc' dir='ltr'><strong><em>καὶ</em></strong></span> <span class='ocrx_word' id='word_1_127' title='bbox 447 1421 578 1481; x_wconf 77' lang='grc' dir='ltr'><strong><em>τοὺς</em></strong></span> <span class='ocrx_word' id='word_1_128' title='bbox 614 1422 828 1471; x_wconf 92' lang='grc' dir='ltr'><strong><em>τούτων</em></strong></span> <span class='ocrx_word' id='word_1_129' title='bbox 865 1423 1341 1492; x_wconf 77' lang='grc' dir='ltr'><strong><em>μεταπήγνυσθαι</em></strong></span> <span class='ocrx_word' id='word_1_130' title='bbox 1377 1420 1620 1486; x_wconf 84' lang='grc' dir='ltr'><strong><em>κλῶνας,</em></strong></span> <span class='ocrx_word' id='word_1_131' title='bbox 1671 1416 1780 1493; x_wconf 74' lang='grc' dir='ltr'><strong><em>ἀφ’</em></strong></span> <span class='ocrx_word' id='word_1_132' title='bbox 1825 1422 1901 1474; x_wconf 83' lang='grc' dir='ltr'><strong><em>ὧν</em></strong></span> <span class='ocrx_word' id='word_1_133' title='bbox 1938 1425 2032 1474; x_wconf 82' lang='grc' dir='ltr'><strong><em>καὶ</em></strong></span> <span class='ocrx_word' id='word_1_134' title='bbox 2071 1416 2230 1492; x_wconf 81' lang='grc' dir='ltr'><strong><em>ᾄδειν</em></strong></span> <span class='ocrx_word' id='word_1_135' title='bbox 2268 1426 2423 1477; x_wconf 84' lang='grc' dir='ltr'><strong><em>ἔστιν</em></strong></span> 
     </span>
     <span class='ocr_line' id='line_1_15' title="bbox 321 1505 2423 1580; baseline 0.003 -25"><span class='ocrx_word' id='word_1_136' title='bbox 321 1506 720 1575; x_wconf 77' lang='grc' dir='ltr'><strong><em>εὐσημότερον·</em></strong></span> <span class='ocrx_word' id='word_1_137' title='bbox 765 1508 859 1557; x_wconf 85' lang='grc' dir='ltr'><strong><em>καὶ</em></strong></span> <span class='ocrx_word' id='word_1_138' title='bbox 899 1505 961 1578; x_wconf 84' lang='grc' dir='ltr'><strong><em>δή</em></strong></span> <span class='ocrx_word' id='word_1_139' title='bbox 1002 1509 1096 1558; x_wconf 86' lang='grc' dir='ltr'><strong><em>καὶ</em></strong></span> <span class='ocrx_word' id='word_1_140' title='bbox 1133 1510 1279 1577; x_wconf 86' lang='grc' dir='ltr'><strong><em>πρὸς</em></strong></span> <span class='ocrx_word' id='word_1_141' title='bbox 1319 1507 1449 1578; x_wconf 92' lang='grc' dir='ltr'><strong><em>δρῦν</em></strong></span> <span class='ocrx_word' id='word_1_142' title='bbox 1488 1511 1719 1575; x_wconf 83' lang='grc' dir='ltr'><strong><em>ταυτηνὶ</em></strong></span> <span class='ocrx_word' id='word_1_143' title='bbox 1757 1510 1887 1578; x_wconf 83' lang='grc' dir='ltr'><strong><em>ἄρτι</em></strong></span> <span class='ocrx_word' id='word_1_144' title='bbox 1928 1514 2229 1580; x_wconf 82' lang='grc' dir='ltr'><strong><em>φυομένην,</em></strong></span> <span class='ocrx_word' id='word_1_145' title='bbox 2268 1513 2423 1562; x_wconf 78' lang='grc' dir='ltr'><strong><em>ἐπει-</em></strong></span> 
     </span>
     <span class='ocr_line' id='line_1_16' title="bbox 322 1588 2504 1667; baseline 0.001 -26"><span class='ocrx_word' id='word_1_146' title='bbox 322 1588 423 1642; x_wconf 84' lang='grc' dir='ltr'><strong><em>δάν</em></strong></span> <span class='ocrx_word' id='word_1_147' title='bbox 470 1593 616 1659; x_wconf 87' lang='grc' dir='ltr'><strong><em>πρὸς</em></strong></span> <span class='ocrx_word' id='word_1_148' title='bbox 655 1593 804 1660; x_wconf 85' lang='grc' dir='ltr'><strong><em>ὥραν</em></strong></span> <span class='ocrx_word' id='word_1_149' title='bbox 842 1594 1143 1662; x_wconf 86' lang='grc' dir='ltr'><strong><em>ἀφίκηται,</em></strong></span> <span class='ocrx_word' id='word_1_150' title='bbox 1195 1595 1436 1659; x_wconf 84' lang='grc' dir='ltr'><strong><em>ἑτοίμως</em></strong></span> <span class='ocrx_word' id='word_1_151' title='bbox 1475 1596 1619 1659; x_wconf 84' lang='grc' dir='ltr'><strong><em>ἔχειν</em></strong></span> <span class='ocrx_word' id='word_1_152' title='bbox 1672 1591 1879 1657; x_wconf 79' lang='grc' dir='ltr'><strong><em>ἱζάνειν</em></strong></span> <span class='ocrx_word' id='word_1_153' title='bbox 1923 1597 2017 1646; x_wconf 82' lang='grc' dir='ltr'><strong><em>καὶ</em></strong></span> <span class='ocrx_word' id='word_1_154' title='bbox 2054 1602 2152 1666; x_wconf 83' lang='grc' dir='ltr'><strong><em>τῆς</em></strong></span> <span class='ocrx_word' id='word_1_155' title='bbox 2185 1593 2418 1667; x_wconf 79' lang='grc' dir='ltr'><strong><em>χλοερᾶς</em></strong></span> <span class='ocrx_word' id='word_1_156' title='bbox 2457 1605 2504 1647; x_wconf 88' lang='grc'><strong><em>15</em></strong></span> 
     </span>
     <span class='ocr_line' id='line_1_17' title="bbox 319 1672 2427 1751; baseline 0.003 -26"><span class='ocrx_word' id='word_1_157' title='bbox 319 1678 494 1745; x_wconf 87' lang='grc' dir='ltr'><strong><em>κόμης</em></strong></span> <span class='ocrx_word' id='word_1_158' title='bbox 532 1677 886 1728; x_wconf 91' lang='grc' dir='ltr'><strong><em>ἀπόνασθαι.</em></strong></span> <span class='ocrx_word' id='word_1_159' title='bbox 964 1672 1090 1728; x_wconf 79' lang='grc' dir='ltr'><strong><em>ἀλλ’</em></strong></span> <span class='ocrx_word' id='word_1_160' title='bbox 1137 1678 1232 1729; x_wconf 75' lang='grc' dir='ltr'><strong><em>οῦν</em></strong></span> <span class='ocrx_word' id='word_1_161' title='bbox 1270 1681 1369 1748; x_wconf 90' lang='grc' dir='ltr'><strong><em>τήν</em></strong></span> <span class='ocrx_word' id='word_1_162' title='bbox 1406 1695 1466 1746; x_wconf 87' lang='grc' dir='ltr'><strong><em>γε</em></strong></span> <span class='ocrx_word' id='word_1_163' title='bbox 1503 1677 1710 1746; x_wconf 87' lang='grc' dir='ltr'><strong><em>γλαῦκα</em></strong></span> <span class='ocrx_word' id='word_1_164' title='bbox 1749 1682 1822 1750; x_wconf 82' lang='grc' dir='ltr'><strong><em>μὴ</em></strong></span> <span class='ocrx_word' id='word_1_165' title='bbox 1864 1686 2031 1730; x_wconf 89' lang='grc' dir='ltr'><strong><em>τοῦτο</em></strong></span> <span class='ocrx_word' id='word_1_166' title='bbox 2058 1685 2180 1742; x_wconf 92' lang='grc' dir='ltr'><strong><em>τοῖς</em></strong></span> <span class='ocrx_word' id='word_1_167' title='bbox 2208 1682 2427 1751; x_wconf 85' lang='grc' dir='ltr'><strong><em>ὀρνέοις</em></strong></span> 
     </span>
     <span class='ocr_line' id='line_1_18' title="bbox 322 1760 2427 1835; baseline 0.003 -26"><span class='ocrx_word' id='word_1_168' title='bbox 322 1764 510 1810; x_wconf 87' lang='grc' dir='ltr'><strong><em>ποιεῖν</em></strong></span> <span class='ocrx_word' id='word_1_169' title='bbox 548 1766 848 1829; x_wconf 86' lang='grc' dir='ltr'><strong><em>παραινεῖν</em></strong></span> <span class='ocrx_word' id='word_1_170' title='bbox 887 1760 1028 1832; x_wconf 83' lang='grc' dir='ltr'><strong><em>μηδὲ</em></strong></span> <span class='ocrx_word' id='word_1_171' title='bbox 1081 1770 1264 1832; x_wconf 82' lang='grc' dir='ltr'><strong><em>φυτοῦ</em></strong></span> <span class='ocrx_word' id='word_1_172' title='bbox 1308 1761 1522 1832; x_wconf 78' lang='grc' dir='ltr'><strong><em>βλάστῃ</em></strong></span> <span class='ocrx_word' id='word_1_173' title='bbox 1563 1761 1890 1834; x_wconf 80' lang='grc' dir='ltr'><strong><em>ἐφήδεσθαι</em></strong></span> <span class='ocrx_word' id='word_1_174' title='bbox 1931 1761 2067 1827; x_wconf 54' lang='grc' dir='ltr'><strong><em>(ἰξὸν</em></strong></span> <span class='ocrx_word' id='word_1_175' title='bbox 2107 1769 2427 1835; x_wconf 89' lang='grc' dir='ltr'><strong><em>πεφυκότος</em></strong></span> 
     </span>
     <span class='ocr_line' id='line_1_19' title="bbox 240 1844 2637 1919; baseline 0.004 -23"><span class='ocrx_word' id='word_1_176' title='bbox 240 1847 304 1896; x_wconf 84' lang='grc'><strong><em>15</em></strong></span> <span class='ocrx_word' id='word_1_177' title='bbox 330 1848 548 1913; x_wconf 90' lang='grc' dir='ltr'><strong><em>φέρειν,</em></strong></span> <span class='ocrx_word' id='word_1_178' title='bbox 595 1850 833 1915; x_wconf 84' lang='grc' dir='ltr'><strong><em>πτηνοῖς</em></strong></span> <span class='ocrx_word' id='word_1_179' title='bbox 874 1844 1158 1917; x_wconf 84' lang='grc' dir='ltr'><strong><em>ὄλεθρον’.</em></strong></span> <span class='ocrx_word' id='word_1_180' title='bbox 1234 1849 1303 1898; x_wconf 84' lang='grc' dir='ltr'><strong><em>τὰ</em></strong></span> <span class='ocrx_word' id='word_1_181' title='bbox 1345 1846 1403 1899; x_wconf 83' lang='grc' dir='ltr'><strong><em>δὲ</em></strong></span> <span class='ocrx_word' id='word_1_182' title='bbox 1441 1849 1581 1918; x_wconf 91' lang='grc' dir='ltr'><strong><em>μήτε</em></strong></span> <span class='ocrx_word' id='word_1_183' title='bbox 1619 1857 1717 1919; x_wconf 86' lang='grc' dir='ltr'><strong><em>τῆς</em></strong></span> <span class='ocrx_word' id='word_1_184' title='bbox 1759 1846 2070 1919; x_wconf 79' lang='grc' dir='ltr'><strong><em>ξυμβουλῆς</em></strong></span> <span class='ocrx_word' id='word_1_185' title='bbox 2119 1848 2637 1915; x_wconf 77' lang='grc' dir='ltr'><strong><em>ἀπεδέχετοι3εεΒΗ)</em></strong></span> 
     </span>
     <span class='ocr_line' id='line_1_20' title="bbox 322 1928 2425 2005; baseline 0.003 -26"><span class='ocrx_word' id='word_1_186' title='bbox 322 1932 419 2000; x_wconf 84' lang='grc' dir='ltr'><strong><em>τήν</em></strong></span> <span class='ocrx_word' id='word_1_187' title='bbox 471 1928 708 1997; x_wconf 89' lang='grc' dir='ltr'><strong><em>γλαῦκα,</em></strong></span> <span class='ocrx_word' id='word_1_188' title='bbox 766 1933 1092 1984; x_wconf 82' lang='grc' dir='ltr'><strong><em>τούναντίον</em></strong></span> <span class='ocrx_word' id='word_1_189' title='bbox 1145 1931 1226 1993; x_wconf 79' lang='grc' dir='ltr'><strong><em>δὲ,</em></strong></span> <span class='ocrx_word' id='word_1_190' title='bbox 1255 1935 1442 2004; x_wconf 81' lang='grc' dir='ltr'><strong><em>ἔχαιρε</em></strong></span> <span class='ocrx_word' id='word_1_191' title='bbox 1491 1941 1560 2004; x_wconf 85' lang='grc' dir='ltr'><strong><em>τῇ</em></strong></span> <span class='ocrx_word' id='word_1_192' title='bbox 1611 1932 1738 2004; x_wconf 82' lang='grc' dir='ltr'><strong><em>δρυῒ</em></strong></span> <span class='ocrx_word' id='word_1_193' title='bbox 1785 1939 2064 2005; x_wconf 82' lang='grc' dir='ltr'><strong><em>φυομένῃ,</em></strong></span> <span class='ocrx_word' id='word_1_194' title='bbox 2116 1933 2315 2005; x_wconf 83' lang='grc' dir='ltr'><strong><em>ἐπειδή</em></strong></span> <span class='ocrx_word' id='word_1_195' title='bbox 2365 1953 2425 1986; x_wconf 91' lang='grc' dir='ltr'><strong><em>τε</em></strong></span> 
     </span>
     <span class='ocr_line' id='line_1_21' title="bbox 324 2005 2503 2091; baseline 0.003 -26"><span class='ocrx_word' id='word_1_196' title='bbox 324 2016 477 2087; x_wconf 83' lang='grc' dir='ltr'><strong><em>ἱκανή</em></strong></span> <span class='ocrx_word' id='word_1_197' title='bbox 517 2014 599 2086; x_wconf 77' lang='grc' dir='ltr'><strong><em>ἦν,</em></strong></span> <span class='ocrx_word' id='word_1_198' title='bbox 637 2018 959 2070; x_wconf 85' lang='grc' dir='ltr'><strong><em>καθίσαντα</em></strong></span> <span class='ocrx_word' id='word_1_199' title='bbox 1000 2012 1098 2070; x_wconf 72' lang='grc' dir='ltr'><strong><em>ἐπ’</em></strong></span> <span class='ocrx_word' id='word_1_200' title='bbox 1144 2021 1312 2091; x_wconf 83' lang='grc' dir='ltr'><strong><em>αὐτὴν</em></strong></span> <span class='ocrx_word' id='word_1_201' title='bbox 1350 2005 1499 2089; x_wconf 76' lang='grc' dir='ltr'><strong><em>ᾖδεν.</em></strong></span> <span class='ocrx_word' id='word_1_202' title='bbox 1575 2024 1871 2088; x_wconf 90' lang='grc' dir='ltr'><strong><em>γενομένου</em></strong></span> <span class='ocrx_word' id='word_1_203' title='bbox 1914 2018 1972 2071; x_wconf 83' lang='grc' dir='ltr'><strong><em>δὲ</em></strong></span> <span class='ocrx_word' id='word_1_204' title='bbox 2012 2027 2115 2071; x_wconf 89' lang='grc' dir='ltr'><strong><em>τοῦ</em></strong></span> <span class='ocrx_word' id='word_1_205' title='bbox 2162 2019 2286 2085; x_wconf 84' lang='grc' dir='ltr'><strong><em>ἰξοῦ</em></strong></span> <span class='ocrx_word' id='word_1_206' title='bbox 2320 2023 2418 2090; x_wconf 77' lang='grc' dir='ltr'><strong><em>ρᾳ-</em></strong></span> <span class='ocrx_word' id='word_1_207' title='bbox 2455 2031 2503 2072; x_wconf 87' lang='grc'><strong><em>20</em></strong></span> 
     </span>
     <span class='ocr_line' id='line_1_22' title="bbox 324 2098 2423 2177; baseline 0.002 -25"><span class='ocrx_word' id='word_1_208' title='bbox 324 2098 458 2164; x_wconf 87' lang='grc' dir='ltr'><strong><em>δίως</em></strong></span> <span class='ocrx_word' id='word_1_209' title='bbox 495 2101 598 2173; x_wconf 80' lang='grc' dir='ltr'><strong><em>ἤδη</em></strong></span> <span class='ocrx_word' id='word_1_210' title='bbox 638 2106 750 2155; x_wconf 81' lang='grc' dir='ltr'><strong><em>ὑπὸ</em></strong></span> <span class='ocrx_word' id='word_1_211' title='bbox 789 2110 900 2156; x_wconf 85' lang='grc' dir='ltr'><strong><em>τῶν</em></strong></span> <span class='ocrx_word' id='word_1_212' title='bbox 928 2107 1256 2175; x_wconf 87' lang='grc' dir='ltr'><strong><em>ἀνθρώπων</em></strong></span> <span class='ocrx_word' id='word_1_213' title='bbox 1284 2104 1624 2172; x_wconf 79' lang='grc' dir='ltr'><strong><em>ἁλισκόμενα</em></strong></span> <span class='ocrx_word' id='word_1_214' title='bbox 1649 2109 1948 2172; x_wconf 88' lang='grc' dir='ltr'><strong><em>μετενόουν</em></strong></span> <span class='ocrx_word' id='word_1_215' title='bbox 1973 2109 2067 2158; x_wconf 84' lang='grc' dir='ltr'><strong><em>καὶ</em></strong></span> <span class='ocrx_word' id='word_1_216' title='bbox 2093 2108 2191 2177; x_wconf 87' lang='grc' dir='ltr'><strong><em>τήν</em></strong></span> <span class='ocrx_word' id='word_1_217' title='bbox 2216 2103 2423 2173; x_wconf 88' lang='grc' dir='ltr'><strong><em>γλαῦκα</em></strong></span> 
     </span>
     <span class='ocr_line' id='line_1_23' title="bbox 322 2184 2424 2262; baseline 0.002 -25"><span class='ocrx_word' id='word_1_218' title='bbox 322 2184 645 2253; x_wconf 79' lang='grc' dir='ltr'><strong><em>ἐθαύμαζον</em></strong></span> <span class='ocrx_word' id='word_1_219' title='bbox 683 2191 781 2241; x_wconf 84' lang='grc' dir='ltr'><strong><em>ἐπὶ</em></strong></span> <span class='ocrx_word' id='word_1_220' title='bbox 818 2198 886 2260; x_wconf 82' lang='grc' dir='ltr'><strong><em>τῇ</em></strong></span> <span class='ocrx_word' id='word_1_221' title='bbox 924 2188 1220 2261; x_wconf 82' lang='grc' dir='ltr'><strong><em>ξυμβουλῇ.</em></strong></span> <span class='ocrx_word' id='word_1_222' title='bbox 1277 2194 1371 2243; x_wconf 80' lang='grc' dir='ltr'><strong><em>καὶ</em></strong></span> <span class='ocrx_word' id='word_1_223' title='bbox 1397 2199 1490 2244; x_wconf 91' lang='grc' dir='ltr'><strong><em>νῦν</em></strong></span> <span class='ocrx_word' id='word_1_224' title='bbox 1518 2193 1603 2243; x_wconf 83' lang='grc' dir='ltr'><strong><em>ἔτι</em></strong></span> <span class='ocrx_word' id='word_1_225' title='bbox 1638 2193 1816 2253; x_wconf 81' lang='grc' dir='ltr'><strong><em>οὕτως</em></strong></span> <span class='ocrx_word' id='word_1_226' title='bbox 1843 2193 2082 2257; x_wconf 86' lang='grc' dir='ltr'><strong><em>ἔχουσιν,</em></strong></span> <span class='ocrx_word' id='word_1_227' title='bbox 2124 2194 2200 2254; x_wconf 83' lang='grc' dir='ltr'><strong><em>ὡς</em></strong></span> <span class='ocrx_word' id='word_1_228' title='bbox 2240 2189 2424 2262; x_wconf 84' lang='grc' dir='ltr'><strong><em>δεινῆς</em></strong></span> 
     </span>
     <span class='ocr_line' id='line_1_24' title="bbox 321 2274 2595 2347; baseline 0 -25"><span class='ocrx_word' id='word_1_229' title='bbox 321 2275 413 2324; x_wconf 82' lang='grc' dir='ltr'><strong><em>καὶ</em></strong></span> <span class='ocrx_word' id='word_1_230' title='bbox 436 2282 618 2344; x_wconf 84' lang='grc' dir='ltr'><strong><em>σοφῆς</em></strong></span> <span class='ocrx_word' id='word_1_231' title='bbox 640 2275 809 2346; x_wconf 77' lang='grc' dir='ltr'><strong><em>οὔσης</em></strong></span> <span class='ocrx_word' id='word_1_232' title='bbox 830 2277 1014 2347; x_wconf 80' lang='grc' dir='ltr'><strong><em>αὐτῆς,</em></strong></span> <span class='ocrx_word' id='word_1_233' title='bbox 1042 2280 1135 2329; x_wconf 84' lang='grc' dir='ltr'><strong><em>καὶ</em></strong></span> <span class='ocrx_word' id='word_1_234' title='bbox 1158 2276 1251 2329; x_wconf 84' lang='grc' dir='ltr'><strong><em>διὰ</em></strong></span> <span class='ocrx_word' id='word_1_235' title='bbox 1277 2284 1444 2328; x_wconf 90' lang='grc' dir='ltr'><strong><em>τοῦτο</em></strong></span> <span class='ocrx_word' id='word_1_236' title='bbox 1472 2275 1742 2329; x_wconf 85' lang='grc' dir='ltr'><strong><em>ἐθέλουσι</em></strong></span> <span class='ocrx_word' id='word_1_237' title='bbox 1770 2274 2120 2347; x_wconf 82' lang='grc' dir='ltr'><strong><em>πλησιάζειν,</em></strong></span> <span class='ocrx_word' id='word_1_238' title='bbox 2146 2279 2423 2345; x_wconf 80' lang='grc' dir='ltr'><strong><em>ἡγούμενα</em></strong></span> <span class='ocrx_word' id='word_1_239' title='bbox 2441 2289 2521 2330; x_wconf 83' lang='lat'><strong>(632</strong></span> <span class='ocrx_word' id='word_1_240' title='bbox 2543 2288 2595 2330; x_wconf 82' lang='lat' dir='ltr'><strong><em>M)</em></strong></span> 
     </span>
     <span class='ocr_line' id='line_1_25' title="bbox 324 2358 2426 2434; baseline 0.003 -27"><span class='ocrx_word' id='word_1_241' title='bbox 324 2358 544 2425; x_wconf 89' lang='grc' dir='ltr'><strong><em>ἀγαθόν</em></strong></span> <span class='ocrx_word' id='word_1_242' title='bbox 583 2378 639 2411; x_wconf 92' lang='grc' dir='ltr'><strong><em>τι</em></strong></span> <span class='ocrx_word' id='word_1_243' title='bbox 679 2359 990 2413; x_wconf 90' lang='grc' dir='ltr'><strong><em>ἀπολαύειν</em></strong></span> <span class='ocrx_word' id='word_1_244' title='bbox 1030 2370 1128 2434; x_wconf 86' lang='grc' dir='ltr'><strong><em>τῆς</em></strong></span> <span class='ocrx_word' id='word_1_245' title='bbox 1157 2361 1480 2427; x_wconf 88' lang='grc' dir='ltr'><strong><em>ξυνουσίας·</em></strong></span> <span class='ocrx_word' id='word_1_246' title='bbox 1521 2364 1723 2414; x_wconf 83' lang='grc' dir='ltr'><strong><em>ἔπειτα</em></strong></span> <span class='ocrx_word' id='word_1_247' title='bbox 1752 2362 1914 2431; x_wconf 85' lang='grc' dir='ltr'><strong><em>οἶμαι</em></strong></span> <span class='ocrx_word' id='word_1_248' title='bbox 1941 2364 2220 2432; x_wconf 89' lang='grc' dir='ltr'><strong><em>προσίασι</em></strong></span> <span class='ocrx_word' id='word_1_249' title='bbox 2245 2365 2426 2432; x_wconf 92' lang='grc' dir='ltr'><strong><em>μάτην</em></strong></span> 
     </span>
     <span class='ocr_line' id='line_1_26' title="bbox 322 2444 2506 2520; baseline 0.001 -27"><span class='ocrx_word' id='word_1_250' title='bbox 322 2445 420 2494; x_wconf 83' lang='grc' dir='ltr'><strong><em>ἐπὶ</em></strong></span> <span class='ocrx_word' id='word_1_251' title='bbox 456 2444 621 2513; x_wconf 74' lang='grc' dir='ltr'><strong><em>κακῷ.</em></strong></span> <span class='ocrx_word' id='word_1_252' title='bbox 697 2450 728 2517; x_wconf 90' lang='grc' dir='ltr'><strong><em>ή</em></strong></span> <span class='ocrx_word' id='word_1_253' title='bbox 768 2449 870 2513; x_wconf 86' lang='grc' dir='ltr'><strong><em>μὲν</em></strong></span> <span class='ocrx_word' id='word_1_254' title='bbox 908 2449 1011 2518; x_wconf 82' lang='grc' dir='ltr'><strong><em>γὰρ</em></strong></span> <span class='ocrx_word' id='word_1_255' title='bbox 1051 2450 1256 2516; x_wconf 90' lang='grc' dir='ltr'><strong><em>ἀρχαία</em></strong></span> <span class='ocrx_word' id='word_1_256' title='bbox 1302 2447 1475 2517; x_wconf 78' lang='grc' dir='ltr'><strong><em>γλαῦξ</em></strong></span> <span class='ocrx_word' id='word_1_257' title='bbox 1511 2448 1589 2517; x_wconf 74' lang='grc' dir='ltr'><strong><em>τῷ</em></strong></span> <span class='ocrx_word' id='word_1_258' title='bbox 1642 2451 1763 2501; x_wconf 86' lang='grc' dir='ltr'><strong><em>ὄντι</em></strong></span> <span class='ocrx_word' id='word_1_259' title='bbox 1812 2450 2057 2520; x_wconf 89' lang='grc' dir='ltr'><strong><em>φρονίμη</em></strong></span> <span class='ocrx_word' id='word_1_260' title='bbox 2109 2466 2169 2500; x_wconf 91' lang='grc' dir='ltr'><strong><em>τε</em></strong></span> <span class='ocrx_word' id='word_1_261' title='bbox 2215 2445 2280 2518; x_wconf 79' lang='grc' dir='ltr'><strong><em>ἦν</em></strong></span> <span class='ocrx_word' id='word_1_262' title='bbox 2327 2448 2423 2498; x_wconf 80' lang='grc' dir='ltr'><strong><em>καὶ</em></strong></span> <span class='ocrx_word' id='word_1_263' title='bbox 2457 2455 2506 2496; x_wconf 86' lang='grc'><strong><em>25</em></strong></span> 
     </span>
     <span class='ocr_line' id='line_1_27' title="bbox 326 2527 2426 2605; baseline 0.002 -26"><span class='ocrx_word' id='word_1_264' title='bbox 326 2527 716 2596; x_wconf 88' lang='grc' dir='ltr'><strong><em>ξυμβουλεύειν</em></strong></span> <span class='ocrx_word' id='word_1_265' title='bbox 755 2531 1005 2585; x_wconf 78' lang='grc' dir='ltr'><strong><em>ἐδύνατο.</em></strong></span> <span class='ocrx_word' id='word_1_266' title='bbox 1084 2537 1145 2585; x_wconf 88' lang='grc' dir='ltr'><strong><em>αἱ</em></strong></span> <span class='ocrx_word' id='word_1_267' title='bbox 1185 2533 1243 2586; x_wconf 84' lang='grc' dir='ltr'><strong><em>δὲ</em></strong></span> <span class='ocrx_word' id='word_1_268' title='bbox 1282 2542 1376 2587; x_wconf 87' lang='grc' dir='ltr'><strong><em>νῦν</em></strong></span> <span class='ocrx_word' id='word_1_269' title='bbox 1413 2538 1586 2602; x_wconf 94' lang='grc' dir='ltr'><strong><em>μόνον</em></strong></span> <span class='ocrx_word' id='word_1_270' title='bbox 1624 2537 1693 2586; x_wconf 82' lang='grc' dir='ltr'><strong><em>τὰ</em></strong></span> <span class='ocrx_word' id='word_1_271' title='bbox 1733 2536 1913 2605; x_wconf 83' lang='grc' dir='ltr'><strong><em>πτερὰ</em></strong></span> <span class='ocrx_word' id='word_1_272' title='bbox 1953 2536 2175 2600; x_wconf 81' lang='grc' dir='ltr'><strong><em>ἔχουσιν</em></strong></span> <span class='ocrx_word' id='word_1_273' title='bbox 2214 2534 2426 2602; x_wconf 81' lang='grc' dir='ltr'><strong><em>ἐκείνης</em></strong></span> 
     </span>
     <span class='ocr_line' id='line_1_28' title="bbox 323 2616 2429 2691; baseline 0.001 -26"><span class='ocrx_word' id='word_1_274' title='bbox 323 2617 415 2666; x_wconf 84' lang='grc' dir='ltr'><strong><em>καὶ</em></strong></span> <span class='ocrx_word' id='word_1_275' title='bbox 462 2619 593 2678; x_wconf 78' lang='grc' dir='ltr'><strong><em>τοὺς</em></strong></span> <span class='ocrx_word' id='word_1_276' title='bbox 642 2616 984 2688; x_wconf 78' lang='grc' dir='ltr'><strong><em>ὀφθαλμοὺς</em></strong></span> <span class='ocrx_word' id='word_1_277' title='bbox 1031 2623 1126 2672; x_wconf 84' lang='grc' dir='ltr'><strong><em>καὶ</em></strong></span> <span class='ocrx_word' id='word_1_278' title='bbox 1174 2623 1237 2671; x_wconf 82' lang='grc' dir='ltr'><strong><em>τὸ</em></strong></span> <span class='ocrx_word' id='word_1_279' title='bbox 1290 2623 1545 2691; x_wconf 83' lang='grc' dir='ltr'><strong><em>ῥάμφος,</em></strong></span> <span class='ocrx_word' id='word_1_280' title='bbox 1595 2621 1663 2671; x_wconf 85' lang='grc' dir='ltr'><strong><em>τὰ</em></strong></span> <span class='ocrx_word' id='word_1_281' title='bbox 1714 2619 1772 2672; x_wconf 83' lang='grc' dir='ltr'><strong><em>δὲ</em></strong></span> <span class='ocrx_word' id='word_1_282' title='bbox 1825 2618 1966 2671; x_wconf 82' lang='grc' dir='ltr'><strong><em>ἄλλα</em></strong></span> <span class='ocrx_word' id='word_1_283' title='bbox 2013 2618 2429 2690; x_wconf 88' lang='grc' dir='ltr'><strong><em>ἀφρονέστεραί</em></strong></span> 
     </span>
     <span class='ocr_line' id='line_1_29' title="bbox 326 2701 2425 2774; baseline 0.001 -23"><span class='ocrx_word' id='word_1_284' title='bbox 326 2702 439 2752; x_wconf 84' lang='grc' dir='ltr'><strong><em>εἰσι</em></strong></span> <span class='ocrx_word' id='word_1_285' title='bbox 476 2708 586 2753; x_wconf 85' lang='grc' dir='ltr'><strong><em>τῶν</em></strong></span> <span class='ocrx_word' id='word_1_286' title='bbox 625 2701 810 2755; x_wconf 80' lang='grc' dir='ltr'><strong><em>ἄλλων</em></strong></span> <span class='ocrx_word' id='word_1_287' title='bbox 851 2707 1072 2772; x_wconf 83' lang='grc' dir='ltr'><strong><em>ὀρνέων.</em></strong></span> <span class='ocrx_word' id='word_1_288' title='bbox 1140 2707 1335 2757; x_wconf 79' lang='grc' dir='ltr'><strong><em>οὐκοῦν</em></strong></span> <span class='ocrx_word' id='word_1_289' title='bbox 1363 2705 1489 2758; x_wconf 81' lang='grc' dir='ltr'><strong><em>οὐδὲ</em></strong></span> <span class='ocrx_word' id='word_1_290' title='bbox 1530 2708 1733 2768; x_wconf 81' lang='grc' dir='ltr'><strong><em>ἑαυτὰς</em></strong></span> <span class='ocrx_word' id='word_1_291' title='bbox 1773 2705 2038 2758; x_wconf 90' lang='grc' dir='ltr'><strong><em>δύνανται</em></strong></span> <span class='ocrx_word' id='word_1_292' title='bbox 2078 2702 2238 2755; x_wconf 82' lang='grc' dir='ltr'><strong><em>οὐδὲν</em></strong></span> <span class='ocrx_word' id='word_1_293' title='bbox 2278 2705 2425 2774; x_wconf 85' lang='grc' dir='ltr'><strong><em>ὠφε-</em></strong></span> 
     </span>
     <span class='ocr_line' id='line_1_30' title="bbox 246 2782 2427 2862; baseline 0.001 -28"><span class='ocrx_word' id='word_1_294' title='bbox 246 2782 310 2834; x_wconf 86' lang='grc'><strong><em>16</em></strong></span> <span class='ocrx_word' id='word_1_295' title='bbox 333 2783 471 2837; x_wconf 92' lang='grc' dir='ltr'><strong><em>λεῖν·</em></strong></span> <span class='ocrx_word' id='word_1_296' title='bbox 514 2789 576 2837; x_wconf 79' lang='grc' dir='ltr'><strong><em>οὐ</em></strong></span> <span class='ocrx_word' id='word_1_297' title='bbox 613 2789 717 2859; x_wconf 81' lang='grc' dir='ltr'><strong><em>γὰρ</em></strong></span> <span class='ocrx_word' id='word_1_298' title='bbox 757 2791 824 2841; x_wconf 84' lang='grc' dir='ltr'><strong><em>ἂν</em></strong></span> <span class='ocrx_word' id='word_1_299' title='bbox 863 2792 1020 2861; x_wconf 80' lang='grc' dir='ltr'><strong><em>παρὰ</em></strong></span> <span class='ocrx_word' id='word_1_300' title='bbox 1060 2796 1181 2854; x_wconf 90' lang='grc' dir='ltr'><strong><em>τοῖς</em></strong></span> <span class='ocrx_word' id='word_1_301' title='bbox 1221 2793 1640 2862; x_wconf 86' lang='grc' dir='ltr'><strong><em>ὀρνιθοθήραις</em></strong></span> <span class='ocrx_word' id='word_1_302' title='bbox 1671 2794 1975 2862; x_wconf 79' lang='grc' dir='ltr'><strong><em>ἐτρέφοντο</em></strong></span> <span class='ocrx_word' id='word_1_303' title='bbox 2006 2787 2298 2855; x_wconf 87' lang='grc' dir='ltr'><strong><em>δεδεμέναι</em></strong></span> <span class='ocrx_word' id='word_1_304' title='bbox 2332 2789 2427 2838; x_wconf 80' lang='grc' dir='ltr'><strong><em>καὶ</em></strong></span> 
     </span>
    </p>
   </div>
   <div class='ocr_carea' id='block_1_3' title="bbox 327 3021 2427 3805">
    <p class='ocr_par' dir='ltr' id='par_1_3' title="bbox 327 3021 2427 3805">
     <span class='ocr_line' id='line_1_31' title="bbox 448 3021 2313 3090; baseline -0.001 -16"><span class='ocrx_word' id='word_1_305' title='bbox 448 3036 465 3074; x_wconf 94' lang='grc'>1</span> <span class='ocrx_word' id='word_1_306' title='bbox 502 3025 558 3078; x_wconf 80' lang='grc' dir='ltr'><strong><em>οὗ</em></strong></span> <span class='ocrx_word' id='word_1_307' title='bbox 590 3031 692 3076; x_wconf 87' lang='lat' dir='ltr'>add.</span> <span class='ocrx_word' id='word_1_308' title='bbox 723 3030 901 3077; x_wconf 78' lang='lat' dir='ltr'><strong>selden.</strong></span> <span class='ocrx_word' id='word_1_309' title='bbox 1027 3033 1108 3077; x_wconf 83' lang='grc' dir='ltr'><strong><em>καὶ</em></strong></span> <span class='ocrx_word' id='word_1_310' title='bbox 1138 3031 1313 3087; x_wconf 87' lang='lat' dir='ltr'><strong>scripsi,</strong></span> <span class='ocrx_word' id='word_1_311' title='bbox 1344 3030 1389 3078; x_wconf 86' lang='grc' dir='ltr'><strong><em>εἰ</em></strong></span> <span class='ocrx_word' id='word_1_312' title='bbox 1415 3031 1496 3075; x_wconf 91' lang='grc' dir='ltr'><strong><em>ΡΗ</em></strong></span> <span class='ocrx_word' id='word_1_313' title='bbox 1527 3022 1556 3090; x_wconf 80' lang='grc' dir='ltr'><strong><em>ἧ</em></strong></span> <span class='ocrx_word' id='word_1_314' title='bbox 1586 3029 1665 3075; x_wconf 90' lang='lat' dir='ltr'><strong><em>UB</em></strong></span> <span class='ocrx_word' id='word_1_315' title='bbox 1696 3026 1722 3089; x_wconf 79' lang='grc' dir='ltr'>ἡ</span> <span class='ocrx_word' id='word_1_316' title='bbox 1755 3031 1803 3073; x_wconf 91' lang='grc' dir='ltr'>Μ</span> <span class='ocrx_word' id='word_1_317' title='bbox 1949 3034 1973 3073; x_wconf 88' lang='grc'>3</span> <span class='ocrx_word' id='word_1_318' title='bbox 2005 3021 2231 3089; x_wconf 81' lang='grc' dir='ltr'><strong><em>ἦνίχοντο</em></strong></span> <span class='ocrx_word' id='word_1_319' title='bbox 2263 3028 2313 3072; x_wconf 88' lang='lat' dir='ltr'>M</span> 
     </span>
     <span class='ocr_line' id='line_1_32' title="bbox 331 3094 2426 3170; baseline -0.001 -23"><span class='ocrx_word' id='word_1_320' title='bbox 331 3097 476 3149; x_wconf 75' lang='grc' dir='ltr'><strong><em>αὐτοῦ</em></strong></span> <span class='ocrx_word' id='word_1_321' title='bbox 506 3103 585 3147; x_wconf 89' lang='lat' dir='ltr'><strong><em>UB</em></strong></span> <span class='ocrx_word' id='word_1_322' title='bbox 691 3107 718 3147; x_wconf 89' lang='grc'>4</span> <span class='ocrx_word' id='word_1_323' title='bbox 747 3102 1174 3162; x_wconf 79' lang='grc' dir='ltr'><strong><em>μυθολογουμένας</em></strong></span> <span class='ocrx_word' id='word_1_324' title='bbox 1203 3102 1251 3145; x_wconf 89' lang='grc' dir='ltr'><strong>Μ</strong></span> <span class='ocrx_word' id='word_1_325' title='bbox 1348 3108 1370 3145; x_wconf 87' lang='lat'>7</span> <span class='ocrx_word' id='word_1_326' title='bbox 1407 3097 1556 3149; x_wconf 81' lang='grc' dir='ltr'><strong><em>ὁποῖα</em></strong></span> <span class='ocrx_word' id='word_1_327' title='bbox 1587 3103 1691 3147; x_wconf 80' lang='lat' dir='ltr'><strong>secl.</strong></span> <span class='ocrx_word' id='word_1_328' title='bbox 1724 3102 1830 3147; x_wconf 90' lang='lat' dir='ltr'><strong>Wil.</strong></span> <span class='ocrx_word' id='word_1_329' title='bbox 1948 3105 1972 3147; x_wconf 82' lang='lat'>8</span> <span class='ocrx_word' id='word_1_330' title='bbox 2002 3097 2163 3170; x_wconf 70' lang='grc' dir='ltr'><strong><em>ἴδωσιν</em></strong></span> <span class='ocrx_word' id='word_1_331' title='bbox 2191 3097 2244 3146; x_wconf 81' lang='grc' dir='ltr'><strong><em>ἐν</em></strong></span> <span class='ocrx_word' id='word_1_332' title='bbox 2273 3094 2426 3160; x_wconf 84' lang='grc' dir='ltr'><strong><em>τούτῳ</em></strong></span> 
     </span>
     <span class='ocr_line' id='line_1_33' title="bbox 331 3165 2427 3236; baseline -0.001 -18"><span class='ocrx_word' id='word_1_333' title='bbox 331 3186 443 3218; x_wconf 85' lang='lat' dir='ltr'><strong>corr.</strong></span> <span class='ocrx_word' id='word_1_334' title='bbox 475 3185 531 3217; x_wconf 87' lang='lat' dir='ltr'><strong><em>ex</em></strong></span> <span class='ocrx_word' id='word_1_335' title='bbox 559 3171 690 3220; x_wconf 78' lang='grc' dir='ltr'><strong><em>ἴδωσι</em></strong></span> <span class='ocrx_word' id='word_1_336' title='bbox 720 3171 875 3236; x_wconf 80' lang='grc' dir='ltr'><strong><em>τούτῳ</em></strong></span> <span class='ocrx_word' id='word_1_337' title='bbox 906 3174 960 3228; x_wconf 92' lang='lat' dir='ltr'><strong><em>U,</em></strong></span> <span class='ocrx_word' id='word_1_338' title='bbox 991 3172 1044 3221; x_wconf 78' lang='grc' dir='ltr'><strong><em>ἐν</em></strong></span> <span class='ocrx_word' id='word_1_339' title='bbox 1074 3188 1159 3220; x_wconf 92' lang='lat' dir='ltr'><strong><em>om.</em></strong></span> <span class='ocrx_word' id='word_1_340' title='bbox 1190 3175 1227 3218; x_wconf 93' lang='lat' dir='ltr'>B</span> <span class='ocrx_word' id='word_1_341' title='bbox 1344 3178 1370 3219; x_wconf 85' lang='lat'>9</span> <span class='ocrx_word' id='word_1_342' title='bbox 1400 3170 1556 3233; x_wconf 74' lang='grc' dir='ltr'><strong><em>ἐπειδὴ</em></strong></span> <span class='ocrx_word' id='word_1_343' title='bbox 1589 3174 1624 3217; x_wconf 88' lang='grc' dir='ltr'><strong>Ρ</strong></span> <span class='ocrx_word' id='word_1_344' title='bbox 1739 3173 1891 3219; x_wconf 84' lang='lat' dir='ltr'><strong>Verba</strong></span> <span class='ocrx_word' id='word_1_345' title='bbox 1921 3165 2004 3231; x_wconf 76' lang='grc' dir='ltr'><strong><em>ἐφ’</em></strong></span> <span class='ocrx_word' id='word_1_346' title='bbox 2037 3172 2075 3234; x_wconf 83' lang='grc' dir='ltr'><em>ῴ</em></span> <span class='ocrx_word' id='word_1_347' title='bbox 2099 3197 2150 3204; x_wconf 91' lang='lat'><strong><em>-—</em></strong></span> <span class='ocrx_word' id='word_1_348' title='bbox 2177 3175 2227 3214; x_wconf 85' lang='lat'><strong><em>18</em></strong></span> <span class='ocrx_word' id='word_1_349' title='bbox 2259 3165 2427 3217; x_wconf 76' lang='grc' dir='ltr'><strong><em>ἀποδέ-</em></strong></span> 
     </span>
     <span class='ocr_line' id='line_1_34' title="bbox 327 3237 2352 3303; baseline -0.002 -13"><span class='ocrx_word' id='word_1_350' title='bbox 327 3248 502 3302; x_wconf 84' lang='grc' dir='ltr'><strong><em>χεσθαι</em></strong></span> <span class='ocrx_word' id='word_1_351' title='bbox 522 3239 607 3302; x_wconf 83' lang='grc' dir='ltr'><strong><em>τήν</em></strong></span> <span class='ocrx_word' id='word_1_352' title='bbox 625 3247 805 3303; x_wconf 83' lang='grc' dir='ltr'><strong><em>γλαῦκα</em></strong></span> <span class='ocrx_word' id='word_1_353' title='bbox 824 3258 908 3289; x_wconf 91' lang='lat' dir='ltr'><strong><em>om.</em></strong></span> <span class='ocrx_word' id='word_1_354' title='bbox 925 3245 1072 3300; x_wconf 86' lang='lat' dir='ltr'>PHM,</span> <span class='ocrx_word' id='word_1_355' title='bbox 1094 3246 1242 3302; x_wconf 85' lang='lat' dir='ltr'><strong>suppl.</strong></span> <span class='ocrx_word' id='word_1_356' title='bbox 1264 3246 1310 3289; x_wconf 90' lang='lat' dir='ltr'><strong>in</strong></span> <span class='ocrx_word' id='word_1_357' title='bbox 1331 3259 1438 3302; x_wconf 86' lang='lat' dir='ltr'><strong>mrg.</strong></span> <span class='ocrx_word' id='word_1_358' title='bbox 1458 3247 1751 3299; x_wconf 78' lang='lat' dir='ltr'><strong>correctores,</strong></span> <span class='ocrx_word' id='word_1_359' title='bbox 1772 3244 1809 3288; x_wconf 89' lang='lat' dir='ltr'>P</span> <span class='ocrx_word' id='word_1_360' title='bbox 1830 3257 1974 3300; x_wconf 87' lang='lat' dir='ltr'><strong>usque</strong></span> <span class='ocrx_word' id='word_1_361' title='bbox 1994 3244 2052 3288; x_wconf 85' lang='lat' dir='ltr'><strong><em>ad</em></strong></span> <span class='ocrx_word' id='word_1_362' title='bbox 2069 3237 2352 3290; x_wconf 80' lang='grc' dir='ltr'><strong><em>ἀπόνασθαι</em></strong></span> 
     </span>
     <span class='ocr_line' id='line_1_35' title="bbox 335 3310 2427 3377; baseline -0.001 -20"><span class='ocrx_word' id='word_1_363' title='bbox 335 3318 385 3358; x_wconf 88' lang='grc'><strong><em>10</em></strong></span> <span class='ocrx_word' id='word_1_364' title='bbox 416 3317 650 3361; x_wconf 77' lang='grc' dir='ltr'><strong><em>συνετίθει</em></strong></span> <span class='ocrx_word' id='word_1_365' title='bbox 678 3328 789 3371; x_wconf 88' lang='lat' dir='ltr'><strong>mrg.</strong></span> <span class='ocrx_word' id='word_1_366' title='bbox 820 3317 868 3359; x_wconf 93' lang='lat' dir='ltr'>M</span> <span class='ocrx_word' id='word_1_367' title='bbox 987 3321 1036 3362; x_wconf 84' lang='lat'><strong><em>11</em></strong></span> <span class='ocrx_word' id='word_1_368' title='bbox 1069 3314 1244 3377; x_wconf 84' lang='grc' dir='ltr'><strong><em>σκέπης</em></strong></span> <span class='ocrx_word' id='word_1_369' title='bbox 1274 3317 1454 3370; x_wconf 84' lang='lat' dir='ltr'><strong>Reiske‚</strong></span> <span class='ocrx_word' id='word_1_370' title='bbox 1488 3311 1607 3374; x_wconf 83' lang='grc' dir='ltr'><strong><em>ὀπῆς</em></strong></span> <span class='ocrx_word' id='word_1_371' title='bbox 1628 3316 1722 3371; x_wconf 86' lang='lat' dir='ltr'><strong><em>UB,</em></strong></span> <span class='ocrx_word' id='word_1_372' title='bbox 1751 3329 1860 3372; x_wconf 85' lang='lat' dir='ltr'><strong>mrg.</strong></span> <span class='ocrx_word' id='word_1_373' title='bbox 1884 3315 1928 3359; x_wconf 88' lang='lat' dir='ltr'>H</span> <span class='ocrx_word' id='word_1_374' title='bbox 1952 3317 2054 3368; x_wconf 89' lang='lat' dir='ltr'><strong>(om.</strong></span> <span class='ocrx_word' id='word_1_375' title='bbox 2085 3327 2193 3370; x_wconf 89' lang='lat' dir='ltr'><strong>mrg.</strong></span> <span class='ocrx_word' id='word_1_376' title='bbox 2215 3313 2264 3367; x_wconf 91' lang='lat' dir='ltr'><strong><em>P,</em></strong></span> <span class='ocrx_word' id='word_1_377' title='bbox 2293 3310 2427 3368; x_wconf 85' lang='lat' dir='ltr'><strong>periit</strong></span> 
     </span>
     <span class='ocr_line' id='line_1_36' title="bbox 330 3379 2339 3447; baseline -0.001 -20"><span class='ocrx_word' id='word_1_378' title='bbox 330 3384 377 3427; x_wconf 89' lang='lat' dir='ltr'><strong>in</strong></span> <span class='ocrx_word' id='word_1_379' title='bbox 396 3385 462 3437; x_wconf 88' lang='lat' dir='ltr'><strong><em>M)</em></strong></span> <span class='ocrx_word' id='word_1_380' title='bbox 553 3389 603 3428; x_wconf 87' lang='lat'><strong><em>12</em></strong></span> <span class='ocrx_word' id='word_1_381' title='bbox 625 3383 1028 3433; x_wconf 77' lang='grc' dir='ltr'><strong><em>ἐπανίστασθαιΒ</em></strong></span> <span class='ocrx_word' id='word_1_382' title='bbox 1132 3392 1183 3431; x_wconf 88' lang='grc'><strong><em>13</em></strong></span> <span class='ocrx_word' id='word_1_383' title='bbox 1215 3382 1309 3446; x_wconf 78' lang='grc' dir='ltr'><strong><em>ἀφ’</em></strong></span> <span class='ocrx_word' id='word_1_384' title='bbox 1341 3379 1409 3434; x_wconf 80' lang='grc' dir='ltr'><strong><em>ὧν</em></strong></span> <span class='ocrx_word' id='word_1_385' title='bbox 1439 3410 1494 3420; x_wconf 89' lang='lat'><strong><em>—-</em></strong></span> <span class='ocrx_word' id='word_1_386' title='bbox 1519 3391 1570 3431; x_wconf 87' lang='lat'><strong><em>14</em></strong></span> <span class='ocrx_word' id='word_1_387' title='bbox 1602 3381 1925 3447; x_wconf 74' lang='grc' dir='ltr'><strong><em>εὐσημότερον</em></strong></span> <span class='ocrx_word' id='word_1_388' title='bbox 1955 3385 2025 3430; x_wconf 88' lang='lat' dir='ltr'><strong>bis</strong></span> <span class='ocrx_word' id='word_1_389' title='bbox 2055 3397 2141 3429; x_wconf 86' lang='lat' dir='ltr'><strong>ser.</strong></span> <span class='ocrx_word' id='word_1_390' title='bbox 2173 3395 2282 3437; x_wconf 85' lang='lat' dir='ltr'><strong>mrg.</strong></span> <span class='ocrx_word' id='word_1_391' title='bbox 2304 3381 2339 3424; x_wconf 91' lang='lat' dir='ltr'>P</span> 
     </span>
     <span class='ocr_line' id='line_1_37' title="bbox 338 3451 2424 3517; baseline -0.002 -18"><span class='ocrx_word' id='word_1_392' title='bbox 338 3459 387 3499; x_wconf 82' lang='lat'><strong><em>14</em></strong></span> <span class='ocrx_word' id='word_1_393' title='bbox 408 3452 517 3515; x_wconf 72' lang='grc' dir='ltr'><strong><em>ἄρτι</em></strong></span> <span class='ocrx_word' id='word_1_394' title='bbox 539 3459 727 3510; x_wconf 85' lang='grc' dir='ltr'><strong><em>ταυτηνὶ</em></strong></span> <span class='ocrx_word' id='word_1_395' title='bbox 750 3458 854 3510; x_wconf 87' lang='lat' dir='ltr'><strong>(hoc</strong></span> <span class='ocrx_word' id='word_1_396' title='bbox 876 3458 990 3509; x_wconf 87' lang='lat' dir='ltr'><strong>ord.)</strong></span> <span class='ocrx_word' id='word_1_397' title='bbox 1011 3458 1127 3513; x_wconf 90' lang='lat' dir='ltr'><strong>libri,</strong></span> <span class='ocrx_word' id='word_1_398' title='bbox 1147 3460 1428 3516; x_wconf 81' lang='lat' dir='ltr'><strong>transposuit</strong></span> <span class='ocrx_word' id='word_1_399' title='bbox 1447 3459 1616 3504; x_wconf 86' lang='lat' dir='ltr'><strong>Reiske</strong></span> <span class='ocrx_word' id='word_1_400' title='bbox 1711 3457 1868 3517; x_wconf 77' lang='grc' dir='ltr'><strong><em>ἐπειδὴ</em></strong></span> <span class='ocrx_word' id='word_1_401' title='bbox 1890 3470 2002 3513; x_wconf 83' lang='lat' dir='ltr'><strong>mrg.</strong></span> <span class='ocrx_word' id='word_1_402' title='bbox 2024 3456 2060 3501; x_wconf 92' lang='lat' dir='ltr'><strong>P</strong></span> <span class='ocrx_word' id='word_1_403' title='bbox 2181 3456 2229 3497; x_wconf 82' lang='lat'><strong><em>1&#39;1</em></strong></span> <span class='ocrx_word' id='word_1_404' title='bbox 2251 3451 2424 3496; x_wconf 79' lang='lat' dir='ltr'><strong>iambos</strong></span> 
     </span>
     <span class='ocr_line' id='line_1_38' title="bbox 332 3521 2425 3589; baseline 0.002 -19"><span class='ocrx_word' id='word_1_405' title='bbox 332 3527 513 3582; x_wconf 78' lang='lat' dir='ltr'><strong>agnovit</strong></span> <span class='ocrx_word' id='word_1_406' title='bbox 543 3526 647 3570; x_wconf 89' lang='lat' dir='ltr'><strong>Wil.</strong></span> <span class='ocrx_word' id='word_1_407' title='bbox 687 3537 689 3539; x_wconf 85' lang='grc'><strong><em>·</em></strong></span> <span class='ocrx_word' id='word_1_408' title='bbox 798 3531 847 3572; x_wconf 89' lang='grc'><strong><em>18</em></strong></span> <span class='ocrx_word' id='word_1_409' title='bbox 879 3522 1138 3587; x_wconf 81' lang='grc' dir='ltr'><strong><em>ἀπεδέχετο</em></strong></span> <span class='ocrx_word' id='word_1_410' title='bbox 1171 3530 1397 3587; x_wconf 88' lang='lat' dir='ltr'><strong>Reiskius,</strong></span> <span class='ocrx_word' id='word_1_411' title='bbox 1431 3525 1755 3589; x_wconf 77' lang='grc' dir='ltr'><strong><em>ἀποδέχεσθαι</em></strong></span> <span class='ocrx_word' id='word_1_412' title='bbox 1785 3530 1889 3574; x_wconf 83' lang='lat' dir='ltr'><strong>libri</strong></span> <span class='ocrx_word' id='word_1_413' title='bbox 2036 3530 2087 3570; x_wconf 87' lang='lat'><strong><em>19</em></strong></span> <span class='ocrx_word' id='word_1_414' title='bbox 2117 3541 2170 3571; x_wconf 87' lang='grc' dir='ltr'><strong><em>τε</em></strong></span> <span class='ocrx_word' id='word_1_415' title='bbox 2200 3523 2345 3577; x_wconf 80' lang='lat' dir='ltr'><strong>EmP·‚</strong></span> <span class='ocrx_word' id='word_1_416' title='bbox 2377 3521 2425 3567; x_wconf 77' lang='grc' dir='ltr'><strong><em>δὲ</em></strong></span> 
     </span>
     <span class='ocr_line' id='line_1_39' title="bbox 330 3589 2310 3660; baseline 0.002 -19"><span class='ocrx_word' id='word_1_417' title='bbox 330 3597 433 3641; x_wconf 87' lang='lat' dir='ltr'><strong>libri</strong></span> <span class='ocrx_word' id='word_1_418' title='bbox 585 3600 639 3640; x_wconf 89' lang='lat'><strong><em>20</em></strong></span> <span class='ocrx_word' id='word_1_419' title='bbox 670 3595 808 3645; x_wconf 76' lang='grc' dir='ltr'><strong><em>ἱκανὰ</em></strong></span> <span class='ocrx_word' id='word_1_420' title='bbox 840 3598 928 3642; x_wconf 91' lang='grc' dir='ltr'><strong><em>ΒΜ</em></strong></span> <span class='ocrx_word' id='word_1_421' title='bbox 960 3596 1093 3658; x_wconf 74' lang='grc' dir='ltr'><strong><em>ἱκανὴ</em></strong></span> <span class='ocrx_word' id='word_1_422' title='bbox 1124 3604 1168 3660; x_wconf 86' lang='grc' dir='ltr'><strong><em>(η</em></strong></span> <span class='ocrx_word' id='word_1_423' title='bbox 1197 3614 1226 3645; x_wconf 81' lang='lat' dir='ltr'><strong>a</strong></span> <span class='ocrx_word' id='word_1_424' title='bbox 1257 3605 1387 3656; x_wconf 82' lang='lat' dir='ltr'><strong>corr.)</strong></span> <span class='ocrx_word' id='word_1_425' title='bbox 1418 3602 1458 3648; x_wconf 91' lang='lat' dir='ltr'>U</span> <span class='ocrx_word' id='word_1_426' title='bbox 1573 3601 1669 3649; x_wconf 75' lang='grc' dir='ltr'><strong><em>ἴδεν</em></strong></span> <span class='ocrx_word' id='word_1_427' title='bbox 1698 3602 1746 3645; x_wconf 90' lang='grc' dir='ltr'><strong>Μ</strong></span> <span class='ocrx_word' id='word_1_428' title='bbox 1775 3593 1856 3660; x_wconf 78' lang='grc' dir='ltr'><strong><em>ἧδε</em></strong></span> <span class='ocrx_word' id='word_1_429' title='bbox 1887 3598 1929 3641; x_wconf 87' lang='grc' dir='ltr'>Η</span> <span class='ocrx_word' id='word_1_430' title='bbox 1957 3589 2037 3657; x_wconf 74' lang='grc' dir='ltr'><strong><em>ἥδε</em></strong></span> <span class='ocrx_word' id='word_1_431' title='bbox 2067 3609 2122 3640; x_wconf 81' lang='lat' dir='ltr'><strong><em>ex</em></strong></span> <span class='ocrx_word' id='word_1_432' title='bbox 2151 3589 2244 3641; x_wconf 79' lang='grc' dir='ltr'><strong><em>εἶδε</em></strong></span> <span class='ocrx_word' id='word_1_433' title='bbox 2272 3592 2310 3636; x_wconf 87' lang='lat' dir='ltr'><strong>P</strong></span> 
     </span>
     <span class='ocr_line' id='line_1_40' title="bbox 331 3665 2340 3732; baseline -0.004 -18"><span class='ocrx_word' id='word_1_434' title='bbox 331 3671 418 3715; x_wconf 85' lang='grc' dir='ltr'><strong><em>τοῦ</em></strong></span> <span class='ocrx_word' id='word_1_435' title='bbox 447 3681 476 3712; x_wconf 83' lang='lat' dir='ltr'><strong>a</strong></span> <span class='ocrx_word' id='word_1_436' title='bbox 507 3681 621 3714; x_wconf 86' lang='lat' dir='ltr'><strong>corr.</strong></span> <span class='ocrx_word' id='word_1_437' title='bbox 652 3669 698 3712; x_wconf 89' lang='lat' dir='ltr'><strong>in</strong></span> <span class='ocrx_word' id='word_1_438' title='bbox 729 3669 763 3711; x_wconf 95' lang='lat' dir='ltr'>P</span> <span class='ocrx_word' id='word_1_439' title='bbox 853 3671 902 3712; x_wconf 87' lang='lat'><strong><em>21</em></strong></span> <span class='ocrx_word' id='word_1_440' title='bbox 937 3667 1022 3728; x_wconf 82' lang='grc' dir='ltr'><strong><em>τὴν</em></strong></span> <span class='ocrx_word' id='word_1_441' title='bbox 1051 3684 1135 3714; x_wconf 91' lang='lat' dir='ltr'><strong><em>om.</em></strong></span> <span class='ocrx_word' id='word_1_442' title='bbox 1167 3672 1206 3716; x_wconf 90' lang='lat' dir='ltr'>U</span> <span class='ocrx_word' id='word_1_443' title='bbox 1227 3686 1284 3717; x_wconf 92' lang='lat' dir='ltr'><strong><em>m.</em></strong></span> <span class='ocrx_word' id='word_1_444' title='bbox 1306 3687 1374 3730; x_wconf 88' lang='lat' dir='ltr'><strong>pr.</strong></span> <span class='ocrx_word' id='word_1_445' title='bbox 1466 3678 1519 3718; x_wconf 93' lang='grc'><strong><em>22</em></strong></span> <span class='ocrx_word' id='word_1_446' title='bbox 1549 3672 1820 3732; x_wconf 77' lang='grc' dir='ltr'><strong><em>ἐθαύμαζεν</em></strong></span> <span class='ocrx_word' id='word_1_447' title='bbox 1849 3669 1967 3723; x_wconf 86' lang='lat' dir='ltr'><strong>libri,</strong></span> <span class='ocrx_word' id='word_1_448' title='bbox 1998 3679 2111 3712; x_wconf 85' lang='lat' dir='ltr'><strong>corr.</strong></span> <span class='ocrx_word' id='word_1_449' title='bbox 2144 3665 2340 3709; x_wconf 82' lang='lat' dir='ltr'><strong>editores</strong></span> 
     </span>
     <span class='ocr_line' id='line_1_41' title="bbox 333 3732 2424 3805; baseline -0.003 -22"><span class='ocrx_word' id='word_1_450' title='bbox 333 3742 385 3783; x_wconf 87' lang='grc'><strong><em>28</em></strong></span> <span class='ocrx_word' id='word_1_451' title='bbox 417 3735 563 3793; x_wconf 81' lang='grc' dir='ltr'><strong><em>αὐτὰς</em></strong></span> <span class='ocrx_word' id='word_1_452' title='bbox 584 3739 632 3783; x_wconf 92' lang='grc' dir='ltr'><strong>Μ</strong></span> <span class='ocrx_word' id='word_1_453' title='bbox 725 3732 859 3785; x_wconf 76' lang='grc' dir='ltr'><strong><em>οὐδὲν</em></strong></span> <span class='ocrx_word' id='word_1_454' title='bbox 893 3752 974 3784; x_wconf 89' lang='lat' dir='ltr'><strong><em>om.</em></strong></span> <span class='ocrx_word' id='word_1_455' title='bbox 1007 3740 1086 3784; x_wconf 89' lang='lat' dir='ltr'><strong><em>PH</em></strong></span> <span class='ocrx_word' id='word_1_456' title='bbox 1118 3755 1174 3785; x_wconf 92' lang='lat' dir='ltr'><strong><em>m.</em></strong></span> <span class='ocrx_word' id='word_1_457' title='bbox 1205 3757 1288 3799; x_wconf 65' lang='lat' dir='ltr'><strong>pr„</strong></span> <span class='ocrx_word' id='word_1_458' title='bbox 1322 3741 1428 3795; x_wconf 74' lang='grc' dir='ltr'><strong><em>οὐδὲ</em></strong></span> <span class='ocrx_word' id='word_1_459' title='bbox 1457 3746 1507 3790; x_wconf 90' lang='grc' dir='ltr'><strong>Μ</strong></span> <span class='ocrx_word' id='word_1_460' title='bbox 1604 3749 1658 3790; x_wconf 88' lang='grc'><strong><em>29</em></strong></span> <span class='ocrx_word' id='word_1_461' title='bbox 1692 3739 2037 3805; x_wconf 78' lang='grc' dir='ltr'><strong><em>ὀρνιθοθήραις</em></strong></span> <span class='ocrx_word' id='word_1_462' title='bbox 2065 3741 2132 3791; x_wconf 87' lang='grc' dir='ltr'><strong><em>(αι</em></strong></span> <span class='ocrx_word' id='word_1_463' title='bbox 2163 3748 2190 3779; x_wconf 86' lang='lat' dir='ltr'>a</span> <span class='ocrx_word' id='word_1_464' title='bbox 2221 3739 2353 3788; x_wconf 83' lang='lat' dir='ltr'><strong>corr.)</strong></span> <span class='ocrx_word' id='word_1_465' title='bbox 2384 3732 2424 3778; x_wconf 90' lang='lat' dir='ltr'>U</span> 
     </span>
    </p>
   </div>
  </div>
 </body>
</html>
