2684 4140
1069 249 1294 296 ORATIO
1325 250 1487 296 LXIV.
2224 249 2322 296 147

239 392 382 464 ἦλθε
429 396 522 446 καὶ
569 401 670 445 τοῦ
705 396 821 445 ἐκεῖ
866 401 1047 464 φυτοῦ
1090 397 1186 446 τὸν
1222 398 1439 466 καρπὸν
1477 398 1719 462 ἐκόμισε.
1804 397 2086 464 Γηρυόνου
2129 393 2186 446 δὲ
2225 397 2326 456 τὰς

22 473 222 533 {(327311)
240 481 379 546 βόας
418 477 682 550 ἀφείλετο
720 477 894 541 καλὰς
934 480 1119 543 οὔσας,
1158 482 1251 531 καὶ
1285 478 1544 550 Διομήδη
1585 482 1680 531 τὸν
1723 478 1916 549 Θρᾷκα
1956 481 2326 550 ἐνουθέτησεν

242 565 449 624 ἵπποις
489 568 644 614 σῖτον
682 560 929 627 διδόναι,
968 566 1040 634 μὴ
1084 565 1429 633 ἀνθρώπους
1467 564 1719 628 ἐσθίειν,
1769 567 1870 625 τάς
1907 582 1966 615 τε
1999 557 2323 630 Ἀμαζόνας,

239 651 326 699 ὅτι
374 647 484 699 εἶεν
522 652 788 715 γυναῖκες,
827 645 1064 718 ἤλεγξεν.
1155 650 1379 699 ἅπαντα
1424 646 1482 699 δὲ
1520 655 1695 699 ταῦτα
1736 649 2009 717 ἔπραττεν
2047 653 2327 719 ἑπομένης

182 743 206 782 5
245 731 392 800 αὐτῷ
430 734 610 802 τύχης.

381 818 493 882 ἔχει
533 810 587 867 δ’
632 817 694 866 ού
731 823 912 878 κακῶς
952 814 1078 867 οὐδὲ
1117 817 1185 866 τὰ
1224 823 1335 867 τῶν
1362 814 1622 867 παλαιῶν
1651 818 1950 884 αἰνίγματα
1979 820 2110 887 περὶ
2138 819 2321 888 αὐτήν.

240 903 295 951 οἱ
330 903 431 967 μὲν
468 902 570 971 γὰρ
611 903 710 952 ἐπὶ
748 898 917 970 ξυροῦ
951 902 1192 970 ἔστησαν
1233 902 1428 971 αὐτήν,
1481 902 1537 951 οἱ
1587 899 1645 951 δὲ
1695 903 1794 952 ἐπὶ
1843 903 2119 971 σφαίρας,
2171 903 2228 952 οἱ
2266 902 2324 953 δὲ

238 984 517 1056 πηδάλιον
566 984 778 1036 ἔδωκαν
823 990 1071 1055 κρατεῖν·
1134 987 1189 1035 οἱ
1241 983 1299 1036 δὲ
1348 986 1416 1035 τά
1465 987 1698 1052 κρείττω
1758 988 2070 1056 γράφοντες
2118 989 2181 1037 τὸ
2230 994 2329 1057 τῆς

232 1065 581 1137 Ἀμαλθείας
619 1068 821 1121 ἔδοσαν
856 1075 1022 1139 κέρας
1060 1067 1269 1140 πλῆρες
1292 1071 1386 1133 καὶ
1411 1070 1581 1139 βρύον
1619 1074 1746 1131 ταῖς
1786 1072 1976 1139 ὥραις,
2017 1071 2048 1120 ὃ
2086 1072 2144 1121 ἐν
2180 1073 2326 1140 μάχῃ

153 1170 198 1212 10
229 1149 500 1226 Ἡρακλῆς
529 1146 803 1222 Ἀχελῴου
843 1151 1170 1223 ἀπέρρηξεν.
1235 1155 1298 1202 τὸ
1336 1155 1437 1217 μὲν
1478 1153 1573 1203 οὖν
1602 1151 1765 1222 ξυρὸν
1792 1156 1855 1204 τὸ
1896 1155 2189 1219 ἀπότομον
2227 1162 2325 1225 τῆς

238 1242 489 1306 εὐτυχίας
524 1241 746 1308 μηνύει·
785 1242 816 1308 ή
860 1237 918 1288 δὲ
961 1242 1178 1308 σφαῖρα
1205 1240 1293 1288 ὅτι
1319 1235 1544 1298 εὔκολος
1581 1241 1612 1304 ή
1639 1235 1918 1308 μεταβολὴ
1950 1239 2120 1308 αὐτῆς
2146 1241 2326 1289 ἐστιν·

235 1327 292 1376 ἐν
329 1327 543 1394 κινήσει
579 1324 681 1391 γάρ
732 1324 986 1389 τυγχάνει
1033 1324 1278 1372 πάντοτε
1331 1323 1392 1372 ὃν
1440 1324 1503 1372 τὸ
1554 1322 1734 1373 θεῖον.
1822 1324 1885 1372 τὸ
1938 1320 1996 1373 δὲ
2047 1321 2327 1392 πηδάλιον

238 1407 406 1479 δηλοῖ
445 1411 533 1459 ὅτι
578 1405 816 1476 κυβερνᾷ
862 1408 959 1457 τὸν
1007 1412 1118 1457 τῶν
1168 1406 1494 1474 ἀνθρώπων
1543 1407 1669 1472 βίον
1707 1410 1738 1477 ή
1790 1409 1939 1473 τύχη.
2028 1409 2091 1457 τὸ
2134 1405 2192 1458 δὲ
2230 1416 2328 1479 τῆς

230 1486 577 1558 Ἀμαλθείας
624 1495 789 1560 κέρας
825 1493 1024 1561 μηνύει
1070 1492 1168 1561 τὴν
1207 1496 1317 1541 τῶν
1356 1491 1591 1558 ἀγαθῶν
1631 1489 1790 1542 δόσιν
1838 1508 1897 1542 τε
1933 1493 2028 1543 καὶ
2064 1490 2328 1559 εὐδαιμο-

158 1594 205 1635 15
240 1578 378 1627 νίαν.
441 1579 514 1648 μή
557 1572 913 1642 ὀνομάζωμεν
954 1576 1047 1627 οὖν
1083 1577 1252 1646 κακήν
1290 1593 1414 1627 τινα
1453 1578 1643 1646 τύχην·
1686 1573 1812 1626 οὐδὲ
1849 1577 1952 1644 γὰρ
1992 1579 2090 1647 τήν
2129 1579 2328 1648 ἀρετὴν

237 1658 383 1728 λέγει
419 1679 506 1722 τις
545 1659 691 1712 εἶναι
726 1663 894 1732 κακὴν
935 1659 1061 1711 οὐδὲ
1101 1663 1163 1711 τὸ
1203 1661 1424 1727 ἀγαθὸν
1459 1663 1641 1711 κακόν.

20 2123 21 2130 ³
84 2108 235 2146 ‹592M›
575 2097 694 2161 (47)
743 2094 997 2163 ΠΕΡΙ
1045 2092 1400 2159 ΤΥΧΗΣ
1448 2092 1977 2167 ΔΕΥΤΕΡΟΣ.

19 2162 21 2184 ῑ
49 2150 235 2194 (328RII)

380 2337 462 2386 Τὰ
500 2338 794 2403 γιγνόμενα
835 2336 990 2405 παρὰ
1029 2342 1140 2387 τῶν
1179 2337 1507 2404 ἀνθρώπων
1546 2337 1627 2397 εἰς
1666 2339 1764 2408 τὴν
1802 2340 1967 2408 τύχην
2011 2338 2323 2411 ἐγκλήματα

232 2424 467 2487 μέγιστα
506 2423 572 2472 ἂν
611 2423 780 2489 ἔγωγε
818 2422 985 2491 θείην
1020 2423 1164 2491 ὑπὲρ
1205 2423 1373 2492 αὐτῆς
1411 2423 1671 2488 ἐγκώμια.
1760 2423 1861 2484 τὰς
1907 2430 2037 2491 γοῦν
2087 2424 2329 2496 ἀδήλους

18 2532 21 2591 3
235 2511 345 2556 τῶν
394 2508 738 2575 πραγμάτων
784 2504 1101 2573 μεταβολὰς
1152 2508 1233 2567 εἰς
1271 2508 1477 2575 ταύτην
1516 2507 1894 2576 ἀναφέρουσι,
1932 2512 2026 2561 καὶ
2076 2510 2162 2572 οἷς
2211 2513 2326 2562 ἀπὸ

19 2593 21 2622 ¹
156 2601 205 2641 20
239 2593 460 2660 γνώμης
497 2593 954 2662 ἐπιχειρήσαντες
994 2590 1327 2661 διήμαρτον,
1366 2593 1579 2642 τούτων
1629 2593 1970 2663 ἀφῃρῆσθαι
2007 2591 2328 2660 νομίζουσιν

234 2677 345 2726 ὑπὸ
373 2682 470 2745 τῆς
496 2678 677 2745 τύχης,
707 2677 783 2737 ὡς
810 2678 995 2727 πάντα
1025 2681 1368 2746 περιποιεῖν,
1409 2678 1460 2727 εἰ
1488 2674 1748 2746 θελήσαι,
1781 2677 2100 2750 δυναμένης.
2166 2682 2326 2731 ἀκού-

237 2774 363 2821 σαις
403 2753 456 2810 δ’
499 2762 565 2811 ἂν
594 2763 942 2827 αἰτιωμένων
984 2763 1151 2833 αὐτὴν
1189 2764 1282 2813 καὶ
1318 2768 1574 2831 γεωργῶν
1614 2764 1708 2812 καὶ
1733 2764 1998 2832 ἐμπόρων
2026 2766 2118 2815 καὶ
2155 2763 2326 2815 πλου-

237 2847 373 2896 σίων
412 2847 511 2897 ἐπὶ
548 2850 669 2907 τοῖς
702 2848 950 2916 χρήμασι
987 2849 1080 2898 καὶ
1115 2845 1298 2898 καλῶν
1337 2849 1436 2897 ἐπὶ
1472 2851 1593 2907 τοῖς
1638 2848 1862 2911 σώμασι
1898 2849 1992 2898 καὶ
2028 2849 2328 2910 Πανθείας

233 2932 332 2981 ἐπὶ
377 2929 455 2997 τῴ
506 2929 666 2999 ἀνδρὶ
712 2934 807 2983 καὶ
853 2933 1104 3001 Κροίσου
1153 2933 1248 2982 ἐπὶ
1297 2931 1378 2998 τῷ
1426 2929 1594 2981 παιδὶ
1644 2932 1737 2980 καὶ
1779 2924 2118 2998 Ἀστυάγους
2165 2936 2326 3002 ήττη-

154 3024 202 3064 25
239 3015 443 3075 θέντος
489 3017 582 3066 καὶ
618 3014 1015 3085 Πολυκράτους
1063 3014 1389 3075 ἑαλωκότος.
1483 3016 1577 3064 καὶ
1622 3015 1846 3083 Πέρσαι
1898 3013 1955 3065 δὲ
2006 3017 2326 3086 ἐμέμφοντο

234 3101 331 3168 τὴν
369 3101 533 3167 τύχην
571 3101 710 3165 μετὰ
749 3103 847 3170 τὴν
886 3102 1074 3169 Κύρου
1117 3101 1336 3169 σφαγὴν
1372 3100 1466 3149 καὶ
1502 3089 1830 3160 Μακεδόνες
1866 3100 2005 3165 μετὰ
2045 3103 2142 3171 τὴν
2176 3094 2326 3153 Ἀλε-

7 2986 9 3026 ἰ

380 3284 396 3323 1
431 3275 677 3339 γηρυώνου
705 3279 753 3322 Μ
866 3274 979 3332 τοὺς
1007 3278 1051 3321 Η
1166 3282 1190 3322 2
1221 3275 1455 3337 ἀφείλατο
1488 3278 1535 3321 Μ
1650 3276 1826 3334 καλοὺς
1858 3275 2002 3334 ὄντας
2034 3282 2073 3325 Η
2189 3286 2214 3327 5
2246 3286 2327 3342 τῆς

234 3348 372 3410 τύχης
401 3350 444 3394 Η
588 3354 612 3394 6
644 3345 789 3420 ἕχη.Ρ
935 3354 959 3394 8
989 3345 1165 3395 ἔδωκεν
1193 3349 1228 3392 P
1259 3363 1316 3395 m.
1345 3362 1412 3406 pr.
1566 3355 1591 3394 9
1623 3344 1865 3407 ἀμαλθίας
1893 3352 1933 3397 U
1964 3365 2020 3394 m.
2050 3364 2118 3408 pr.
2149 3352 2196 3394 M

237 3427 287 3468 10
319 3419 553 3482 ἀπέῤῥηξε
582 3420 667 3465 HU
758 3424 807 3464 12
838 3416 1054 3466 πιὸάλιον
1082 3419 1117 3462 Ρ
1148 3433 1205 3463 m.
1236 3434 1304 3476 pr.
1398 3425 1447 3465 15
1482 3415 1787 3479 ὀνομάζομεν
1816 3421 1856 3466 U
1876 3435 1934 3467 m.
1955 3435 2026 3478 pr.
2119 3426 2169 3466 17
2200 3417 2326 3481 γινό-

232 3511 352 3550 μενα
383 3493 486 3537 libri
605 3496 655 3536 18
687 3486 745 3538 τὰ
777 3491 827 3535 Μ
914 3495 968 3535 20
1000 3485 1311 3551 ἀφαιρεῖσθαι
1328 3490 1453 3535 UBH
1483 3485 1774 3550 ἀφερεῖσθαι
1803 3492 1839 3536 Ρ
1955 3493 2203 3548 νομίζουσι
2233 3494 2268 3537 Ρ

235 3569 284 3609 21
320 3560 417 3611 ἀπὸ
449 3563 566 3617 libri,
598 3576 712 3608 corr.
744 3561 909 3607 Reiske
1024 3561 1068 3608 εἰ
1093 3558 1292 3620 θελήσαι
1313 3562 1348 3605 Ρ
1380 3562 1425 3608 εἰ
1450 3559 1641 3621 θελήσει
1662 3563 1704 3606 H
1724 3562 1947 3622 ἐθελῆσαι
1967 3562 2097 3607 BMU
2119 3577 2178 3609 m.
2199 3577 2267 3620 pr.

234 3629 434 3688 ἀκούσες
465 3635 497 3677 Ρ
528 3647 584 3677 m.
615 3648 683 3690 pr.
838 3636 891 3677 22
924 3635 1160 3690 exspecto:
1201 3635 1429 3692 γεωργῶν
1457 3631 1556 3692 <gal
1586 3641 1688 3688 τοῖς
1724 3634 1958 3693 καρποῖς)
1985 3635 2066 3678 καὶ
2097 3631 2326 3691 ἐμπόρων

231 3703 339 3760 (ἐπὶ
368 3714 472 3760 ταῖς
502 3705 694 3759 ναυσὶν)
809 3708 860 3749 24
892 3706 1094 3761 κροίσου
1122 3707 1186 3756 (οι
1216 3717 1243 3748 a
1274 3707 1408 3759 corr.)
1437 3704 1477 3749 U

1896 3775 1989 3818 10*

2365 824 2392 872 7
