<?xml version="1.0" encoding="UTF-8"?>
<!DOCTYPE html PUBLIC "-//W3C//DTD XHTML 1.0 Transitional//EN"
    "http://www.w3.org/TR/xhtml1/DTD/xhtml1-transitional.dtd">
<html xmlns="http://www.w3.org/1999/xhtml" xml:lang="en" lang="en">
 <head>
  <title>
</title>
<meta http-equiv="Content-Type" content="text/html;charset=utf-8" />
  <meta name='ocr-system' content='tesseract 3.04.00' />
  <meta name='ocr-capabilities' content='ocr_page ocr_carea ocr_par ocr_line ocrx_word'/>
</head>
<body>
  <div class='ocr_page' id='page_1' title='image "./dionisprusaensis02diocuoft_0012.png"; bbox 0 0 2684 4140; ppageno 0'>
   <div class='ocr_carea' id='block_1_1' title="bbox 411 200 1640 299">
    <p class='ocr_par' dir='ltr' id='par_1_1' title="bbox 411 200 1640 299">
     <span class='ocr_line' id='line_1_1' title="bbox 411 200 1640 299; baseline -0.002 -18"><span class='ocrx_word' id='word_1_1' title='bbox 411 253 522 299; x_wconf 73' lang='lat' dir='ltr'><strong>VHI</strong></span> <span class='ocrx_word' id='word_1_2' title='bbox 815 200 817 202; x_wconf 86' lang='lat'>·</span> <span class='ocrx_word' id='word_1_3' title='bbox 1271 235 1640 281; x_wconf 86' lang='lat' dir='ltr'><strong>PRAEFATIO.</strong></span> 
     </span>
    </p>
   </div>
   <div class='ocr_carea' id='block_1_2' title="bbox 400 374 2511 3764">
    <p class='ocr_par' dir='ltr' id='par_1_2' title="bbox 400 374 2511 3764">
     <span class='ocr_line' id='line_1_2' title="bbox 411 374 2501 453; baseline -0.007 -8"><span class='ocrx_word' id='word_1_4' title='bbox 411 389 708 446; x_wconf 78' lang='lat' dir='ltr'><strong>vindicavit</strong></span> <span class='ocrx_word' id='word_1_5' title='bbox 744 385 1024 453; x_wconf 90' lang='lat' dir='ltr'><strong>imperium</strong></span> <span class='ocrx_word' id='word_1_6' title='bbox 1065 386 1117 434; x_wconf 92' lang='lat' dir='ltr'><strong>et</strong></span> <span class='ocrx_word' id='word_1_7' title='bbox 1153 395 1291 447; x_wconf 87' lang='lat' dir='ltr'><strong>pene</strong></span> <span class='ocrx_word' id='word_1_8' title='bbox 1331 393 1542 431; x_wconf 87' lang='lat' dir='ltr'><strong>omnem</strong></span> <span class='ocrx_word' id='word_1_9' title='bbox 1578 375 1834 429; x_wconf 89' lang='lat' dir='ltr'><strong>mundum</strong></span> <span class='ocrx_word' id='word_1_10' title='bbox 1874 391 2003 430; x_wconf 89' lang='lat' dir='ltr'><strong>suae</strong></span> <span class='ocrx_word' id='word_1_11' title='bbox 2052 374 2251 430; x_wconf 89' lang='lat' dir='ltr'><strong>dicioni</strong></span> <span class='ocrx_word' id='word_1_12' title='bbox 2290 378 2501 445; x_wconf 81' lang='lat' dir='ltr'><strong>subegit</strong></span> 
     </span>
     <span class='ocr_line' id='line_1_3' title="bbox 409 459 2504 537; baseline -0.006 -10"><span class='ocrx_word' id='word_1_13' title='bbox 409 473 690 537; x_wconf 82' lang='lat' dir='ltr'><strong>omniaque</strong></span> <span class='ocrx_word' id='word_1_14' title='bbox 716 482 908 532; x_wconf 47' lang='lat' dir='ltr'><strong>*regna</strong></span> <span class='ocrx_word' id='word_1_15' title='bbox 953 463 1284 532; x_wconf 83' lang='lat' dir='ltr'><strong>perdomuit,</strong></span> <span class='ocrx_word' id='word_1_16' title='bbox 1334 461 1471 515; x_wconf 90' lang='lat' dir='ltr'><strong>adeo</strong></span> <span class='ocrx_word' id='word_1_17' title='bbox 1520 465 1579 513; x_wconf 93' lang='lat' dir='ltr'><strong>ut</strong></span> <span class='ocrx_word' id='word_1_18' title='bbox 1627 465 1781 513; x_wconf 90' lang='lat' dir='ltr'><strong>extra</strong></span> <span class='ocrx_word' id='word_1_19' title='bbox 1827 465 2008 514; x_wconf 89' lang='lat' dir='ltr'><strong>nostro</strong></span> <span class='ocrx_word' id='word_1_20' title='bbox 2057 459 2186 515; x_wconf 91' lang='lat' dir='ltr'><strong>orbe</strong></span> <span class='ocrx_word' id='word_1_21' title='bbox 2224 462 2278 514; x_wconf 89' lang='lat' dir='ltr'><strong>in</strong></span> <span class='ocrx_word' id='word_1_22' title='bbox 2317 463 2504 516; x_wconf 89' lang='lat' dir='ltr'><strong>oceani</strong></span> 
     </span>
     <span class='ocr_line' id='line_1_4' title="bbox 410 545 2504 619; baseline -0.003 -11"><span class='ocrx_word' id='word_1_23' title='bbox 410 558 527 609; x_wconf 90' lang='lat' dir='ltr'><strong>sinu</strong></span> <span class='ocrx_word' id='word_1_24' title='bbox 564 551 826 619; x_wconf 88' lang='lat' dir='ltr'><strong>repositas</strong></span> <span class='ocrx_word' id='word_1_25' title='bbox 864 548 1066 601; x_wconf 86' lang='lat' dir='ltr'><strong>insulas</strong></span> <span class='ocrx_word' id='word_1_26' title='bbox 1105 551 1418 614; x_wconf 88' lang='lat' dir='ltr'><strong>occuparet,</strong></span> <span class='ocrx_word' id='word_1_27' title='bbox 1455 549 1513 598; x_wconf 84' lang='lat' dir='ltr'><strong>et</strong></span> <span class='ocrx_word' id='word_1_28' title='bbox 1548 560 1648 598; x_wconf 88' lang='lat' dir='ltr'><strong>nec</strong></span> <span class='ocrx_word' id='word_1_29' title='bbox 1684 561 1879 599; x_wconf 90' lang='lat' dir='ltr'><strong>nomen</strong></span> <span class='ocrx_word' id='word_1_30' title='bbox 1917 545 2279 598; x_wconf 87' lang='lat' dir='ltr'><strong>Romanorum</strong></span> <span class='ocrx_word' id='word_1_31' title='bbox 2316 546 2504 601; x_wconf 80' lang='lat' dir='ltr'><strong>auditu</strong></span> 
     </span>
     <span class='ocr_line' id='line_1_5' title="bbox 406 628 2503 705; baseline -0.002 -16"><span class='ocrx_word' id='word_1_32' title='bbox 406 638 497 705; x_wconf 90' lang='lat' dir='ltr'><strong>qui</strong></span> <span class='ocrx_word' id='word_1_33' title='bbox 535 639 811 699; x_wconf 90' lang='lat' dir='ltr'><strong>noverant,</strong></span> <span class='ocrx_word' id='word_1_34' title='bbox 851 648 944 685; x_wconf 89' lang='lat' dir='ltr'><strong>eos</strong></span> <span class='ocrx_word' id='word_1_35' title='bbox 971 631 1227 684; x_wconf 90' lang='lat' dir='ltr'><strong>Romanis</strong></span> <span class='ocrx_word' id='word_1_36' title='bbox 1267 630 1575 684; x_wconf 87' lang='lat' dir='ltr'><strong>tributarios</strong></span> <span class='ocrx_word' id='word_1_37' title='bbox 1610 630 1826 697; x_wconf 85' lang='lat' dir='ltr'><strong>faceret,</strong></span> <span class='ocrx_word' id='word_1_38' title='bbox 1866 628 2071 684; x_wconf 84' lang='lat' dir='ltr'><strong>Gothos</strong></span> <span class='ocrx_word' id='word_1_39' title='bbox 2098 635 2278 683; x_wconf 90' lang='lat' dir='ltr'><strong>tamen</strong></span> <span class='ocrx_word' id='word_1_40' title='bbox 2317 631 2503 685; x_wconf 89' lang='lat' dir='ltr'><strong>crebro</strong></span> 
     </span>
     <span class='ocr_line' id='line_1_6' title="bbox 405 713 2506 788; baseline -0.001 -16"><span class='ocrx_word' id='word_1_41' title='bbox 405 722 769 788; x_wconf 84' lang='lat' dir='ltr'><strong>pertemptans</strong></span> <span class='ocrx_word' id='word_1_42' title='bbox 806 716 1057 783; x_wconf 88' lang='lat' dir='ltr'><strong>nequivit</strong></span> <span class='ocrx_word' id='word_1_43' title='bbox 1088 715 1349 768; x_wconf 89' lang='lat' dir='ltr'><strong>subicere.</strong></span> <span class='ocrx_word' id='word_1_44' title='bbox 1428 713 1597 768; x_wconf 87' lang='lat' dir='ltr'><strong>Gaius</strong></span> <span class='ocrx_word' id='word_1_45' title='bbox 1635 715 1884 769; x_wconf 85' lang='lat' dir='ltr'><strong>Tiberius</strong></span> <span class='ocrx_word' id='word_1_46' title='bbox 1936 716 2043 768; x_wconf 90' lang='lat' dir='ltr'><strong>iam</strong></span> <span class='ocrx_word' id='word_1_47' title='bbox 2091 716 2277 769; x_wconf 89' lang='lat' dir='ltr'><strong>tertius</strong></span> <span class='ocrx_word' id='word_1_48' title='bbox 2317 720 2506 783; x_wconf 86' lang='lat' dir='ltr'><strong>regnat</strong></span> 
     </span>
     <span class='ocr_line' id='line_1_7' title="bbox 406 800 2504 869; baseline -0 -13"><span class='ocrx_word' id='word_1_49' title='bbox 406 804 675 856; x_wconf 88' lang='lat' dir='ltr'><strong>Romanis.</strong></span> <span class='ocrx_word' id='word_1_50' title='bbox 754 800 918 854; x_wconf 83' lang='lat' dir='ltr'><strong>Gothi</strong></span> <span class='ocrx_word' id='word_1_51' title='bbox 969 805 1149 854; x_wconf 90' lang='lat' dir='ltr'><strong>tamen</strong></span> <span class='ocrx_word' id='word_1_52' title='bbox 1199 816 1294 854; x_wconf 90' lang='lat' dir='ltr'><strong>suo</strong></span> <span class='ocrx_word' id='word_1_53' title='bbox 1339 815 1506 867; x_wconf 78' lang='lat' dir='ltr'><strong>regno</strong></span> <span class='ocrx_word' id='word_1_54' title='bbox 1557 800 1822 854; x_wconf 80' lang='lat' dir='ltr'><strong>incolume</strong></span> <span class='ocrx_word' id='word_1_55' title='bbox 1869 806 2232 869; x_wconf 89' lang='lat' dir='ltr'><strong>perseverant.</strong></span> <span class='ocrx_word' id='word_1_56' title='bbox 2309 802 2504 869; x_wconf 88' lang='lat' dir='ltr'><strong>quibus</strong></span> 
     </span>
     <span class='ocr_line' id='line_1_8' title="bbox 403 883 2503 954; baseline -0.001 -13"><span class='ocrx_word' id='word_1_57' title='bbox 403 887 505 941; x_wconf 92' lang='lat' dir='ltr'><strong>hoc</strong></span> <span class='ocrx_word' id='word_1_58' title='bbox 543 892 659 940; x_wconf 90' lang='lat' dir='ltr'><strong>erat</strong></span> <span class='ocrx_word' id='word_1_59' title='bbox 696 886 927 952; x_wconf 89' lang='lat' dir='ltr'><strong>salubre,</strong></span> <span class='ocrx_word' id='word_1_60' title='bbox 967 884 1071 939; x_wconf 90' lang='lat' dir='ltr'><strong>hoc</strong></span> <span class='ocrx_word' id='word_1_61' title='bbox 1109 884 1538 950; x_wconf 89' lang='lat' dir='ltr'><strong>adcommodum,</strong></span> <span class='ocrx_word' id='word_1_62' title='bbox 1578 883 1681 938; x_wconf 91' lang='lat' dir='ltr'><strong>hoc</strong></span> <span class='ocrx_word' id='word_1_63' title='bbox 1718 885 1976 952; x_wconf 87' lang='lat' dir='ltr'><strong>votivum,</strong></span> <span class='ocrx_word' id='word_1_64' title='bbox 2015 889 2074 938; x_wconf 91' lang='lat' dir='ltr'><strong>ut</strong></span> <span class='ocrx_word' id='word_1_65' title='bbox 2111 885 2374 954; x_wconf 90' lang='lat' dir='ltr'><strong>quidquid</strong></span> <span class='ocrx_word' id='word_1_66' title='bbox 2411 887 2503 939; x_wconf 92' lang='lat' dir='ltr'><strong>Di-</strong></span> 
     </span>
     <span class='ocr_line' id='line_1_9' title="bbox 403 968 2504 1039; baseline -0 -14"><span class='ocrx_word' id='word_1_67' title='bbox 403 974 584 1026; x_wconf 91' lang='lat' dir='ltr'><strong>cineus</strong></span> <span class='ocrx_word' id='word_1_68' title='bbox 624 987 805 1025; x_wconf 90' lang='lat' dir='ltr'><strong>eorum</strong></span> <span class='ocrx_word' id='word_1_69' title='bbox 843 971 1181 1025; x_wconf 82' lang='lat' dir='ltr'><strong>consiliarius</strong></span> <span class='ocrx_word' id='word_1_70' title='bbox 1218 970 1566 1039; x_wconf 80' lang='lat' dir='ltr'><strong>precepisset,</strong></span> <span class='ocrx_word' id='word_1_71' title='bbox 1615 968 1717 1023; x_wconf 92' lang='lat' dir='ltr'><strong>hoc</strong></span> <span class='ocrx_word' id='word_1_72' title='bbox 1753 968 1929 1023; x_wconf 88' lang='lat' dir='ltr'><strong>modis</strong></span> <span class='ocrx_word' id='word_1_73' title='bbox 1967 970 2212 1023; x_wconf 91' lang='lat' dir='ltr'><strong>omnibus</strong></span> <span class='ocrx_word' id='word_1_74' title='bbox 2251 977 2504 1038; x_wconf 91' lang='lat' dir='ltr'><strong>expeten-</strong></span> 
     </span>
     <span class='ocr_line' id='line_1_10' title="bbox 403 1054 2505 1124; baseline -0.001 -13"><span class='ocrx_word' id='word_1_75' title='bbox 403 1057 546 1124; x_wconf 89' lang='lat' dir='ltr'><strong>dum,</strong></span> <span class='ocrx_word' id='word_1_76' title='bbox 586 1056 687 1110; x_wconf 92' lang='lat' dir='ltr'><strong>hoc</strong></span> <span class='ocrx_word' id='word_1_77' title='bbox 724 1056 856 1110; x_wconf 91' lang='lat' dir='ltr'><strong>utile</strong></span> <span class='ocrx_word' id='word_1_78' title='bbox 893 1055 1191 1110; x_wconf 90' lang='lat' dir='ltr'><strong>iudicantes</strong></span> <span class='ocrx_word' id='word_1_79' title='bbox 1231 1054 1446 1109; x_wconf 89' lang='lat' dir='ltr'><strong>effectui</strong></span> <span class='ocrx_word' id='word_1_80' title='bbox 1473 1055 1854 1124; x_wconf 84' lang='lat' dir='ltr'><strong>manciparent.</strong></span> <span class='ocrx_word' id='word_1_81' title='bbox 1930 1054 2021 1122; x_wconf 89' lang='lat' dir='ltr'><strong>qui</strong></span> <span class='ocrx_word' id='word_1_82' title='bbox 2060 1070 2282 1109; x_wconf 89' lang='lat' dir='ltr'><strong>cernens</strong></span> <span class='ocrx_word' id='word_1_83' title='bbox 2321 1071 2505 1108; x_wconf 92' lang='lat' dir='ltr'><strong>eorum</strong></span> 
     </span>
     <span class='ocr_line' id='line_1_11' title="bbox 404 1137 2504 1210; baseline -0.001 -14"><span class='ocrx_word' id='word_1_84' title='bbox 404 1143 611 1196; x_wconf 85' lang='lat' dir='ltr'><strong>animos</strong></span> <span class='ocrx_word' id='word_1_85' title='bbox 649 1141 752 1196; x_wconf 90' lang='lat' dir='ltr'><strong>sibi</strong></span> <span class='ocrx_word' id='word_1_86' title='bbox 791 1141 846 1194; x_wconf 93' lang='lat' dir='ltr'><strong>in</strong></span> <span class='ocrx_word' id='word_1_87' title='bbox 885 1141 1130 1195; x_wconf 91' lang='lat' dir='ltr'><strong>omnibus</strong></span> <span class='ocrx_word' id='word_1_88' title='bbox 1169 1139 1424 1194; x_wconf 84' lang='lat' dir='ltr'><strong>oboedire</strong></span> <span class='ocrx_word' id='word_1_89' title='bbox 1452 1144 1506 1194; x_wconf 87' lang='lat' dir='ltr'><strong>et</strong></span> <span class='ocrx_word' id='word_1_90' title='bbox 1542 1140 1840 1194; x_wconf 87' lang='lat' dir='ltr'><strong>naturalem</strong></span> <span class='ocrx_word' id='word_1_91' title='bbox 1867 1155 1959 1193; x_wconf 90' lang='lat' dir='ltr'><strong>eos</strong></span> <span class='ocrx_word' id='word_1_92' title='bbox 1986 1137 2187 1193; x_wconf 90' lang='lat' dir='ltr'><strong>habere</strong></span> <span class='ocrx_word' id='word_1_93' title='bbox 2213 1140 2504 1210; x_wconf 88' lang='lat' dir='ltr'><strong>ingenium,</strong></span> 
     </span>
     <span class='ocr_line' id='line_1_12' title="bbox 404 1224 2507 1296; baseline -0.001 -15"><span class='ocrx_word' id='word_1_94' title='bbox 404 1243 615 1282; x_wconf 92' lang='lat' dir='ltr'><strong>omnem</strong></span> <span class='ocrx_word' id='word_1_95' title='bbox 664 1243 802 1296; x_wconf 90' lang='lat' dir='ltr'><strong>pene</strong></span> <span class='ocrx_word' id='word_1_96' title='bbox 851 1225 1271 1295; x_wconf 87' lang='lat' dir='ltr'><strong>phylosophiam</strong></span> <span class='ocrx_word' id='word_1_97' title='bbox 1324 1242 1416 1279; x_wconf 88' lang='lat' dir='ltr'><strong>eos</strong></span> <span class='ocrx_word' id='word_1_98' title='bbox 1465 1225 1731 1279; x_wconf 83' lang='lat' dir='ltr'><strong>instruxit.</strong></span> <span class='ocrx_word' id='word_1_99' title='bbox 1807 1230 1921 1278; x_wconf 90' lang='lat' dir='ltr'><strong>erat</strong></span> <span class='ocrx_word' id='word_1_100' title='bbox 1957 1240 2188 1292; x_wconf 84' lang='lat' dir='ltr'><strong>namque</strong></span> <span class='ocrx_word' id='word_1_101' title='bbox 2232 1224 2390 1280; x_wconf 92' lang='lat' dir='ltr'><strong>huius</strong></span> <span class='ocrx_word' id='word_1_102' title='bbox 2428 1227 2507 1279; x_wconf 92' lang='lat' dir='ltr'><strong>rei</strong></span> 
     </span>
     <span class='ocr_line' id='line_1_13' title="bbox 403 1310 2506 1381; baseline -0.001 -15"><span class='ocrx_word' id='word_1_103' title='bbox 403 1313 659 1380; x_wconf 89' lang='lat' dir='ltr'><strong>magister</strong></span> <span class='ocrx_word' id='word_1_104' title='bbox 695 1312 915 1381; x_wconf 88' lang='lat' dir='ltr'><strong>peritus.</strong></span> <span class='ocrx_word' id='word_1_105' title='bbox 978 1328 1102 1365; x_wconf 92' lang='lat' dir='ltr'><strong>nam</strong></span> <span class='ocrx_word' id='word_1_106' title='bbox 1141 1310 1374 1365; x_wconf 88' lang='lat' dir='ltr'><strong>ethicam</strong></span> <span class='ocrx_word' id='word_1_107' title='bbox 1414 1327 1506 1365; x_wconf 86' lang='lat' dir='ltr'><strong>eos</strong></span> <span class='ocrx_word' id='word_1_108' title='bbox 1545 1310 1797 1365; x_wconf 91' lang='lat' dir='ltr'><strong>erudiens</strong></span> <span class='ocrx_word' id='word_1_109' title='bbox 1822 1311 2132 1364; x_wconf 90' lang='lat' dir='ltr'><strong>barbaricos</strong></span> <span class='ocrx_word' id='word_1_110' title='bbox 2158 1326 2333 1364; x_wconf 88' lang='lat' dir='ltr'><strong>mores</strong></span> <span class='ocrx_word' id='word_1_111' title='bbox 2367 1327 2506 1364; x_wconf 90' lang='lat' dir='ltr'><strong>com-</strong></span> 
     </span>
     <span class='ocr_line' id='line_1_14' title="bbox 402 1396 2508 1464; baseline -0 -14"><span class='ocrx_word' id='word_1_112' title='bbox 402 1398 636 1464; x_wconf 84' lang='lat' dir='ltr'><strong>pescuit3</strong></span> <span class='ocrx_word' id='word_1_113' title='bbox 688 1397 915 1463; x_wconf 89' lang='lat' dir='ltr'><strong>fysicam</strong></span> <span class='ocrx_word' id='word_1_114' title='bbox 964 1396 1180 1449; x_wconf 89' lang='lat' dir='ltr'><strong>tradens</strong></span> <span class='ocrx_word' id='word_1_115' title='bbox 1229 1397 1543 1449; x_wconf 87' lang='lat' dir='ltr'><strong>naturaliter</strong></span> <span class='ocrx_word' id='word_1_116' title='bbox 1589 1396 1821 1464; x_wconf 90' lang='lat' dir='ltr'><strong>propriis</strong></span> <span class='ocrx_word' id='word_1_117' title='bbox 1870 1396 2081 1463; x_wconf 87' lang='lat' dir='ltr'><strong>legibus</strong></span> <span class='ocrx_word' id='word_1_118' title='bbox 2130 1396 2317 1449; x_wconf 88' lang='lat' dir='ltr'><strong>vivere</strong></span> <span class='ocrx_word' id='word_1_119' title='bbox 2361 1396 2508 1463; x_wconf 89' lang='lat' dir='ltr'><strong>fecit,</strong></span> 
     </span>
     <span class='ocr_line' id='line_1_15' title="bbox 403 1475 2507 1552; baseline 0 -17"><span class='ocrx_word' id='word_1_120' title='bbox 403 1477 556 1552; x_wconf 90' lang='lat' dir='ltr'><strong>[quas</strong></span> <span class='ocrx_word' id='word_1_121' title='bbox 583 1498 751 1549; x_wconf 90' lang='lat' dir='ltr'><strong>usque</strong></span> <span class='ocrx_word' id='word_1_122' title='bbox 771 1498 913 1536; x_wconf 92' lang='lat' dir='ltr'><strong>nunc</strong></span> <span class='ocrx_word' id='word_1_123' title='bbox 939 1482 1266 1550; x_wconf 88' lang='lat' dir='ltr'><strong>conscriptas</strong></span> <span class='ocrx_word' id='word_1_124' title='bbox 1293 1482 1571 1549; x_wconf 85' lang='lat' dir='ltr'><strong>belagines</strong></span> <span class='ocrx_word' id='word_1_125' title='bbox 1596 1475 1949 1550; x_wconf 82' lang='lat' dir='ltr'><strong>nuncupant];</strong></span> <span class='ocrx_word' id='word_1_126' title='bbox 1982 1481 2214 1548; x_wconf 86' lang='lat' dir='ltr'><strong>logicam</strong></span> <span class='ocrx_word' id='word_1_127' title='bbox 2241 1481 2507 1535; x_wconf 89' lang='lat' dir='ltr'><strong>instruens</strong></span> 
     </span>
     <span class='ocr_line' id='line_1_16' title="bbox 400 1565 2507 1634; baseline 0 -15"><span class='ocrx_word' id='word_1_128' title='bbox 400 1568 619 1621; x_wconf 87' lang='lat' dir='ltr'><strong>rationis</strong></span> <span class='ocrx_word' id='word_1_129' title='bbox 659 1583 750 1621; x_wconf 90' lang='lat' dir='ltr'><strong>eos</strong></span> <span class='ocrx_word' id='word_1_130' title='bbox 788 1582 951 1634; x_wconf 89' lang='lat' dir='ltr'><strong>supra</strong></span> <span class='ocrx_word' id='word_1_131' title='bbox 977 1571 1181 1621; x_wconf 88' lang='lat' dir='ltr'><strong>ceteras</strong></span> <span class='ocrx_word' id='word_1_132' title='bbox 1220 1571 1407 1633; x_wconf 85' lang='lat' dir='ltr'><strong>gentes</strong></span> <span class='ocrx_word' id='word_1_133' title='bbox 1434 1567 1563 1620; x_wconf 90' lang='lat' dir='ltr'><strong>fecit</strong></span> <span class='ocrx_word' id='word_1_134' title='bbox 1589 1571 1866 1634; x_wconf 83' lang='lat' dir='ltr'><strong>expertos3</strong></span> <span class='ocrx_word' id='word_1_135' title='bbox 1906 1565 2180 1633; x_wconf 85' lang='lat' dir='ltr'><strong>practicen</strong></span> <span class='ocrx_word' id='word_1_136' title='bbox 2217 1565 2507 1620; x_wconf 91' lang='lat' dir='ltr'><strong>ostendens</strong></span> 
     </span>
     <span class='ocr_line' id='line_1_17' title="bbox 401 1649 2508 1718; baseline 0 -15"><span class='ocrx_word' id='word_1_137' title='bbox 401 1651 456 1703; x_wconf 92' lang='lat' dir='ltr'><strong>in</strong></span> <span class='ocrx_word' id='word_1_138' title='bbox 483 1651 637 1705; x_wconf 90' lang='lat' dir='ltr'><strong>bonis</strong></span> <span class='ocrx_word' id='word_1_139' title='bbox 664 1651 871 1705; x_wconf 89' lang='lat' dir='ltr'><strong>actibus</strong></span> <span class='ocrx_word' id='word_1_140' title='bbox 900 1667 1219 1705; x_wconf 87' lang='lat' dir='ltr'><strong>conversare</strong></span> <span class='ocrx_word' id='word_1_141' title='bbox 1246 1653 1442 1718; x_wconf 83' lang='lat' dir='ltr'><strong>suasit3</strong></span> <span class='ocrx_word' id='word_1_142' title='bbox 1481 1649 1813 1704; x_wconf 91' lang='lat' dir='ltr'><strong>theoreticen</strong></span> <span class='ocrx_word' id='word_1_143' title='bbox 1839 1649 2208 1704; x_wconf 87' lang='lat' dir='ltr'><strong>demonstrans</strong></span> <span class='ocrx_word' id='word_1_144' title='bbox 2236 1652 2508 1718; x_wconf 91' lang='lat' dir='ltr'><strong>signorum</strong></span> 
     </span>
     <span class='ocr_line' id='line_1_18' title="bbox 402 1735 2509 1803; baseline 0 -15"><span class='ocrx_word' id='word_1_145' title='bbox 402 1735 701 1789; x_wconf 87' lang='lat' dir='ltr'><strong>duodecem</strong></span> <span class='ocrx_word' id='word_1_146' title='bbox 751 1741 804 1789; x_wconf 90' lang='lat' dir='ltr'><strong>et</strong></span> <span class='ocrx_word' id='word_1_147' title='bbox 850 1751 948 1803; x_wconf 92' lang='lat' dir='ltr'><strong>per</strong></span> <span class='ocrx_word' id='word_1_148' title='bbox 997 1751 1062 1788; x_wconf 89' lang='lat' dir='ltr'><strong>ea</strong></span> <span class='ocrx_word' id='word_1_149' title='bbox 1112 1736 1449 1802; x_wconf 89' lang='lat' dir='ltr'><strong>planetarum</strong></span> <span class='ocrx_word' id='word_1_150' title='bbox 1499 1751 1683 1788; x_wconf 88' lang='lat' dir='ltr'><strong>cursus</strong></span> <span class='ocrx_word' id='word_1_151' title='bbox 1743 1750 2064 1802; x_wconf 89' lang='lat' dir='ltr'><strong>omnemque</strong></span> <span class='ocrx_word' id='word_1_152' title='bbox 2128 1737 2509 1790; x_wconf 85' lang='lat' dir='ltr'><strong>astronomiam</strong></span> 
     </span>
     <span class='ocr_line' id='line_1_19' title="bbox 403 1820 2511 1889; baseline 0 -15"><span class='ocrx_word' id='word_1_153' title='bbox 403 1821 754 1888; x_wconf 87' lang='lat' dir='ltr'><strong>contemplari</strong></span> <span class='ocrx_word' id='word_1_154' title='bbox 795 1820 1035 1889; x_wconf 90' lang='lat' dir='ltr'><strong>edocuit,</strong></span> <span class='ocrx_word' id='word_1_155' title='bbox 1075 1825 1129 1874; x_wconf 90' lang='lat' dir='ltr'><strong>et</strong></span> <span class='ocrx_word' id='word_1_156' title='bbox 1167 1820 1437 1889; x_wconf 91' lang='lat' dir='ltr'><strong>quomodo</strong></span> <span class='ocrx_word' id='word_1_157' title='bbox 1477 1820 1679 1873; x_wconf 90' lang='lat' dir='ltr'><strong>lunaris</strong></span> <span class='ocrx_word' id='word_1_158' title='bbox 1718 1820 1863 1873; x_wconf 91' lang='lat' dir='ltr'><strong>orbis</strong></span> <span class='ocrx_word' id='word_1_159' title='bbox 1902 1824 2246 1887; x_wconf 89' lang='lat' dir='ltr'><strong>augmentum</strong></span> <span class='ocrx_word' id='word_1_160' title='bbox 2284 1822 2511 1874; x_wconf 89' lang='lat' dir='ltr'><strong>sustinet</strong></span> 
     </span>
     <span class='ocr_line' id='line_1_20' title="bbox 401 1904 2510 1975; baseline 0 -16"><span class='ocrx_word' id='word_1_161' title='bbox 401 1911 493 1959; x_wconf 87' lang='lat' dir='ltr'><strong>aut</strong></span> <span class='ocrx_word' id='word_1_162' title='bbox 529 1905 730 1974; x_wconf 89' lang='lat' dir='ltr'><strong>patitur</strong></span> <span class='ocrx_word' id='word_1_163' title='bbox 768 1905 1173 1972; x_wconf 86' lang='lat' dir='ltr'><strong>detrimentum,</strong></span> <span class='ocrx_word' id='word_1_164' title='bbox 1214 1904 1412 1972; x_wconf 86' lang='lat' dir='ltr'><strong>edixit,</strong></span> <span class='ocrx_word' id='word_1_165' title='bbox 1461 1906 1697 1973; x_wconf 88' lang='lat' dir='ltr'><strong>solisque</strong></span> <span class='ocrx_word' id='word_1_166' title='bbox 1736 1904 1956 1973; x_wconf 91' lang='lat' dir='ltr'><strong>globum</strong></span> <span class='ocrx_word' id='word_1_167' title='bbox 1995 1905 2214 1972; x_wconf 90' lang='lat' dir='ltr'><strong>igneum</strong></span> <span class='ocrx_word' id='word_1_168' title='bbox 2253 1912 2510 1975; x_wconf 91' lang='lat' dir='ltr'><strong>quantum</strong></span> 
     </span>
     <span class='ocr_line' id='line_1_21' title="bbox 400 1990 2510 2058; baseline 0.001 -14"><span class='ocrx_word' id='word_1_169' title='bbox 400 1996 610 2044; x_wconf 89' lang='lat' dir='ltr'><strong>terreno</strong></span> <span class='ocrx_word' id='word_1_170' title='bbox 650 1991 777 2044; x_wconf 92' lang='lat' dir='ltr'><strong>orbe</strong></span> <span class='ocrx_word' id='word_1_171' title='bbox 819 1992 874 2043; x_wconf 91' lang='lat' dir='ltr'><strong>in</strong></span> <span class='ocrx_word' id='word_1_172' title='bbox 918 2007 1166 2045; x_wconf 88' lang='lat' dir='ltr'><strong>mensura</strong></span> <span class='ocrx_word' id='word_1_173' title='bbox 1204 1991 1463 2058; x_wconf 86' lang='lat' dir='ltr'><strong>excedat,</strong></span> <span class='ocrx_word' id='word_1_174' title='bbox 1513 1990 1770 2057; x_wconf 89' lang='lat' dir='ltr'><strong>ostendit,</strong></span> <span class='ocrx_word' id='word_1_175' title='bbox 1822 1995 1916 2044; x_wconf 90' lang='lat' dir='ltr'><strong>aut</strong></span> <span class='ocrx_word' id='word_1_176' title='bbox 1965 1990 2158 2058; x_wconf 91' lang='lat' dir='ltr'><strong>quibus</strong></span> <span class='ocrx_word' id='word_1_177' title='bbox 2205 1992 2510 2047; x_wconf 90' lang='lat' dir='ltr'><strong>nominibus</strong></span> 
     </span>
     <span class='ocr_line' id='line_1_22' title="bbox 400 2075 2510 2144; baseline 0.002 -16"><span class='ocrx_word' id='word_1_178' title='bbox 400 2075 489 2128; x_wconf 90' lang='lat' dir='ltr'><strong>vel</strong></span> <span class='ocrx_word' id='word_1_179' title='bbox 539 2075 731 2142; x_wconf 90' lang='lat' dir='ltr'><strong>quibus</strong></span> <span class='ocrx_word' id='word_1_180' title='bbox 782 2075 948 2142; x_wconf 89' lang='lat' dir='ltr'><strong>signis</strong></span> <span class='ocrx_word' id='word_1_181' title='bbox 997 2076 1052 2127; x_wconf 91' lang='lat' dir='ltr'><strong>in</strong></span> <span class='ocrx_word' id='word_1_182' title='bbox 1100 2076 1227 2144; x_wconf 92' lang='lat' dir='ltr'><strong>polo</strong></span> <span class='ocrx_word' id='word_1_183' title='bbox 1281 2076 1418 2129; x_wconf 91' lang='lat' dir='ltr'><strong>caeli</strong></span> <span class='ocrx_word' id='word_1_184' title='bbox 1467 2080 1723 2143; x_wconf 87' lang='lat' dir='ltr'><strong>vergente</strong></span> <span class='ocrx_word' id='word_1_185' title='bbox 1773 2081 1825 2128; x_wconf 93' lang='lat' dir='ltr'><strong>et</strong></span> <span class='ocrx_word' id='word_1_186' title='bbox 1874 2081 2190 2143; x_wconf 87' lang='lat' dir='ltr'><strong>revergente</strong></span> <span class='ocrx_word' id='word_1_187' title='bbox 2240 2082 2510 2132; x_wconf 88' lang='lat' dir='ltr'><strong>trecentae</strong></span> 
     </span>
     <span class='ocr_line' id='line_1_23' title="bbox 403 2160 2509 2231; baseline 0.002 -19"><span class='ocrx_word' id='word_1_188' title='bbox 403 2160 761 2228; x_wconf 88' lang='lat' dir='ltr'><strong>quadraginta</strong></span> <span class='ocrx_word' id='word_1_189' title='bbox 800 2166 853 2213; x_wconf 87' lang='lat' dir='ltr'><strong>et</strong></span> <span class='ocrx_word' id='word_1_190' title='bbox 889 2177 986 2214; x_wconf 89' lang='lat' dir='ltr'><strong>sex</strong></span> <span class='ocrx_word' id='word_1_191' title='bbox 1030 2161 1220 2214; x_wconf 88' lang='lat' dir='ltr'><strong>stellae</strong></span> <span class='ocrx_word' id='word_1_192' title='bbox 1268 2161 1337 2214; x_wconf 94' lang='lat' dir='ltr'><strong>ab</strong></span> <span class='ocrx_word' id='word_1_193' title='bbox 1376 2165 1492 2213; x_wconf 90' lang='lat' dir='ltr'><strong>ortu</strong></span> <span class='ocrx_word' id='word_1_194' title='bbox 1530 2161 1585 2213; x_wconf 92' lang='lat' dir='ltr'><strong>in</strong></span> <span class='ocrx_word' id='word_1_195' title='bbox 1624 2177 1817 2214; x_wconf 88' lang='lat' dir='ltr'><strong>occasu</strong></span> <span class='ocrx_word' id='word_1_196' title='bbox 1855 2161 2146 2230; x_wconf 88' lang='lat' dir='ltr'><strong>precipites</strong></span> <span class='ocrx_word' id='word_1_197' title='bbox 2185 2168 2372 2231; x_wconf 89' lang='lat' dir='ltr'><strong>ruant,</strong></span> <span class='ocrx_word' id='word_1_198' title='bbox 2418 2180 2509 2217; x_wconf 93' lang='lat' dir='ltr'><strong>ex-</strong></span> 
     </span>
     <span class='ocr_line' id='line_1_24' title="bbox 400 2246 2508 2314; baseline 0.001 -16"><span class='ocrx_word' id='word_1_199' title='bbox 400 2246 595 2314; x_wconf 89' lang='lat' dir='ltr'><strong>posuit.</strong></span> <span class='ocrx_word' id='word_1_200' title='bbox 683 2246 859 2313; x_wconf 90' lang='lat' dir='ltr'><strong>qualis</strong></span> <span class='ocrx_word' id='word_1_201' title='bbox 898 2250 1037 2313; x_wconf 89' lang='lat' dir='ltr'><strong>erat,</strong></span> <span class='ocrx_word' id='word_1_202' title='bbox 1077 2263 1234 2314; x_wconf 82' lang='lat' dir='ltr'><strong>rogO,</strong></span> <span class='ocrx_word' id='word_1_203' title='bbox 1274 2247 1551 2314; x_wconf 86' lang='lat' dir='ltr'><strong>voluptas,</strong></span> <span class='ocrx_word' id='word_1_204' title='bbox 1591 2252 1649 2299; x_wconf 90' lang='lat' dir='ltr'><strong>ut</strong></span> <span class='ocrx_word' id='word_1_205' title='bbox 1686 2246 1785 2298; x_wconf 87' lang='lat' dir='ltr'><strong>viri</strong></span> <span class='ocrx_word' id='word_1_206' title='bbox 1825 2246 2135 2313; x_wconf 89' lang='lat' dir='ltr'><strong>fortissimi,</strong></span> <span class='ocrx_word' id='word_1_207' title='bbox 2186 2247 2401 2314; x_wconf 90' lang='lat' dir='ltr'><strong>quando</strong></span> <span class='ocrx_word' id='word_1_208' title='bbox 2439 2248 2508 2300; x_wconf 89' lang='lat' dir='ltr'><strong>ab</strong></span> 
     </span>
     <span class='ocr_line' id='line_1_25' title="bbox 403 2331 2508 2400; baseline 0 -16"><span class='ocrx_word' id='word_1_209' title='bbox 403 2332 566 2385; x_wconf 87' lang='lat' dir='ltr'><strong>armis</strong></span> <span class='ocrx_word' id='word_1_210' title='bbox 618 2332 1158 2399; x_wconf 89' lang='lat' dir='ltr'><strong>quantulumcumque</strong></span> <span class='ocrx_word' id='word_1_211' title='bbox 1205 2337 1517 2400; x_wconf 87' lang='lat' dir='ltr'><strong>vacassent,</strong></span> <span class='ocrx_word' id='word_1_212' title='bbox 1568 2332 1825 2386; x_wconf 87' lang='lat' dir='ltr'><strong>doctrinis</strong></span> <span class='ocrx_word' id='word_1_213' title='bbox 1867 2331 2261 2400; x_wconf 87' lang='lat' dir='ltr'><strong>philosophicis</strong></span> <span class='ocrx_word' id='word_1_214' title='bbox 2308 2333 2508 2385; x_wconf 92' lang='lat' dir='ltr'><strong>imbue-</strong></span> 
     </span>
     <span class='ocr_line' id='line_1_26' title="bbox 403 2416 2509 2486; baseline 0 -15"><span class='ocrx_word' id='word_1_215' title='bbox 403 2416 638 2471; x_wconf 76' lang='lat' dir='ltr'><strong>bantur?</strong></span> <span class='ocrx_word' id='word_1_216' title='bbox 676 2416 879 2470; x_wconf 88' lang='lat' dir='ltr'><strong>videris</strong></span> <span class='ocrx_word' id='word_1_217' title='bbox 917 2433 1080 2470; x_wconf 91' lang='lat' dir='ltr'><strong>unum</strong></span> <span class='ocrx_word' id='word_1_218' title='bbox 1109 2418 1246 2471; x_wconf 90' lang='lat' dir='ltr'><strong>caeli</strong></span> <span class='ocrx_word' id='word_1_219' title='bbox 1272 2418 1612 2486; x_wconf 86' lang='lat' dir='ltr'><strong>positionem,</strong></span> <span class='ocrx_word' id='word_1_220' title='bbox 1651 2417 1817 2470; x_wconf 89' lang='lat' dir='ltr'><strong>alium</strong></span> <span class='ocrx_word' id='word_1_221' title='bbox 1843 2416 2129 2470; x_wconf 87' lang='lat' dir='ltr'><strong>herbarum</strong></span> <span class='ocrx_word' id='word_1_222' title='bbox 2155 2417 2509 2486; x_wconf 89' lang='lat' dir='ltr'><strong>fruticumque</strong></span> 
     </span>
     <span class='ocr_line' id='line_1_27' title="bbox 404 2502 2509 2570; baseline 0.001 -16"><span class='ocrx_word' id='word_1_223' title='bbox 404 2502 686 2569; x_wconf 88' lang='lat' dir='ltr'><strong>explorare</strong></span> <span class='ocrx_word' id='word_1_224' title='bbox 723 2507 957 2570; x_wconf 88' lang='lat' dir='ltr'><strong>naturas,</strong></span> <span class='ocrx_word' id='word_1_225' title='bbox 997 2503 1157 2556; x_wconf 90' lang='lat' dir='ltr'><strong>istum</strong></span> <span class='ocrx_word' id='word_1_226' title='bbox 1197 2504 1356 2556; x_wconf 90' lang='lat' dir='ltr'><strong>lunae</strong></span> <span class='ocrx_word' id='word_1_227' title='bbox 1385 2502 1668 2556; x_wconf 89' lang='lat' dir='ltr'><strong>commoda</strong></span> <span class='ocrx_word' id='word_1_228' title='bbox 1694 2502 2162 2570; x_wconf 86' lang='lat' dir='ltr'><strong>incommodaque,</strong></span> <span class='ocrx_word' id='word_1_229' title='bbox 2202 2504 2352 2555; x_wconf 90' lang='lat' dir='ltr'><strong>illum</strong></span> <span class='ocrx_word' id='word_1_230' title='bbox 2381 2504 2509 2556; x_wconf 92' lang='lat' dir='ltr'><strong>solis</strong></span> 
     </span>
     <span class='ocr_line' id='line_1_28' title="bbox 402 2586 2510 2657; baseline 0 -18"><span class='ocrx_word' id='word_1_231' title='bbox 402 2588 613 2641; x_wconf 88' lang='lat' dir='ltr'><strong>labores</strong></span> <span class='ocrx_word' id='word_1_232' title='bbox 651 2586 947 2641; x_wconf 88' lang='lat' dir='ltr'><strong>adtendere</strong></span> <span class='ocrx_word' id='word_1_233' title='bbox 986 2595 1039 2642; x_wconf 91' lang='lat' dir='ltr'><strong>et</strong></span> <span class='ocrx_word' id='word_1_234' title='bbox 1078 2588 1349 2655; x_wconf 91' lang='lat' dir='ltr'><strong>quomodo</strong></span> <span class='ocrx_word' id='word_1_235' title='bbox 1401 2594 1575 2642; x_wconf 90' lang='lat' dir='ltr'><strong>rotatu</strong></span> <span class='ocrx_word' id='word_1_236' title='bbox 1628 2589 1765 2642; x_wconf 88' lang='lat' dir='ltr'><strong>caeli</strong></span> <span class='ocrx_word' id='word_1_237' title='bbox 1805 2594 1986 2657; x_wconf 89' lang='lat' dir='ltr'><strong>raptos</strong></span> <span class='ocrx_word' id='word_1_238' title='bbox 2035 2594 2176 2641; x_wconf 87' lang='lat' dir='ltr'><strong>retro</strong></span> <span class='ocrx_word' id='word_1_239' title='bbox 2215 2587 2401 2642; x_wconf 90' lang='lat' dir='ltr'><strong>reduci</strong></span> <span class='ocrx_word' id='word_1_240' title='bbox 2438 2587 2510 2641; x_wconf 88' lang='lat' dir='ltr'><strong>ad</strong></span> 
     </span>
     <span class='ocr_line' id='line_1_29' title="bbox 402 2671 2508 2742; baseline 0.001 -18"><span class='ocrx_word' id='word_1_241' title='bbox 402 2678 609 2740; x_wconf 86' lang='lat' dir='ltr'><strong>partem</strong></span> <span class='ocrx_word' id='word_1_242' title='bbox 649 2672 955 2740; x_wconf 88' lang='lat' dir='ltr'><strong>occiduam,</strong></span> <span class='ocrx_word' id='word_1_243' title='bbox 1006 2674 1097 2741; x_wconf 91' lang='lat' dir='ltr'><strong>qui</strong></span> <span class='ocrx_word' id='word_1_244' title='bbox 1135 2673 1207 2727; x_wconf 89' lang='lat' dir='ltr'><strong>ad</strong></span> <span class='ocrx_word' id='word_1_245' title='bbox 1246 2674 1560 2728; x_wconf 88' lang='lat' dir='ltr'><strong>orientalem</strong></span> <span class='ocrx_word' id='word_1_246' title='bbox 1597 2675 1816 2742; x_wconf 90' lang='lat' dir='ltr'><strong>plagam</strong></span> <span class='ocrx_word' id='word_1_247' title='bbox 1854 2674 1931 2726; x_wconf 90' lang='lat' dir='ltr'><strong>ire</strong></span> <span class='ocrx_word' id='word_1_248' title='bbox 1971 2674 2254 2741; x_wconf 89' lang='lat' dir='ltr'><strong>festinant,</strong></span> <span class='ocrx_word' id='word_1_249' title='bbox 2302 2671 2508 2726; x_wconf 88' lang='lat' dir='ltr'><strong>ratione</strong></span> 
     </span>
     <span class='ocr_line' id='line_1_30' title="bbox 403 2757 2510 2826; baseline 0.001 -16"><span class='ocrx_word' id='word_1_250' title='bbox 403 2762 628 2826; x_wconf 88' lang='lat' dir='ltr'><strong>accepta</strong></span> <span class='ocrx_word' id='word_1_251' title='bbox 680 2758 974 2826; x_wconf 89' lang='lat' dir='ltr'><strong>quiescere.</strong></span> <span class='ocrx_word' id='word_1_252' title='bbox 1014 2786 1083 2794; x_wconf 93' lang='lat'>—</span> <span class='ocrx_word' id='word_1_253' title='bbox 1122 2757 1259 2813; x_wconf 90' lang='lat' dir='ltr'><strong>haec</strong></span> <span class='ocrx_word' id='word_1_254' title='bbox 1308 2764 1361 2812; x_wconf 90' lang='lat' dir='ltr'><strong>et</strong></span> <span class='ocrx_word' id='word_1_255' title='bbox 1408 2759 1518 2812; x_wconf 90' lang='lat' dir='ltr'><strong>alia</strong></span> <span class='ocrx_word' id='word_1_256' title='bbox 1569 2759 1825 2814; x_wconf 90' lang='lat' dir='ltr'><strong>nonnulla</strong></span> <span class='ocrx_word' id='word_1_257' title='bbox 1865 2758 2121 2812; x_wconf 87' lang='lat' dir='ltr'><strong>Dicineus</strong></span> <span class='ocrx_word' id='word_1_258' title='bbox 2172 2757 2365 2812; x_wconf 89' lang='lat' dir='ltr'><strong>Gothis</strong></span> <span class='ocrx_word' id='word_1_259' title='bbox 2413 2775 2510 2813; x_wconf 87' lang='lat' dir='ltr'><strong>sua</strong></span> 
     </span>
     <span class='ocr_line' id='line_1_31' title="bbox 401 2841 2508 2913; baseline 0 -18"><span class='ocrx_word' id='word_1_260' title='bbox 401 2842 597 2911; x_wconf 88' lang='lat' dir='ltr'><strong>peritia</strong></span> <span class='ocrx_word' id='word_1_261' title='bbox 622 2841 838 2897; x_wconf 88' lang='lat' dir='ltr'><strong>tradens</strong></span> <span class='ocrx_word' id='word_1_262' title='bbox 865 2842 1127 2897; x_wconf 88' lang='lat' dir='ltr'><strong>mirabilis</strong></span> <span class='ocrx_word' id='word_1_263' title='bbox 1154 2843 1300 2913; x_wconf 87' lang='lat' dir='ltr'><strong>apud</strong></span> <span class='ocrx_word' id='word_1_264' title='bbox 1327 2860 1419 2899; x_wconf 91' lang='lat' dir='ltr'><strong>eos</strong></span> <span class='ocrx_word' id='word_1_265' title='bbox 1448 2844 1652 2910; x_wconf 90' lang='lat' dir='ltr'><strong>enituit,</strong></span> <span class='ocrx_word' id='word_1_266' title='bbox 1692 2848 1749 2896; x_wconf 91' lang='lat' dir='ltr'><strong>ut</strong></span> <span class='ocrx_word' id='word_1_267' title='bbox 1785 2860 1893 2897; x_wconf 91' lang='lat' dir='ltr'><strong>non</strong></span> <span class='ocrx_word' id='word_1_268' title='bbox 1932 2843 2103 2897; x_wconf 88' lang='lat' dir='ltr'><strong>solum</strong></span> <span class='ocrx_word' id='word_1_269' title='bbox 2129 2842 2508 2910; x_wconf 90' lang='lat' dir='ltr'><strong>mediocribus,</strong></span> 
     </span>
     <span class='ocr_line' id='line_1_32' title="bbox 402 2928 2508 2998; baseline 0.001 -17"><span class='ocrx_word' id='word_1_270' title='bbox 402 2930 564 2982; x_wconf 91' lang='lat' dir='ltr'><strong>immo</strong></span> <span class='ocrx_word' id='word_1_271' title='bbox 605 2934 658 2983; x_wconf 89' lang='lat' dir='ltr'><strong>et</strong></span> <span class='ocrx_word' id='word_1_272' title='bbox 694 2929 912 2997; x_wconf 90' lang='lat' dir='ltr'><strong>regibus</strong></span> <span class='ocrx_word' id='word_1_273' title='bbox 951 2930 1253 2997; x_wconf 91' lang='lat' dir='ltr'><strong>imperaret.</strong></span> <span class='ocrx_word' id='word_1_274' title='bbox 1319 2930 1484 2998; x_wconf 88' lang='lat' dir='ltr'><strong>elegit</strong></span> <span class='ocrx_word' id='word_1_275' title='bbox 1520 2944 1752 2997; x_wconf 90' lang='lat' dir='ltr'><strong>namque</strong></span> <span class='ocrx_word' id='word_1_276' title='bbox 1792 2945 1862 2982; x_wconf 91' lang='lat' dir='ltr'><strong>ex</strong></span> <span class='ocrx_word' id='word_1_277' title='bbox 1889 2929 1967 2982; x_wconf 90' lang='lat' dir='ltr'><strong>eis</strong></span> <span class='ocrx_word' id='word_1_278' title='bbox 1995 2932 2120 2981; x_wconf 91' lang='lat' dir='ltr'><strong>tunc</strong></span> <span class='ocrx_word' id='word_1_279' title='bbox 2145 2928 2508 2983; x_wconf 89' lang='lat' dir='ltr'><strong>nobilissimos</strong></span> 
     </span>
     <span class='ocr_line' id='line_1_33' title="bbox 402 3013 2509 3083; baseline 0 -16"><span class='ocrx_word' id='word_1_280' title='bbox 402 3014 883 3082; x_wconf 85' lang='lat' dir='ltr'><strong>prudentioresque</strong></span> <span class='ocrx_word' id='word_1_281' title='bbox 922 3016 1085 3082; x_wconf 87' lang='lat' dir='ltr'><strong>viros,</strong></span> <span class='ocrx_word' id='word_1_282' title='bbox 1126 3031 1261 3083; x_wconf 88' lang='lat' dir='ltr'><strong>quos</strong></span> <span class='ocrx_word' id='word_1_283' title='bbox 1300 3014 1630 3083; x_wconf 88' lang='lat' dir='ltr'><strong>theologiam</strong></span> <span class='ocrx_word' id='word_1_284' title='bbox 1667 3015 1947 3081; x_wconf 81' lang='lat' dir='ltr'><strong>instruenS,</strong></span> <span class='ocrx_word' id='word_1_285' title='bbox 1986 3014 2206 3067; x_wconf 89' lang='lat' dir='ltr'><strong>numina</strong></span> <span class='ocrx_word' id='word_1_286' title='bbox 2243 3013 2509 3082; x_wconf 88' lang='lat' dir='ltr'><strong>quaedam</strong></span> 
     </span>
     <span class='ocr_line' id='line_1_34' title="bbox 404 3098 2507 3168; baseline 0 -16"><span class='ocrx_word' id='word_1_287' title='bbox 404 3106 457 3152; x_wconf 91' lang='lat' dir='ltr'><strong>et</strong></span> <span class='ocrx_word' id='word_1_288' title='bbox 494 3100 694 3153; x_wconf 90' lang='lat' dir='ltr'><strong>sacella</strong></span> <span class='ocrx_word' id='word_1_289' title='bbox 742 3115 1001 3153; x_wconf 88' lang='lat' dir='ltr'><strong>venerare</strong></span> <span class='ocrx_word' id='word_1_290' title='bbox 1051 3100 1220 3154; x_wconf 88' lang='lat' dir='ltr'><strong>suasit</strong></span> <span class='ocrx_word' id='word_1_291' title='bbox 1266 3100 1500 3168; x_wconf 87' lang='lat' dir='ltr'><strong>fecitque</strong></span> <span class='ocrx_word' id='word_1_292' title='bbox 1539 3098 1877 3167; x_wconf 89' lang='lat' dir='ltr'><strong>sacerdotes,</strong></span> <span class='ocrx_word' id='word_1_293' title='bbox 1927 3115 2123 3152; x_wconf 89' lang='lat' dir='ltr'><strong>nomen</strong></span> <span class='ocrx_word' id='word_1_294' title='bbox 2173 3099 2279 3153; x_wconf 89' lang='lat' dir='ltr'><strong>illis</strong></span> <span class='ocrx_word' id='word_1_295' title='bbox 2317 3100 2507 3167; x_wconf 90' lang='lat' dir='ltr'><strong>pillea-</strong></span> 
     </span>
     <span class='ocr_line' id='line_1_35' title="bbox 405 3183 2510 3254; baseline 0.001 -19"><span class='ocrx_word' id='word_1_296' title='bbox 405 3189 576 3236; x_wconf 91' lang='lat' dir='ltr'><strong>torum</strong></span> <span class='ocrx_word' id='word_1_297' title='bbox 617 3183 949 3252; x_wconf 88' lang='lat' dir='ltr'><strong>contradens,</strong></span> <span class='ocrx_word' id='word_1_298' title='bbox 989 3189 1046 3237; x_wconf 92' lang='lat' dir='ltr'><strong>ut</strong></span> <span class='ocrx_word' id='word_1_299' title='bbox 1070 3201 1207 3254; x_wconf 86' lang='lat' dir='ltr'><strong>reor,</strong></span> <span class='ocrx_word' id='word_1_300' title='bbox 1248 3187 1374 3253; x_wconf 88' lang='lat' dir='ltr'><strong>quia</strong></span> <span class='ocrx_word' id='word_1_301' title='bbox 1402 3186 1602 3254; x_wconf 92' lang='lat' dir='ltr'><strong>opertis</strong></span> <span class='ocrx_word' id='word_1_302' title='bbox 1630 3186 1896 3253; x_wconf 91' lang='lat' dir='ltr'><strong>capitibus</strong></span> <span class='ocrx_word' id='word_1_303' title='bbox 1932 3184 2114 3253; x_wconf 87' lang='lat' dir='ltr'><strong>tyaris,</strong></span> <span class='ocrx_word' id='word_1_304' title='bbox 2156 3200 2288 3251; x_wconf 88' lang='lat' dir='ltr'><strong>quos</strong></span> <span class='ocrx_word' id='word_1_305' title='bbox 2314 3185 2510 3252; x_wconf 85' lang='lat' dir='ltr'><strong>pilleos</strong></span> 
     </span>
     <span class='ocr_line' id='line_1_36' title="bbox 404 3268 2508 3339; baseline 0.002 -19"><span class='ocrx_word' id='word_1_306' title='bbox 404 3268 513 3321; x_wconf 87' lang='lat' dir='ltr'><strong>alio</strong></span> <span class='ocrx_word' id='word_1_307' title='bbox 550 3268 764 3321; x_wconf 90' lang='lat' dir='ltr'><strong>nomine</strong></span> <span class='ocrx_word' id='word_1_308' title='bbox 801 3285 1188 3337; x_wconf 90' lang='lat' dir='ltr'><strong>nuncupamus,</strong></span> <span class='ocrx_word' id='word_1_309' title='bbox 1228 3271 1473 3324; x_wconf 86' lang='lat' dir='ltr'><strong>litabant.</strong></span> <span class='ocrx_word' id='word_1_310' title='bbox 1537 3272 1799 3339; x_wconf 89' lang='lat' dir='ltr'><strong>reliquam</strong></span> <span class='ocrx_word' id='word_1_311' title='bbox 1827 3286 1956 3325; x_wconf 88' lang='lat' dir='ltr'><strong>vero</strong></span> <span class='ocrx_word' id='word_1_312' title='bbox 1984 3275 2198 3337; x_wconf 82' lang='lat' dir='ltr'><strong>gentem</strong></span> <span class='ocrx_word' id='word_1_313' title='bbox 2226 3270 2508 3338; x_wconf 86' lang='lat' dir='ltr'><strong>capillatos</strong></span> 
     </span>
     <span class='ocr_line' id='line_1_37' title="bbox 406 3349 2508 3426; baseline 0.001 -22"><span class='ocrx_word' id='word_1_314' title='bbox 406 3352 585 3406; x_wconf 88' lang='lat' dir='ltr'><strong>dicere</strong></span> <span class='ocrx_word' id='word_1_315' title='bbox 633 3353 813 3421; x_wconf 90' lang='lat' dir='ltr'><strong>iussit,</strong></span> <span class='ocrx_word' id='word_1_316' title='bbox 874 3349 1035 3422; x_wconf 91' lang='lat' dir='ltr'><strong>[quod</strong></span> <span class='ocrx_word' id='word_1_317' title='bbox 1083 3371 1277 3409; x_wconf 92' lang='lat' dir='ltr'><strong>nomen</strong></span> <span class='ocrx_word' id='word_1_318' title='bbox 1328 3356 1492 3410; x_wconf 84' lang='lat' dir='ltr'><strong>Gothi</strong></span> <span class='ocrx_word' id='word_1_319' title='bbox 1543 3374 1641 3426; x_wconf 91' lang='lat' dir='ltr'><strong>pro</strong></span> <span class='ocrx_word' id='word_1_320' title='bbox 1690 3373 1883 3425; x_wconf 90' lang='lat' dir='ltr'><strong>magno</strong></span> <span class='ocrx_word' id='word_1_321' title='bbox 1931 3356 2282 3424; x_wconf 89' lang='lat' dir='ltr'><strong>suscipientes</strong></span> <span class='ocrx_word' id='word_1_322' title='bbox 2330 3354 2508 3408; x_wconf 88' lang='lat' dir='ltr'><strong>adhuc</strong></span> 
     </span>
     <span class='ocr_line' id='line_1_38' title="bbox 407 3436 2507 3511; baseline 0.001 -21"><span class='ocrx_word' id='word_1_323' title='bbox 407 3436 531 3491; x_wconf 91' lang='lat' dir='ltr'><strong>odie</strong></span> <span class='ocrx_word' id='word_1_324' title='bbox 569 3437 677 3490; x_wconf 90' lang='lat' dir='ltr'><strong>suis</strong></span> <span class='ocrx_word' id='word_1_325' title='bbox 716 3437 1051 3492; x_wconf 88' lang='lat' dir='ltr'><strong>cantionibus</strong></span> <span class='ocrx_word' id='word_1_326' title='bbox 1100 3438 1475 3511; x_wconf 88' lang='lat' dir='ltr'><strong>reminiscent].</strong></span> <span class='ocrx_word' id='word_1_327' title='bbox 1561 3442 1872 3496; x_wconf 90' lang='lat' dir='ltr'><strong>Decedente</strong></span> <span class='ocrx_word' id='word_1_328' title='bbox 1924 3457 2053 3495; x_wconf 87' lang='lat' dir='ltr'><strong>vero</strong></span> <span class='ocrx_word' id='word_1_329' title='bbox 2093 3440 2319 3493; x_wconf 89' lang='lat' dir='ltr'><strong>Dicineo</strong></span> <span class='ocrx_word' id='word_1_330' title='bbox 2368 3455 2507 3506; x_wconf 92' lang='lat' dir='ltr'><strong>pene</strong></span> 
     </span>
     <span class='ocr_line' id='line_1_39' title="bbox 405 3517 2505 3596; baseline 0 -21"><span class='ocrx_word' id='word_1_331' title='bbox 405 3522 525 3590; x_wconf 89' lang='lat' dir='ltr'><strong>pari</strong></span> <span class='ocrx_word' id='word_1_332' title='bbox 563 3522 909 3575; x_wconf 86' lang='lat' dir='ltr'><strong>veneratione</strong></span> <span class='ocrx_word' id='word_1_333' title='bbox 948 3522 1249 3578; x_wconf 88' lang='lat' dir='ltr'><strong>habuerunt</strong></span> <span class='ocrx_word' id='word_1_334' title='bbox 1274 3525 1631 3596; x_wconf 84' lang='lat' dir='ltr'><strong>Comosicum,</strong></span> <span class='ocrx_word' id='word_1_335' title='bbox 1671 3529 1798 3595; x_wconf 92' lang='lat' dir='ltr'><strong>quia</strong></span> <span class='ocrx_word' id='word_1_336' title='bbox 1833 3517 1933 3580; x_wconf 85' lang='lat' dir='ltr'><strong>nec</strong></span> <span class='ocrx_word' id='word_1_337' title='bbox 1971 3527 2144 3592; x_wconf 89' lang='lat' dir='ltr'><strong>impar</strong></span> <span class='ocrx_word' id='word_1_338' title='bbox 2170 3528 2284 3577; x_wconf 90' lang='lat' dir='ltr'><strong>erat</strong></span> <span class='ocrx_word' id='word_1_339' title='bbox 2322 3524 2505 3577; x_wconf 92' lang='lat' dir='ltr'><strong>soller-</strong></span> 
     </span>
     <span class='ocr_line' id='line_1_40' title="bbox 407 3605 2505 3680; baseline 0 -21"><span class='ocrx_word' id='word_1_340' title='bbox 407 3607 529 3660; x_wconf 88' lang='lat' dir='ltr'><strong>tiae.</strong></span> <span class='ocrx_word' id='word_1_341' title='bbox 617 3605 705 3659; x_wconf 93' lang='lat' dir='ltr'><strong>hic</strong></span> <span class='ocrx_word' id='word_1_342' title='bbox 756 3607 951 3659; x_wconf 89' lang='lat' dir='ltr'><strong>etenim</strong></span> <span class='ocrx_word' id='word_1_343' title='bbox 1002 3612 1054 3661; x_wconf 92' lang='lat' dir='ltr'><strong>et</strong></span> <span class='ocrx_word' id='word_1_344' title='bbox 1101 3625 1197 3662; x_wconf 91' lang='lat' dir='ltr'><strong>rex</strong></span> <span class='ocrx_word' id='word_1_345' title='bbox 1235 3610 1343 3664; x_wconf 90' lang='lat' dir='ltr'><strong>illis</strong></span> <span class='ocrx_word' id='word_1_346' title='bbox 1384 3616 1437 3665; x_wconf 89' lang='lat' dir='ltr'><strong>et</strong></span> <span class='ocrx_word' id='word_1_347' title='bbox 1474 3612 1717 3680; x_wconf 91' lang='lat' dir='ltr'><strong>pontifex</strong></span> <span class='ocrx_word' id='word_1_348' title='bbox 1756 3612 1823 3666; x_wconf 94' lang='lat' dir='ltr'><strong>ob</strong></span> <span class='ocrx_word' id='word_1_349' title='bbox 1861 3626 2010 3665; x_wconf 90' lang='lat' dir='ltr'><strong>suam</strong></span> <span class='ocrx_word' id='word_1_350' title='bbox 2056 3608 2304 3676; x_wconf 89' lang='lat' dir='ltr'><strong>peritiam</strong></span> <span class='ocrx_word' id='word_1_351' title='bbox 2344 3607 2505 3660; x_wconf 89' lang='lat' dir='ltr'><strong>habe-</strong></span> 
     </span>
     <span class='ocr_line' id='line_1_41' title="bbox 408 3692 2504 3764; baseline 0.001 -19"><span class='ocrx_word' id='word_1_352' title='bbox 408 3692 563 3745; x_wconf 88' lang='lat' dir='ltr'><strong>batur</strong></span> <span class='ocrx_word' id='word_1_353' title='bbox 601 3697 653 3745; x_wconf 90' lang='lat' dir='ltr'><strong>et</strong></span> <span class='ocrx_word' id='word_1_354' title='bbox 690 3693 744 3744; x_wconf 90' lang='lat' dir='ltr'><strong>in</strong></span> <span class='ocrx_word' id='word_1_355' title='bbox 783 3707 990 3745; x_wconf 87' lang='lat' dir='ltr'><strong>summa</strong></span> <span class='ocrx_word' id='word_1_356' title='bbox 1029 3692 1231 3747; x_wconf 86' lang='lat' dir='ltr'><strong>iustitia</strong></span> <span class='ocrx_word' id='word_1_357' title='bbox 1268 3697 1497 3764; x_wconf 88' lang='lat' dir='ltr'><strong>populos</strong></span> <span class='ocrx_word' id='word_1_358' title='bbox 1536 3697 1825 3752; x_wconf 88' lang='lat' dir='ltr'><strong>iudicabat.</strong></span> <span class='ocrx_word' id='word_1_359' title='bbox 1914 3699 1966 3748; x_wconf 90' lang='lat' dir='ltr'><strong>et</strong></span> <span class='ocrx_word' id='word_1_360' title='bbox 2014 3693 2116 3748; x_wconf 92' lang='lat' dir='ltr'><strong>hoc</strong></span> <span class='ocrx_word' id='word_1_361' title='bbox 2154 3695 2311 3749; x_wconf 87' lang='lat' dir='ltr'><strong>rebus</strong></span> <span class='ocrx_word' id='word_1_362' title='bbox 2351 3711 2504 3748; x_wconf 87' lang='lat' dir='ltr'><strong>exce-</strong></span> 
     </span>
    </p>
   </div>
  </div>
 </body>
</html>
