2684 4140
897 293 1310 340 CORINTHIACA
1339 292 1569 338 XXXVII.
2205 287 2268 336 17

14 620 95 662 <4⁵4
115 621 167 662 Μ)
826 622 945 689 (20)
986 617 1641 686 ΚΟΡΙΝΘΙΑΚΟΣ.

320 841 446 898 Ὅτε
472 848 534 897 τὸ
562 853 788 916 πρῶτον
825 846 1152 918 ἐπεδήμησα
1189 855 1258 917 τῇ
1296 845 1461 898 πόλει
1496 853 1566 916 τῇ
1602 848 1856 915 ὑμετέρᾳ,
1896 839 2001 917 ἀφ’
2048 844 2115 896 οὗ
2139 843 2267 895 δέκα

192 933 286 1001 ἔτη
318 929 526 997 σχεδόν,
565 933 658 982 καὶ
681 938 791 983 τῶν
821 931 995 1000 λόγων
1031 930 1315 998 μετέδωκα
1340 931 1418 999 τῷ
1460 930 1613 1001 δήμῳ
1652 932 1746 982 καὶ
1782 934 1903 991 τοῖς
1940 927 2124 980 τέλεσι
2151 933 2272 989 τοῖς

9 1001 95 1073 ’(455
117 1030 167 1071 Μ)
191 1018 495 1085 ὑμετέροις,
523 1014 689 1080 ἔδοξα
714 1015 1038 1088 ἐπιτήδειος
1063 1016 1209 1067 εἶναι
1229 1011 1334 1084 [ἔτι
1360 1011 1437 1084 δὲ]
1458 1018 1586 1081 ὑμῖν
1615 1016 1758 1065 οὕτω
1790 1012 2010 1084 σφόδρα
2040 1014 2116 1073 ὡς
2143 1009 2270 1062 οὐδὲ

183 1098 386 1170 Ἀρίων
407 1102 438 1151 ὁ
460 1101 860 1170 Μηθυμναῖος.
906 1092 1159 1170 Ἀρίονος
1177 1104 1278 1165 μέν
1298 1116 1357 1167 γε
1377 1101 1556 1150 τύπον
1584 1100 1680 1148 οὐκ
1705 1098 2082 1167 ἐποιήσασθε.
2140 1098 2272 1147 ὅταν

135 1197 158 1236 5
198 1184 255 1237 δὲ
282 1188 421 1252 ὑμᾶς
447 1182 603 1252 λέγω,
641 1187 771 1246 τούς
798 1187 1108 1253 προγόνους
1135 1181 1272 1251 λέγω
1312 1185 1444 1244 τούς
1480 1185 1778 1251 ὑμετέρους
1803 1184 1896 1233 καὶ
1921 1177 2274 1249 Περίανδρον

190 1272 286 1320 τὸν
313 1266 579 1336 Κυψέλου
606 1270 702 1318 τὸν
731 1271 927 1338 σοφόν,
966 1261 1063 1337 ἐφ’
1097 1265 1166 1317 οὗ
1179 1259 1382 1336 Ἀρίων
1409 1268 1642 1334 ἐγένετο,
1673 1261 1772 1334 [ὃς]
1798 1267 1891 1317 καὶ
1919 1263 2273 1333 διθύραμβον

192 1360 417 1423 πρῶτος
454 1353 780 1422 ἀνθρώπων
817 1353 1054 1421 ἐποίησε
1089 1353 1182 1402 καὶ
1214 1352 1472 1417 ὠνόμασε
1496 1352 1590 1401 καὶ
1618 1348 1870 1413 ἐδίδαξεν
1897 1352 1956 1401 ἐν
1982 1350 2270 1417 Κορίνθῳ.

190 1435 472 1508 θεοφιλὴς
506 1438 608 1502 μὲν
643 1436 746 1505 γὰρ
788 1436 964 1497 οὕτως
1000 1432 1065 1504 ἦν
1114 1437 1256 1486 ὥστε
1306 1433 1604 1486 ἀναπλέων
1655 1436 1904 1486 ἐνταῦθα
1952 1435 2092 1500 μετὰ
2140 1451 2270 1503 χρη-

13 1534 165 1574 32311)
187 1524 379 1589 μάτων
414 1517 696 1588 μεγάλων,
750 1519 826 1570 ὧν
877 1521 1062 1585 ἔτυχεν
1111 1522 1476 1590 εἰργασμένος
1524 1521 1656 1590 περὶ
1699 1521 2099 1589 Τάρανταχκαὶ
2145 1521 2275 1580 τούς

112 1617 158 1658 10
194 1609 370 1658 ἐκεῖσε
404 1599 694 1675 (Έλληνας,
755 1602 972 1671 μέλλων
1021 1607 1103 1666 εἰς
1150 1607 1248 1676 τὴν
1296 1603 1590 1656 θάλατταν
1637 1607 1749 1656 ὑπὸ
1801 1611 1912 1656 τῶν
1962 1606 2274 1674 πορθμέων

186 1694 443 1743 ἐκπεσεῖν
483 1684 560 1742 δι’
605 1691 743 1741 αὐτά
771 1707 882 1740 που
910 1697 1083 1741 ταῦτα
1109 1691 1178 1741 τὰ
1200 1692 1474 1760 χρήματα,
1516 1692 1883 1761 παρῃτήσατο
1923 1691 2124 1751 αύτούς
2163 1692 2273 1758 πρὸ

188 1784 286 1847 τῆς
312 1773 541 1846 ἐκβολῆς
568 1759 722 1843 ᾆσαι,
752 1777 944 1845 ὥσπερ
974 1777 1117 1846 φασὶ
1142 1778 1273 1837 τοὺς
1299 1778 1526 1836 κύκνους
1550 1773 1857 1841 μέλλοντας
1883 1773 2273 1844 ἀποθνῄσκειν

186 1862 279 1911 καὶ
328 1864 760 1929 προορωμένους
807 1861 904 1911 τὸν
957 1861 1211 1911 θάνατον
1259 1856 1580 1927 ἐμβιβάζειν
1641 1862 1739 1931 τὴν
1790 1862 1970 1930 ψυχὴν
2023 1860 2142 1911 οἷον
2193 1862 2273 1933 είς

190 1947 365 2015 ὄχημα
404 1947 466 1995 τὸ
504 1942 687 2011 μέλος.
752 1946 783 1995 ὁ
806 1947 908 2010 μὲν
947 1943 1010 2016 δὴ
1050 1930 1177 2014 ᾔδε’
1215 1947 1309 1996 καὶ
1344 1947 1447 2015 γάρ
1474 1942 1540 2015 ἤν
1567 1946 1796 2015 νηνεμία
1834 1947 1927 1996 καὶ
1968 1947 2089 2015 σιγὴ
2130 1946 2270 1995 κατὰ

114 2039 160 2080 15
195 2029 513 2081 θάλατταν·
551 2031 645 2081 καὶ
680 2032 742 2080 τὸ
780 2028 949 2096 μέλος
984 2023 1239 2099 ᾔσθοντο
1280 2028 1554 2100 δελφῖνες,
1595 2032 2007 2096 αἰσθανόμενοι
2046 2028 2104 2080 δὲ
2146 2032 2277 2099 περὶ

193 2123 324 2167 ναῦν
360 2113 517 2185 ἦσαν.
583 2119 946 2180 παυσαμένου
987 2113 1045 2165 δὲ
1085 2123 1187 2166 τοῦ
1205 2109 1459 2185 Ἀρίονος
1494 2118 1588 2166 καὶ
1625 2122 1735 2166 τῶν
1763 2115 2076 2185 πορθμέων
2118 2113 2276 2165 οὐδὲν

190 2198 438 2264 μαλακὸν
475 2197 824 2263 ἐνδιδόντων,
866 2201 896 2250 ὁ
932 2201 1032 2265 μὲν
1071 2201 1304 2270 ἔρριψεν
1341 2196 1598 2268 <έαυτόν>
1640 2202 1720 2261 εἰς
1757 2203 1852 2251 τὸν
1891 2203 2115 2263 πόντον,
2159 2198 2277 2250 δελ-

194 2287 290 2354 φὶς
329 2276 383 2335 δ’
426 2282 695 2335 ὑπελθών
722 2282 1008 2350 ἐξεκόμισε
1047 2287 1142 2336 τὸν
1181 2279 1327 2353 ᾠδὸν
1365 2287 1464 2337 ἐπὶ
1494 2287 1774 2355 Ταίναρον
1812 2287 1888 2346 ὡς
1923 2284 2032 2349 εἶχε
2074 2287 2171 2335 σύν
2210 2292 2278 2354 τῇ

194 2375 372 2439 σκευῇ,
450 2364 651 2438 Ἀρίων
703 2371 805 2435 μὲν
855 2370 950 2421 οὖν
999 2377 1196 2421 τοῦτον
1244 2373 1340 2421 τὸν
1391 2374 1604 2439 τρόπον
1657 2372 1869 2432 σωθεὶς
1906 2372 1999 2421 καὶ
2039 2371 2277 2440 φθάσας

111 2462 160 2504 20
195 2456 325 2515 τούς
374 2454 676 2523 πορθμέας
724 2456 782 2505 ἐν
830 2455 1101 2524 Κορίνθῳ
1141 2453 1235 2525 ἧν,
1287 2456 1425 2506 αὐτὰ
1478 2453 1540 2526 δὴ
1582 2462 1756 2506 ταῦτα
1798 2453 2159 2526 διηγούμενος
2198 2454 2275 2522 τῳ

189 2535 537 2607 Περιάνδρῳ.
601 2539 1092 2606 ἐπικαταγομένων
1122 2537 1179 2590 δὲ
1218 2546 1329 2591 τῶν
1357 2541 1671 2609 πορθμέων
1697 2541 1790 2591 καὶ
1815 2547 1918 2590 τοῦ
1943 2543 2274 2609 πράγματος

191 2622 464 2687 ἀχθέντος
490 2623 571 2683 εἰς
597 2620 831 2690 ἔλεγχον,
862 2625 917 2673 οἱ
941 2626 1042 2689 μὲν
1069 2625 1449 2693 ἀπέθνῃσκον,
1479 2616 1682 2693 Ἀρίων
1712 2623 1773 2675 δέ
1798 2624 1880 2688 (ού
1908 2626 2010 2694 γάρ
2038 2625 2279 2693 Περίαν-

195 2704 341 2775 δρος,
381 2699 507 2756 ἀλλ’
547 2699 767 2776 Ἀρίων)
810 2710 1198 2777 ποιησάμενος
1223 2710 1446 2779 μίμημα
1468 2707 1706 2774 χαλκοῦν
1749 2711 1809 2760 ού
1838 2714 1978 2777 μέγα
2006 2710 2278 2778 ἀνέθηκεν

191 2793 289 2842 ἐπὶ
320 2793 616 2860 Ταινάρου,
645 2786 771 2861 [καὶ]
799 2794 965 2844 αὑτὸν
992 2795 1091 2844 ἐπὶ
1115 2800 1217 2844 τοῦ
1245 2795 1528 2863 εὐεργέτου
1555 2796 1894 2865 καθήμενον.
2063 2796 2277 2861 ἐγένετο

113 2884 159 2926 25
198 2873 255 2926 δὲ
294 2877 405 2925 ὑπὸ
444 2879 539 2926 τὸν
580 2877 745 2928 αὐτὸν
783 2884 979 2928 τοῦτον
1001 2881 1201 2947 χρόνον
1237 2881 1330 2930 καὶ
1353 2877 1545 2930 Σόλων
1582 2882 1682 2944 μὲν
1720 2881 1778 2929 ἐν
1818 2879 2106 2948 Κορίνθῳ,
2148 2880 2278 2948 φεύ-

191 2975 301 3027 γων
339 2963 436 3030 τὴν
475 2962 892 3030 Πεισιστράτου
931 2961 1257 3031 τυραννίδα,
1313 2964 1374 3012 ού
1415 2966 1634 3032 φεύγων
1675 2961 1733 3013 δὲ
1772 2965 1870 3033 τὴν
1907 2961 2276 3030 Περιάνδρου.

354 3114 373 3153 1
408 3107 653 3170 πρότερον
681 3111 731 3155 Μ
876 3118 900 3157 3
930 3108 1177 3170 ἡμετέροις
1205 3114 1243 3157 Β
1388 3109 1624 3171 ἐπιτήὸῖος
1653 3113 1692 3157 U
1723 3126 1781 3157 m.
1813 3125 1881 3169 pr.
1996 3111 2063 3159 ἔτι
2095 3114 2142 3159 δὲ
2172 3115 2279 3159 secl.

193 3181 314 3235 Wil„
344 3179 582 3240 ἐτιμώμην
602 3182 783 3227 Geelius
897 3188 924 3228 4
946 3179 1124 3243 ἀρείων
1145 3183 1232 3227 ΒΜ
1346 3188 1631 3241 μιθυμναῖος
1651 3184 1731 3229 UB
1847 3181 2057 3244 ἀρίωνος
2078 3185 2167 3229 ΒΜ

195 3247 357 3296 τύπων
385 3251 433 3294 Μ
562 3255 587 3295 6
617 3246 797 3309 ἀρείων
827 3253 863 3296 Β
989 3249 1044 3306 ὃς
1072 3267 1157 3297 om.
1189 3254 1238 3296 M
1268 3267 1324 3297 m.
1356 3268 1423 3310 pr.
1561 3258 1612 3298 10
1647 3248 1898 3302 θάλασσαν
1928 3256 1976 3298 Μ
2110 3260 2158 3300 11
2193 3272 2280 3302 πα-

197 3316 455 3379 ραιτήσατο
488 3321 535 3363 Μ
653 3325 705 3365 13
735 3325 794 3380 τῇ
825 3326 952 3382 ψυχῇ
984 3322 1132 3370 οἱονεὶ
1165 3319 1321 3382 ὄχημα
1352 3324 1432 3369 UB
1462 3325 1552 3376 (hic
1585 3321 1690 3372 οἷον
1720 3325 1777 3379 εἰ)
1898 3330 1949 3370 14
1971 3321 2096 3384 σειγὴ
2120 3326 2167 3369 Μ

199 3395 249 3434 15
280 3388 336 3436 τὸ
367 3390 514 3450 μέρος
543 3391 592 3434 Μ
728 3393 900 3437 malim:
934 3397 1040 3453 περὶ
1071 3391 1214 3452 <τὴν>
1244 3398 1360 3441 ναῦν
1387 3394 1533 3453 (συν)
1561 3400 1705 3454 ῇσαν,·
1735 3396 1819 3455 τὴν
1850 3398 1983 3441 etiam
2014 3397 2283 3441 Herwerden

193 3461 298 3505 addi
319 3461 455 3505 voluit
558 3465 608 3505 16
631 3463 840 3522 αρίωνος
859 3464 948 3508 ΒΜ
1049 3467 1331 3523 πορθμείων
1351 3465 1400 3509 Μ
1508 3471 1558 3511 17
1581 3471 1764 3524 μᾶλλον
1786 3481 1867 3524 pro
1887 3465 2107 3525 μαλακὸν
2127 3468 2207 3512 UB

194 3528 367 3578 ἑαυτὸν
396 3532 543 3575 addidi
576 3534 698 3586 (item
721 3533 932 3589 Cobetus)
1053 3540 1101 3580 18
1124 3538 1356 3596 ταίρανον
1377 3537 1416 3582 U
1436 3551 1494 3583 m.
1525 3553 1593 3595 pr.
1715 3543 1764 3583 19
1799 3534 1977 3598 ἀρείων
1997 3539 2045 3582 Μ
2162 3543 2215 3583 20
2237 3541 2285 3586 δὲ

196 3615 276 3658 pro
307 3605 359 3658 δη
391 3602 439 3644 M
529 3606 579 3646 23
614 3598 793 3662 ἀρείων
812 3605 861 3648 Μ
974 3610 1155 3663 χαλκοῦ
1184 3606 1223 3651 U
1340 3612 1394 3652 24
1424 3611 1503 3654 καὶ
1534 3603 1683 3655 αὐτὸν
1712 3609 1801 3654 UM
1831 3613 1911 3656 καὶ
1945 3606 2094 3657 αὗτον
2123 3611 2175 3663 Β,
2206 3614 2286 3657 καὶ

196 3672 380 3717 seclusit
418 3672 548 3728 Emp.
725 3679 776 3719 26
814 3674 1126 3737 πισιστράτου
1163 3679 1210 3722 Μ
1384 3680 1489 3724 huic
1527 3680 1614 3736 μὲν
1653 3682 1895 3737 respondet
1930 3676 2044 3728 ἀλλ’
2078 3676 2210 3738 ὅμως
2238 3697 2282 3739 p.

204 3745 336 3795 18,17
455 3737 511 3789 ού
542 3769 597 3776 -
627 3743 914 3804 περιάνδρου
944 3761 1028 3792 om.
1064 3749 1111 3792 M

280 3819 373 3854 DIO.
397 3819 450 3854 Π.
1914 3826 1937 3865 2
