2684 4140
465 286 530 337 54
833 277 1034 324 DIONIS
1061 275 1145 320 DE
1175 264 1520 319 CONCORDIA
1551 267 1678 312 CUM
1707 263 2137 310 APAMENSIBVS

458 429 714 478 ἐπιεικῶν
752 418 876 471 οὐδὲ
914 415 1132 467 πόλεων
1171 414 1508 481 σωφρόνων,
1556 408 1764 476 μᾶλλον
1815 407 1873 460 δὲ
1913 411 2152 476 ἑταιρῶν
2192 410 2522 477 ἀσχημόνων

456 510 568 558 ἀπὸ
595 506 890 573 οἰκήματος
915 502 1174 566 ἑκατέρας
1201 493 1358 546 οὐδὲν
1386 496 1796 560 αἰσχυνομένων
1817 495 1966 563 ῥῆμα
1989 490 2300 543 ἀκόλαστον
2321 494 2521 555 εἰπεῖν,

450 583 490 659 ᾔ
526 601 696 659 φησιν
720 580 974 653 Ὅμηρος,

699 669 765 719 αἴ
794 685 853 718 τε
883 664 1274 732 χολωσάμεναι
1313 664 1516 733 ἀγορῆς
1555 658 1613 725 ἒς
1649 666 1859 728 μέσσον
1900 663 2089 712 ἰοῦσαι

695 742 929 802 νεικεῦσ’
973 745 1257 818 ἀλλήλῃσι,
1291 744 1459 812 χόλος
1499 744 1561 797 δέ
1596 763 1656 797 τε
1692 747 1785 797 καὶ
1821 747 1890 797 τά
1927 744 2152 798 κελεύει.
2556 756 2580 797 5

366 841 430 891 30
451 840 630 888 πόσου
679 833 741 905 δὴ
791 836 963 884 ταῦτά
1012 835 1134 883 ἐστι
1180 834 1243 882 τὸ
1280 833 1353 901 μὴ
1397 833 1663 896 πάσχειν,·
1711 833 1873 898 πόσῳ
1925 829 1982 882 δὲ
2033 829 2298 892 πλείονος
2344 833 2406 882 τὸ
2445 834 2518 902 μὴ

445 924 630 972 ποιεῖν
641 938 661 982 ,·
698 923 866 970 ποῖον
904 911 957 969 δ’
1001 920 1067 968 ἂν
1103 923 1372 968 τοσοῦτον
1410 920 1626 984 γένοιτο
1660 918 1960 985 χρημάτων
2000 914 2229 988 πλῆθος
2265 917 2296 986 ἢ
2333 917 2521 985 χώρας
2547 928 2671 968 (174ss

442 1006 683 1073 μέγεθος
733 997 869 1054 ἀνθ’
924 1001 993 1054 οὗ
1037 1003 1310 1072 προσήκει
1357 1003 1488 1063 τούς
1534 1008 1662 1052 νοῦν
1700 1003 1928 1067 ἔχοντας
1978 1003 2326 1071 ἀνθρώπους
2374 1001 2684 1055 ἀντι-(495Μ

441 1086 901 1152 καταλλάξασθαι
945 1090 1043 1158 τὴν
1091 1080 1231 1138 καθ’
1282 1091 1493 1158 ἡμέραν
1543 1088 1853 1157 εὐφημίαν,
1909 1089 1972 1138 τὸ
2036 1089 2374 1155 πρεπόντως
2421 1087 2522 1151 μὲν

442 1175 711 1236 θεᾶσθαι,
751 1173 1066 1241 προθύμως
1106 1170 1164 1223 δὲ
1204 1170 1551 1242 ἀποδημεῖν,·
1718 1173 1812 1223 καὶ
1847 1174 1954 1243 μὴν
1993 1175 2061 1223 τά
2100 1188 2160 1239 γε
2198 1178 2296 1242 τῆς
2329 1172 2518 1240 χώρας
2557 1179 2603 1221 10

441 1261 533 1310 καὶ
569 1259 635 1309 τά
671 1265 768 1328 τῆς
803 1255 1093 1328 θαλάττης
1129 1259 1222 1309 καὶ
1258 1258 1327 1308 τὰ
1375 1263 1486 1308 τῶν
1537 1259 1682 1327 ὀρῶν
1734 1254 1795 1320 ἐξ
1843 1259 2095 1328 ἅπαντος
2143 1259 2287 1323 ὑμᾶς
2337 1257 2419 1318 εἰς
2457 1257 2519 1305 τὸ

442 1345 572 1394 αὐτὸ
613 1344 832 1409 συνάγει
866 1343 959 1394 καὶ
994 1344 1067 1413 μὴ
1108 1340 1481 1409 βουλομένους
1506 1339 1658 1410 <καὶ>
1681 1338 1976 1410 ἀναγκάζει
1997 1342 2331 1413 χρήσασθαι
2358 1338 2522 1410 ἀλλή-

443 1426 573 1489 λοις.
658 1428 859 1478 ἐκεῖνοί
904 1444 964 1477 τε
1011 1427 1114 1496 γὰρ
1168 1425 1392 1478 δέονται
1440 1435 1538 1498 τῆς
1589 1419 1729 1497 παρ’
1784 1431 1940 1498 ἡμῶν
1992 1425 2122 1498 ὕλης
2176 1429 2269 1478 καὶ
2318 1430 2522 1495 ἑτέρων

441 1510 661 1563 πολλῶν
696 1514 787 1562 καὶ
822 1515 980 1579 ἡμεῖς
1008 1513 1103 1562 οὐκ
1140 1513 1334 1578 ἔχομεν
1375 1513 1500 1564 οὔτε
1529 1514 1942 1581 εἰσαγαγέσθαι
1971 1506 2045 1564 δι’
2079 1517 2269 1582 ἑτέρου
2300 1510 2523 1577 λιμένος

359 1599 419 1651 31
446 1598 567 1648 οὔτε
613 1599 903 1665 ἐκπέμψαι
949 1598 1017 1647 τά
1055 1600 1349 1664 γιγνόμενα
1389 1591 1531 1667 παρ’
1572 1602 1718 1666 ἡμῖν.
1807 1604 1931 1660 πῶς
1983 1598 2077 1649 οὖν
2118 1599 2214 1663 οὐχ
2253 1599 2520 1647 ἁπάντων
2558 1606 2605 1648 15

445 1680 875 1748 δυστυχέστατον
914 1683 1194 1734 ὠνεῖσθαι
1229 1684 1331 1748 μὲν
1371 1685 1640 1744 ἑκάστους
1679 1684 1836 1753 παρὰ
1877 1684 2205 1752 ἀνθρώπων
2233 1684 2295 1733 οὐ
2326 1680 2524 1753 φίλων,

441 1765 830 1818 ἀποδίδοσθαι
878 1765 936 1818 δὲ
975 1771 1096 1829 τοῖς
1131 1773 1390 1833 μισοῦσι,
1442 1768 1797 1835 κατάγεσθαι
1837 1766 1895 1818 δὲ
1936 1769 2092 1836 παρὰ
2131 1771 2253 1829 τοῖς
2290 1768 2526 1835 βαρυνο-

439 1856 642 1917 μένοις,
680 1850 1066 1917 ὑποδέχεσθαι
1106 1850 1163 1903 δὲ
1192 1854 1323 1914 τοὺς
1352 1850 1764 1922 λοιδοροῦντας,
1808 1853 2221 1904 συνεστιᾶσθαι
2260 1849 2318 1902 δὲ
2346 1852 2525 1901 ἐνίοτε

439 1941 558 1999 τοῖς
579 1935 1073 2005 ἀλλοτριωτάτοις·
1102 1938 1198 1989 ἐὰν
1227 1935 1286 1988 δὲ
1315 1935 1520 1989 πλοίου
1547 1955 1635 1999 τις
1661 1939 1945 2007 ἐπιβαίνῃ,
1975 1943 2175 2008 σαφῶς
2202 1934 2414 1987 εἰδέναι
2438 1937 2532 1986 καὶ

439 2023 533 2072 τὸν
558 2023 885 2092 κυβερνήτην
910 2024 1001 2074 καὶ
1025 2025 1155 2084 τοὺς
1180 2025 1385 2085 ναύτας
1425 2025 1682 2086 ἅπαντας
1716 2028 2162 2094 καταρωμένους,
2201 2024 2264 2073 τὸ
2295 2020 2353 2073 δὲ
2382 2023 2522 2072 πάν·
2560 2031 2607 2073 20

440 2123 548 2156 των
584 2104 922 2176 ἀηδέστατον
951 2110 1129 2177 ὅραμα
1168 2109 1405 2178 ἐχθρῶν,
1444 2115 1608 2159 τοῦτο
1646 2110 1738 2160 ἀεί
1771 2126 1914 2160 ποτε
1952 2111 2085 2179 ὁρᾶν
2122 2109 2216 2159 καὶ
2252 2105 2531 2167 πλέοντας

440 2192 531 2242 καὶ
562 2188 903 2257 βαδίζοντας,
941 2195 1033 2244 καὶ
1069 2195 1404 2255 τούτοιςάεὶ
1431 2192 1725 2256 πλείστοις
1749 2196 1889 2246 κατὰ
1915 2195 2016 2256 τὰς
2055 2192 2220 2256 ὁδοὺς
2257 2194 2527 2254 ἀπαντᾶν,

442 2278 683 2344 πονηρὸν
723 2279 814 2328 καὶ
855 2276 1082 2349 δυσχερῆ
1126 2277 1429 2346 σύμβολον,
1477 2274 1641 2348 [ὥστε
1682 2282 1912 2342 πάντως
1951 2282 2186 2332 εἰπόντα
2225 2297 2282 2330 τι
2321 2275 2527 2346 παρελ-

360 2360 426 2412 32
446 2360 574 2410 θεῖν
611 2362 641 2430 ἢ
683 2362 991 2413 ἀκούσαντα
1032 2359 1326 2433 δυσχερές]
1422 2366 1564 2415 ὥστε
1614 2366 1783 2433 ἔγωγε
1824 2366 2214 2434 ἐνεθυμούμην
2254 2361 2528 2424 πολλάκις

441 2446 537 2514 τὴν
575 2452 683 2496 τῶν
710 2447 1030 2514 ἀνθρώπων
1058 2450 1314 2514 ἀμαθίαν
1339 2451 1433 2501 καὶ
1462 2448 1808 2521 διαφθοράν,
1848 2453 1936 2502 ὅτι
1973 2456 2083 2501 τῶν
2126 2447 2348 2520 σφόδρα
2389 2446 2517 2499 ἀδό-
2557 2459 2602 2501 25

443 2526 550 2591 ξων
585 2532 677 2582 καὶ
716 2529 1077 2600 φαυλοτάτων
1117 2530 1271 2601 ζῴων
1304 2537 1527 2604 χείρους
1565 2537 1677 2587 εἰσὶ
1714 2540 1841 2598 ταῖς
1879 2539 2105 2604 ψυχαῖς.
2186 2536 2241 2585 οἱ
2277 2536 2378 2601 μὲν
2417 2535 2519 2602 γὰρ

443 2615 744 2683 ἄνθρωποι
791 2615 1059 2680 πολλάκις
1103 2621 1418 2685 ἐντυχόντες
1467 2619 1732 2691 ἀλλήλοις
1791 2623 2066 2687 μάχονται
2123 2622 2217 2672 καὶ
2267 2617 2521 2689 λοιδορη-

441 2699 638 2761 θέντες
675 2703 936 2753 ἀπίασιν·
976 2706 1031 2754 οἱ
1069 2703 1126 2755 δὲ
1152 2708 1431 2776 μύρμηκες
1468 2708 1611 2758 οὕτω
1651 2709 1850 2758 πυκνοὶ
1885 2702 2209 2773 βαδίζοντες
2249 2703 2521 2756 οὐδέποτε
2544 2718 2670 2760 (1753

442 2782 759 2855 ἠνώχλησαν
798 2785 1091 2858 ἀλλήλους,
1141 2788 1279 2841 ἀλλὰ
1320 2794 1467 2842 πάνυ
1508 2790 1709 2860 πρᾴως
1749 2788 2108 2857 ἐντυχάνουσι
2145 2793 2238 2841 καὶ
2276 2791 2521 2858 παρίασι

361 2867 423 2919 33
438 2870 530 2920 καὶ
565 2871 875 2939 βοηθοῦσιν
913 2872 1188 2945 ἀλλήλοις.
1366 2878 1460 2927 καὶ
1496 2879 1604 2947 μὴν
1641 2880 1704 2928 τὸ
1745 2884 1837 2928 νῦν
1879 2877 2223 2945 συμβεβηκὸς
2250 2876 2382 2943 περὶ
2419 2876 2516 2944 τὴν
2555 2885 2602 2927 30

585 3095 601 3135 1
634 3096 738 3148 post
765 3091 984 3141 ἐπιεικῶν
1013 3096 1334 3154 suppleverim:
1367 3089 1508 3145 αὗται
1536 3099 1607 3144 vel
1636 3102 1780 3146 τοῦτο
1891 3096 2085 3159 ἑταῖρον
2115 3098 2165 3142 Μ
2281 3102 2305 3142 3
2339 3090 2520 3156 ὅμηρος

444 3163 698 3216 compendio
727 3164 768 3210 U
907 3170 934 3210 4
962 3179 1017 3210 ex
1046 3167 1177 3214 Hom.
1206 3168 1256 3213 11.
1288 3172 1441 3225 20,253
1465 3195 1519 3202 —
1541 3175 1593 3214 55
1628 3170 1850 3216 contracti
2015 3169 2165 3226 μέσον
2195 3169 2245 3214 Μ
2399 3173 2423 3212 5
2455 3169 2519 3212 νί-

445 3247 556 3313 ζ’θυς
583 3232 633 3275 Μ
771 3229 1008 3293 ἀλλήλοισι
1037 3239 1086 3283 Μ
1229 3243 1254 3282 6
1285 3236 1441 3286 πόσου
1471 3241 1661 3295 Selden.,
1691 3237 1830 3304 πόσῳ
1859 3241 1962 3286 libri
2119 3236 2257 3302 πόσῳ
2287 3239 2335 3286 δὲ
2365 3239 2515 3295 Emp.,

450 3316 548 3361 ⁰⁶9⁰
577 3299 626 3359 δὴ
657 3302 760 3346 libri
872 3308 893 3347 7
926 3309 1160 3354 τοσοῦτον
1190 3309 1228 3353 Τ
1347 3315 1398 3355 10
1427 3308 1703 3359 θεάσασθαι
1733 3313 1850 3367 libri,
1883 3326 2001 3358 corr.
2030 3313 2197 3358 Reiske
2345 3315 2394 3356 11
2431 3315 2519 3357 θα-

448 3368 621 3430 λάσσης
649 3373 698 3416 Μ
811 3369 939 3433 ὁρῶν
967 3376 1016 3420 Μ
1152 3383 1201 3423 12
1229 3382 1314 3426 καὶ
1347 3381 1451 3426 add.
1480 3383 1614 3439 Emp.
1762 3387 1813 3428 13
1842 3378 1976 3443 ἡμῶν
2005 3384 2167 3440 scripsi
2195 3386 2382 3440 propter
2412 3394 2518 3427 con-

449 3440 717 3498 cinnitatem,
745 3439 874 3498 ὑμῶν
902 3444 1004 3490 libri
1203 3455 1253 3495 15
1286 3446 1393 3498 οὔτ’
1423 3451 1663 3513 ἐκπέμψαι
1693 3455 1815 3501 UBT
2018 3452 2247 3514 γινόμενα
2278 3452 2355 3497 ΒΤ

452 3514 503 3556 18
533 3516 838 3560 συνεστιᾶσθε
866 3514 915 3558 Μ
1027 3520 1075 3561 21
1109 3517 1290 3579 ἐχθρὸν
1318 3522 1367 3567 Μ
1482 3528 1536 3568 22
1567 3523 1766 3581 τούτους
1796 3526 1834 3569 Τ
1971 3529 2024 3570 23
2055 3529 2224 3585 δυσχερ
2255 3527 2518 3580 (extremum

447 3581 711 3626 vocabulum
741 3595 840 3627 cum
867 3583 967 3640 ipsa
995 3588 1251 3635 membrana.
1281 3593 1460 3649 excidit,
1492 3601 1721 3643 corrector
1751 3609 1888 3654 supra
1917 3596 2082 3641 lineam
2113 3596 2160 3650 ὲς
2189 3595 2447 3652 adscripsit)
2477 3595 2519 3640 U

448 3652 664 3711 δυσχερὲς
693 3651 730 3696 Τ
816 3645 937 3701 ὥστε
966 3681 1021 3688 -
1050 3661 1103 3702 24
1132 3661 1347 3720 δυσχερές
1377 3665 1460 3709 del.
1493 3666 1626 3724 Emp.
1716 3671 1771 3712 24
1800 3664 2102 3721 ἀκούσαντας
2133 3667 2171 3710 Τ
2274 3670 2328 3711 28
2361 3663 2517 3713 τούτω

449 3723 598 3769 πυκνὰ
632 3722 680 3766 Μ
794 3727 848 3768 29
878 3730 1072 3785 παριᾶσι
1102 3728 1297 3778 Cobetus
1328 3733 1439 3782 Nov.
1471 3736 1598 3783 Lect.
1632 3751 1678 3795 p.
1712 3742 1791 3784 781
