2684 4140
1060 272 1287 318 ORATIO
1316 272 1524 320 LXXIV.
2238 276 2342 326 197

255 413 349 466 διὰ
398 416 495 467 τὸν
544 417 667 467 υἱὸν
713 417 808 468 καὶ
855 418 955 488 τὴν
1003 419 1277 487 ἀκρασίαν
1314 421 1412 489 τὴν
1451 420 1662 470 ἐκείνου
1712 422 1942 472 πάντων
1980 419 2344 487 ἀθλιώτατος

251 501 486 567 ἐγένετο.
549 501 642 552 καὶ
669 499 825 553 οὗτοι
850 503 952 568 μὲν
977 504 1268 573 ἐπίσημοι.
1332 506 1514 555 πόσον
1554 501 1613 555 δὲ
1654 503 1764 556 οἴει
1801 503 2029 576 πλῆθος
2054 509 2113 558 ἐν
2140 510 2342 579 ἑκάστῃ

41 593 170 637 (3993
187 594 240 638 Π)
257 583 426 636 πόλει
462 591 574 636 τῶν
613 587 846 657 ἀφανῶν
882 589 977 639 καὶ
1014 586 1328 658 δημοτικῶν
1359 581 1599 658 Ἀτρέων
1634 591 1728 642 καὶ
1771 589 2050 656 Θυεστῶν,
2094 598 2206 645 τῶν
2243 596 2344 660 μὲν

249 671 343 721 καὶ
381 671 831 722 ἀποκτιννύντων
867 674 1070 742 κρύφα,
1109 679 1219 724 τῶν
1248 670 1307 724 δὲ
1335 675 1416 735 εἰς
1442 672 1583 725 ἄλλα
1611 673 2091 741 ἐπιβουλευόντων
2101 694 2122 740 ,·
2152 671 2338 748 Ἀερόῡ-
2363 679 2429 730 14

191 762 218 803 5
255 769 370 815 πας
405 758 507 820 μέν
542 770 604 822 γε
641 756 736 807 καὶ
759 753 1263 828 Κλυταιμνήστρας
1297 760 1392 809 καὶ
1414 759 1762 826 Σθενεβοίας
1802 758 1927 811 οὐδὲ
1967 762 2151 813 εἰπεῖν
2189 762 2342 814 ἔστιν

247 833 458 907 <ὅσαι>.
604 837 745 890 ἀλλά
771 842 840 891 τά
866 844 968 907 μὲν
1005 848 1108 893 τοῦ
1140 846 1332 910 γένους
1356 845 1450 895 καὶ
1475 851 1574 915 τῆς
1613 846 1957 915 οἰκειότητος
1982 853 2234 912 τοιαῦτα,
2272 848 2341 898 τὰ

250 920 309 974 δὲ
348 929 459 975 τῶν
497 926 672 992 ὅρκων
707 922 941 994 (ποῖα>,·
980 928 1011 977 ό
1033 924 1337 997 Πάνδαρος
1364 929 1553 994 ὤμοσε
1589 927 1669 997 τῷ
1696 928 1990 999 Μενελάῳ,
2032 932 2224 998 ὥσπερ
2249 934 2344 983 καὶ

253 1009 309 1058 οἱ
346 1006 542 1060 λοιποὶ
584 1013 788 1079 Τρῶες,
829 1004 954 1061 ἀλλ’
999 1009 1157 1062 οὐδὲν
1195 1012 1362 1082 ἦττον
1400 1013 1642 1081 ἔτρωσεν
1682 1015 1863 1066 αὐτόν.
1943 1019 2344 1087 Τισσαφέρνης

252 1094 348 1143 οὐκ
388 1095 575 1160 ὤμοσε
613 1098 735 1156 τοῖς
772 1096 906 1163 περὶ
942 1092 1262 1164 Κλέαρχον;
1310 1097 1369 1146 τί
1406 1094 1469 1147 δέ
1477 1115 1498 1158 ,·
1547 1098 1578 1146 ό
1621 1096 1888 1164 βασιλεὺς
1927 1100 2047 1164 οὐχὶ
2081 1102 2176 1152 καὶ
2211 1103 2342 1162 τοὺς

169 1183 218 1229 10
253 1178 578 1246 βασιλείους
612 1181 789 1241 θεοὺς
819 1181 918 1230 καὶ
953 1182 1052 1250 τὴν
1093 1177 1280 1243 δεξιάν
1307 1179 1637 1249 ἀ-πέστειλω
1679 1180 1977 1244 Φίλιππος
2005 1182 2063 1235 δὲ
2093 1186 2124 1234 ό
2149 1186 2344 1236 Μακε-

218 1262 361 1316 ’δὼν
401 1266 463 1315 ού
504 1262 740 1316 διετέλει
775 1265 1042 1332 καθάπερ
1082 1262 1220 1315 ἄλλο
1248 1282 1305 1315 τι
1342 1271 1454 1315 τῶν
1492 1268 1575 1327 εἰς
1612 1267 1708 1317 τὸν
1741 1265 1991 1332 πόλεμον
2029 1269 2344 1338 εὐχρήστων

245 1351 340 1400 καὶ
375 1350 475 1419 τὴν
512 1349 807 1418 ἐπιορκίαν
847 1352 1376 1416 παρεσκευασμένος
1423 1351 1518 1400 καὶ
1569 1347 1696 1401 δυσὶ
1743 1352 1969 1412 τούτοις
2005 1352 2108 1412 τὰς
2145 1349 2344 1413 πόλεις

247 1434 438 1501 αἱρῶν,
477 1431 559 1500 τῷ
595 1450 654 1483 τε
693 1430 1123 1502 παρασπονδεῖν
1159 1435 1254 1484 καὶ
1290 1432 1369 1501 τῷ
1397 1436 1528 1496 τούς
1558 1432 1964 1504 προδώσοντας
1991 1439 2345 1506 παρασκευά-

248 1512 392 1579 ζειν,·
440 1515 519 1584 τῷ
568 1518 742 1568 παντὶ
788 1519 934 1587 πρὸς
982 1519 1192 1569 ἐκεῖνον
1231 1520 1328 1569 τὸν
1365 1521 1579 1589 τρόπον
1619 1521 1958 1590 οἰκειότερον
2007 1522 2173 1587 ἔχων·
2222 1523 2343 1582 τοῖς

167 1609 218 1651 15
251 1604 354 1668 μὲν
390 1602 494 1672 γὰρ
534 1600 846 1671 προδόταις
884 1603 1146 1673 ἀργύριον
1171 1600 1237 1673 ἦν
1264 1605 1468 1674 ἀνάγκη
1499 1602 1735 1669 διδόναι,
1774 1610 1896 1667 τοῖς
1921 1607 2087 1669 θεοῖς
2115 1605 2174 1658 δὲ
2213 1608 2346 1675 περὶ

161 1671 172 1683 ⁸
246 1689 423 1758 ὅρκων
464 1687 636 1737 οὐθὲν
674 1684 866 1738 ἐτέλει.
928 1690 1025 1739 τὸν
1054 1686 1113 1739 δὲ
1140 1687 1480 1759 Λύσανδρον
1508 1692 1604 1741 τὸν
1630 1688 2091 1757 Λακεδαιμόνιον
2115 1693 2337 1760 γνώμην
2362 1698 2428 1747 15

247 1772 690 1843 ἀποφαίνεσθαι
740 1770 993 1840 λέγουσιν
1048 1775 1136 1824 ὅτι
1195 1776 1326 1835 τοὺς
1382 1777 1484 1841 μὲν
1545 1773 1761 1837 παῖδας
1821 1774 2198 1847 ἀστραγάλοις
2250 1777 2345 1827 καὶ

256 1859 531 1928 σφαίραις
570 1854 854 1920 ἐξαπατᾶν
895 1855 1008 1923 δεῖ,
1059 1860 1191 1920 τοὺς
1230 1857 1289 1910 δὲ
1339 1857 1547 1929 ἄνδρας
1597 1862 1783 1930 ὅρκοις
1828 1862 1923 1912 καὶ
1969 1863 2229 1931 ῥήμασιν.
2305 1864 2336 1930 ἡ

36 1939 484 2013 (4ΟΟΒΠ)κερδαλῆ
527 1940 586 1993 δὲ
626 1939 864 2013 ἀλώπηξ
909 1947 1070 2013 ἑτέρα
1119 1945 1206 2005 τίς
1253 1945 1377 1994 ἐστι
1426 1945 1582 2014 παρὰ
1615 1937 1915 2014 Ἀρχιλόχῳ
1929 1963 1949 2007 ;
1997 1948 2093 1997 τὸν
2144 1943 2203 1997 δὲ
2242 1953 2346 1997 τοῦ

165 2031 216 2075 20
251 2025 502 2078 Γλαύκου
534 2029 786 2098 χρησμὸν
827 2029 922 2078 οὐκ
961 2028 1070 2080 οἴει
1097 2031 1373 2099 πρότερον
1402 2027 1703 2081 δεδωκέναι
1729 2033 1860 2091 τοὺς
1892 2028 2195 2093 πλείστους
2232 2039 2343 2084 τῶν

247 2113 591 2181 ἀνθρώπων,
632 2114 855 2179 ὀμνύειν

587 2198 715 2248 ἐπεὶ
750 2197 1006 2259 θάνατός
1042 2213 1103 2264 γε
1138 2199 1232 2249 καὶ
1270 2198 1495 2266 εὔορκον
1532 2202 1690 2264 μένει
1727 2196 1919 2269 ἄνδρα.

244 2284 338 2334 καὶ
374 2282 607 2344 τούτους
642 2284 745 2349 μὲν
783 2284 914 2344 τοὺς
952 2287 1395 2353 προειρημένους
1420 2285 1514 2335 καὶ
1538 2287 1831 2346 τοιούτους
1858 2288 2082 2355 ἑτέρους
2110 2282 2203 2336 διὰ
2243 2285 2344 2346 τὰς

246 2370 615 2436 περιστάσεις
656 2369 996 2439 συμβέβηκεν
1034 2365 1294 2432 ἐνδόξους
1331 2373 1643 2436 γεγονέναι,
1693 2375 1804 2421 τῶν
1844 2368 1903 2421 δὲ
1943 2371 2342 2441 ἀφανεστέρων

11 2456 214 2503 (641Μ)25
250 2450 516 2504 Γλαύκων
551 2451 584 2522 ἢ
623 2450 941 2524 Πανδάρων
978 2455 1183 2520 μεσταὶ
1224 2455 1326 2520 μὲν
1377 2456 1578 2523 ἀγοραὶ
1626 2456 1982 2526 ἀνθρώπων,
2031 2458 2235 2522 μεσταὶ
2283 2454 2342 2506 δὲ

393 2679 417 2719 2
449 2676 768 2732 supplendum:
800 2671 922 2723 εἶναι
950 2675 1019 2721 vel
1047 2670 1280 2736 ὑπάρχειν
1308 2680 1414 2733 post
1444 2679 1631 2736 πλῆθος
1718 2682 1742 2721 3
1773 2678 1991 2725 θυέστων
2012 2678 2047 2722 Ρ
2134 2683 2161 2722 4
2192 2672 2343 2725 ἀποκ-

246 2743 502 2794 τιννύντων
530 2747 567 2790 Ρ
599 2741 1020 2794 ἀποκτιννούντων
1039 2746 1082 2790 Η
1113 2741 1500 2795 ἀποκτεινόντων
1519 2748 1569 2791 Μ
1599 2742 2000 2796 ἀποκτεννύντων
2028 2749 2081 2804 Β,
2110 2748 2228 2792 idem
2256 2747 2346 2791 fuit

242 2818 290 2863 in
310 2818 352 2864 U
441 2820 467 2863 5
499 2821 784 2879 σθενεβοιᾶς
803 2818 839 2863 Ρ
928 2822 953 2863 6
981 2808 1149 2876 <όσαι>
1177 2819 1350 2874 addid13
1380 2810 1564 2876 (ὅσας)
1587 2813 1695 2866 οὐδὲ
1725 2819 1876 2865 εἰπεῖν
1905 2815 2034 2865 ἔστιν
2053 2818 2258 2863 Hertlein

246 2886 518 2950 οἰκιότητος
545 2889 596 2934 Μ
775 2894 798 2933 7
829 2889 1008 2948 (ποῖα)
1037 2902 1094 2934 ex
1123 2889 1385 2934 coniectura
1420 2889 1573 2933 addidi
1767 2893 1791 2933 8
1822 2889 2108 2948 τισαφέρνης
2136 2888 2184 2931 Μ
2216 2903 2343 2933 τισα·

245 2962 394 3023 φέρνη
424 2962 459 3005 P
546 2965 572 3006 9
604 2961 653 3009 δὲ
684 2957 773 3009 οὐκ
801 2961 884 3005 ΡΗ
972 2957 1138 3016 ὤμοσε
1167 2960 1255 3018 μὲν
1284 2967 1387 3014 τοῖς
1419 2959 1551 3005 UBM
1583 2956 1748 3015 ὤμοσε
1778 2955 1890 3012 τοὺς
1919 2959 1999 3003 ΡΗ
2030 2962 2132 3013 (om.
2162 2957 2267 3015 μὲν)

244 3037 319 3089 τίς
347 3035 397 3082 δὲ
425 3034 476 3078 Μ
505 3035 555 3080 τί
583 3035 658 3079 δαὶ
687 3033 769 3079 UB
888 3036 939 3077 10
968 3033 1216 3091 βασιλίους
1245 3031 1294 3074 Μ
1409 3027 1687 3078 ἀπέστειλεν
1715 3030 1817 3082 ΒΜ,
1848 3042 1964 3074 corr.
1996 3028 2038 3074 U
2127 3028 2194 3073 cf.
2225 3027 2342 3073 Xen.

243 3107 332 3149 An.
363 3104 409 3147 ΙΙ
438 3108 480 3160 4,
503 3108 542 3149 1.
585 3103 798 3148 Reiskius
829 3099 992 3160 ὤμοσε
1029 3102 1190 3147 inserit
1226 3105 1331 3158 post
1365 3097 1510 3154 θεούς
1667 3103 1717 3144 12
1747 3100 2203 3159 παρεσκεβασμένος
2232 3097 2268 3141 Ρ
2298 3103 2346 3143 et

246 3188 350 3220 mox
380 3172 767 3233 παρασκεβάζειν
913 3177 964 3217 13
995 3189 1048 3219 τε
1077 3185 1165 3218 om.
1196 3172 1330 3217 UBM
1480 3173 1562 3217 καὶ
1591 3184 1675 3216 om.
1706 3170 1747 3216 U
1775 3184 1833 3215 m.
1863 3183 1932 3227 pr.
1965 3171 2052 3214 ΒΜ
2195 3187 2342 3217 κατα-

247 3242 493 3301 σκευάζειν
520 3244 571 3288 Μ
689 3247 742 3288 14
771 3240 862 3290 τὸν
900 3239 1090 3303 τρόπον
1117 3243 1207 3287 ΒΜ
1236 3238 1405 3302 τρόπω
1426 3241 1511 3287 HU
1541 3244 1606 3295 (at
1633 3241 1681 3285 in
1709 3241 1796 3286 hoc
1826 3241 1912 3286 fuit
1940 3241 2073 3287 lectio
2094 3242 2199 3296 ΒΜ)
2229 3237 2343 3302 τρό-

247 3333 355 3363 πων
383 3316 418 3359 Ρ
564 3310 687 3373 ἔχων
717 3313 934 3367 casaub„
965 3311 1090 3372 ἔχειν
1117 3313 1220 3358 libri
1367 3316 1418 3357 16
1448 3315 1558 3373 περὶ
1591 3305 1749 3372 ὅρκων
1779 3312 1865 3357 del.
1897 3311 2003 3357 Wil.
2167 3310 2343 3359 ἐτέλλει

246 3389 283 3433 Ρ
313 3386 354 3443 (ἐ
385 3399 439 3432 ex
470 3390 515 3441 σ)
631 3389 681 3430 17
712 3381 913 3439 τούτους
940 3384 1028 3441 μὲν
1055 3384 1105 3428 Μ
1220 3381 1572 3444 άστραγκάλοις
1602 3384 1638 3427 Ρ
1768 3387 1816 3428 18
1847 3383 2045 3444 σφὲραις
2073 3384 2124 3428 Μ
2238 3381 2341 3438 ἐξα-

246 3460 407 3506 πατᾶν
438 3460 515 3513 (οἶν
545 3469 573 3502 a
603 3459 733 3512 corr.)
764 3455 805 3502 U
922 3452 1073 3510 οἴκοις
1102 3455 1151 3498 Μ
1265 3451 1502 3515 χρήμασιν
1529 3455 1649 3508 libri,
1682 3467 1797 3500 corr.
1827 3454 1960 3511 Emp.
2090 3457 2140 3498 19
2173 3451 2343 3513 ἑταίρα

245 3532 318 3585 τίς
348 3528 451 3577 ἐστι
478 3528 653 3575 UMPH
684 3528 790 3583 (nisi
820 3527 939 3585 quod
967 3525 1127 3580 ἐστιν).
1173 3526 1387 3572 fortasse:
1429 3521 1576 3585 (οὐχ)
1605 3522 1746 3585 ἕτερα
1777 3528 1974 3572 τοιαῦτα
2005 3521 2137 3585 παρὰ
2170 3523 2229 3569 cf.
2258 3523 2341 3579 frg.

247 3605 300 3647 89
318 3614 385 3658 sq.
483 3605 536 3645 20
568 3599 818 3648 δεδωκέναι
848 3597 1018 3644 UBMP
1050 3597 1307 3644 δεδοικέναι
1327 3597 1371 3642 Η
1390 3596 1603 3643 fortasse:
1637 3592 1724 3643 οὐκ
1746 3593 1834 3643 οἷἐι
1857 3588 2118 3653 Ἡρόδοτον
2136 3595 2343 3654 <δια>δε-

248 3673 451 3720 δωκέναι
480 3681 584 3727 τοῖς
613 3673 852 3724 πλείστοις
882 3670 951 3715 vel
980 3670 1263 3727 δεδιδαχέναι
1294 3666 1406 3724 τοὺς
1435 3669 1688 3722 πλείστους
1707 3669 1793 3713 etc.
1841 3667 1908 3712 Cf.
1932 3666 2097 3712 Herod.
2117 3666 2180 3711 VI
2202 3667 2256 3710 86

249 3744 488 3804 πλήστους
518 3743 553 3787 Ρ
671 3747 720 3787 21
759 3737 947 3799 ὀμνύειν
978 3740 1138 3786 UBHP
1171 3734 1311 3798 ὅμνυ’
1341 3739 1391 3784 Μ
1508 3743 1560 3785 25
1591 3740 1720 3784 Arat.
1753 3739 1919 3784 Phaen.
1946 3742 1969 3782 3
