2684 4140
1101 277 1327 326 ORATIO
1356 276 1479 328 xvl.
2237 273 2339 323 243

252 427 347 497 ρία
386 428 676 496 τραύματα
718 421 1035 491 λαμβάνειν.
1097 425 1191 478 καὶ
1225 423 1327 492 γὰρ
1368 424 1424 473 οἱ
1461 422 1591 483 τοὺς
1618 419 1803 483 πόδας
1831 422 2048 486 ἔχοντες
2087 418 2342 484 ἁπαλούς
2381 423 2415 472 7

252 512 346 563 καὶ
383 508 673 570 παντελῶς
712 509 1037 578 ἀτρίπτους,
1077 509 1277 562 ἔπειτα
1313 511 1543 576 γυμνοῖς
1582 500 1774 569 αὐτοῖς
1809 502 2149 573 βαδίζοντες,
2189 500 2345 560 οὐδέ-

254 610 398 646 ποτε
434 598 698 660 τοιαύτην
738 595 1067 663 εὑρήσουσιν
1106 591 1235 645 ὁδὸν
1285 594 1427 648 ὥστε
1475 595 1547 663 μὴ
1599 592 1908 647 νύττεσθαι
1959 589 2100 661 μηδὲ
2139 589 2343 660 ἀλγεῖν,

255 674 396 731 ἀλλὰ
433 678 526 728 καὶ
562 679 625 727 τὸ
664 680 827 744 τυχὸν
866 671 1047 729 αὐτῶν
1088 680 1356 731 ἅπτεται·
1395 681 1518 740 τοῖς
1558 674 1617 728 δὲ
1644 679 1948 746 ἠσκηκόσιν
1976 668 2102 727 οὐδὲ
2134 680 2167 746 ἦ
2195 679 2344 728 πάνυ

199 771 222 811 5
259 764 487 830 τραχεῖα
520 759 757 832 χαλεπή.

395 848 681 898 τοσούτων
720 846 815 897 οὖν
856 844 1137 898 δυσκόλων
1177 848 1351 902 ὄντων
1389 847 1505 897 ἀπὸ
1555 852 1657 896 τοῦ
1694 847 1953 911 σώματος
1992 843 2346 915 ἀρξαμένοις,

41 927 236 1013 &gffgffl
253 930 311 982 τί
359 927 452 986 δεῖ
492 929 814 1000 προσδοκᾶν
861 933 893 1001 ἢ
947 937 1071 993 πῶς
1120 932 1334 983 ἔνεστιν
1385 933 1619 983 ἑκάστου
1668 933 1881 981 τούτων
1928 932 2345 996 αἰσθανόμενον

252 1016 346 1064 καὶ
382 1012 594 1083 ῥᾳδίως
631 1013 921 1067 ἐνδιδόντα
959 1018 1032 1086 μὴ
1072 1013 1653 1081 κακοδαιμονέστατον
1692 1017 1960 1066 ἁπάντων
1999 1014 2160 1078 εἶναι,
2199 1010 2347 1082 (ἀεὶ)

253 1102 701 1167 προσευχόμενον
739 1104 860 1161 τοῖς
896 1101 1062 1161 θεοῖς
1100 1102 1260 1161 ὅπως
1295 1102 1369 1170 μὴ
1408 1107 1574 1150 τοῦτο
1612 1097 1752 1168 μηδὲ
1791 1106 1957 1150 τοῦτο
1999 1101 2208 1169 συμβῇ·
2245 1117 2340 1149 κα·-
2380 1098 2410 1149 8

174 1191 220 1233 10
257 1183 452 1252 θάπερ
493 1183 550 1234 εἴ
573 1202 661 1245 τις
698 1186 756 1235 ἐν
785 1185 971 1253 ὄμβρῳ
1000 1187 1380 1252 πορευόμενος
1421 1188 1718 1249 σκέπασμα
1744 1186 1844 1248 μὲν
1889 1185 2009 1248 ἔχοι
2033 1182 2221 1253 μηδέν,
2262 1184 2346 1234 εὔ-

246 1284 407 1331 χοιτο
448 1265 507 1318 δὲ
543 1272 715 1334 μόνον
755 1271 988 1319 ἕκαστον
1025 1274 1136 1318 τῶν
1178 1266 1508 1335 σταλαγμῶν
1550 1266 1844 1336 διαφυγεῖν
1873 1266 2041 1329 (πολὺ
2069 1274 2198 1335 γοῦν
2235 1273 2346 1318 τῶν

257 1349 588 1419 σταλαγμῶν
642 1354 1003 1420 συνεχέστερά
1052 1353 1176 1405 ἐστι
1212 1352 1280 1401 τοὶ
1322 1349 1554 1421 δυσχερῆ
1593 1347 1722 1418 (τὰ)
1759 1353 1918 1420 παρὰ
1956 1359 2055 1422 τῆς
2092 1353 2277 1421 τύχης)
2311 1352 2344 1420 ἢ

251 1438 314 1506 νὴ
342 1438 457 1486 Δία
485 1435 543 1487 εἴ
571 1454 659 1498 τις
699 1434 888 1487 πλέων
933 1438 1057 1487 ἀντὶ
1105 1443 1208 1486 τοῦ
1241 1440 1362 1498 τοῖς
1402 1434 1554 1499 οἴαξι
1592 1440 1891 1506 προσέχειν
1931 1438 2025 1486 καὶ
2064 1438 2127 1486 τὸ
2168 1449 2345 1505 προσ-

252 1525 468 1571 πῖπτον
508 1519 779 1586 δέχεσθαι
814 1519 998 1582 καλῶς
1026 1522 1243 1586 εὔχοιτο
1273 1519 1446 1590 μηδὲν
1473 1528 1585 1572 τῶν
1627 1523 1886 1587 κυμάτων
1923 1521 2064 1571 κατὰ
2091 1522 2189 1591 τὴν
2216 1527 2347 1571 ναῦν

174 1616 221 1657 15
257 1606 543 1672 γενέσθαι.
622 1610 758 1676 φέρε
794 1609 926 1675 γάρ,
969 1605 1013 1656 ὦ
1052 1609 1282 1672 μάταιε,
1333 1608 1434 1657 κᾶν
1473 1609 1659 1657 πάντα
1711 1620 1804 1656 σοι
1848 1604 2024 1656 τᾶλλα
2075 1607 2168 1674 ἔχῃ
2206 1606 2346 1655 κατὰ

250 1692 481 1759 τρόπον,
521 1688 662 1741 ἀλλὰ
690 1697 793 1741 τοῦ
815 1708 874 1759 γε
901 1693 983 1752 εἰς
1009 1693 1108 1762 τὴν
1136 1693 1411 1742 ἐπιοῦσαν
1437 1695 1650 1760 ἡμέραν
1688 1692 2016 1757 βιώσεσθαι
2052 1692 2176 1741 τίνα
2204 1691 2348 1753 ἔχεις

13 1795 18 1894 ⁴?
251 1776 449 1826 πίστιν
484 1778 579 1830 καὶ
614 1778 687 1846 μὴ
727 1773 934 1841 μεταξύ
974 1778 1204 1827 πάντων
1249 1777 1481 1845 ἀθρόως
1533 1776 1924 1846 ἀφαιρεθῆναι
1975 1781 2085 1825 τῶν
2126 1773 2346 1825 δοκούν-

13 1895 16 1927 ,
251 1877 363 1910 των
402 1861 637 1927 ἀγαθῶν
649 1879 669 1923 ,·
708 1854 904 1911 οὐκοῦν
945 1874 1006 1911 σε
1046 1863 1180 1929 περὶ
1216 1863 1415 1911 τούτου
1448 1862 1678 1930 πρώτου
1718 1862 1994 1930 προσήκει
2033 1857 2348 1911 λυπεῖσθαι

0 1929 20 2068 J}
251 1945 345 1995 καὶ
384 1942 630 1996 δεδιέναι
667 1947 765 2016 τὴν
804 1943 1121 2015 ἀδηλότητα
1161 1952 1264 1995 τοῦ
1298 1948 1644 2015 πράγματος.
1721 1947 1788 1996 ἂν
1839 1943 1898 1996 δὲ
1942 1947 2118 1996 ἐκεῖνο
2158 1946 2342 2013 ἐννοη-
2380 1943 2414 1993 9

18 2040 19 2043 ’
173 2040 221 2081 20
256 2030 371 2098 θῇς
409 2031 496 2080 ὅτι
532 2028 728 2099 μηδεὶς
771 2028 915 2092 ὅλως
962 2032 1084 2081 ἐστὶ
1130 2037 1233 2080 τοῦ
1277 2031 1404 2097 βίου
1451 2033 1668 2099 κύριος,
1718 2028 1859 2080 ἀλλὰ
1906 2032 2114 2090 πάντες
2153 2031 2208 2079 οἱ
2243 2047 2347 2093 μα-

250 2116 440 2183 κάριοι
463 2115 557 2165 καὶ
578 2112 702 2165 λίαν
740 2106 1068 2180 εὐδαίμονες
1108 2112 1370 2177 δόξαντες
1414 2114 1560 2165 εἶναι
1597 2115 1908 2184 τεθνήκασι
1943 2116 2037 2164 καὶ
2077 2115 2167 2164 σοὶ
2205 2115 2348 2182 πάρ-

252 2212 405 2250 εστιν
454 2198 558 2269 ἤδη
608 2206 774 2250 τοῦτο
825 2202 888 2250 τὸ
941 2204 1147 2269 πέρας,
1211 2201 1312 2250 κᾶν
1361 2202 1460 2250 ἐπὶ
1511 2197 1781 2250 πλεῖστον
1830 2197 2005 2268 ἔλθῃς
2057 2204 2159 2248 τοῦ
2203 2198 2346 2263 βίου,

252 2281 430 2335 πολύν
471 2282 636 2355 λῆρον
674 2287 850 2355 ἡγήσῃ
893 2286 986 2336 καὶ
1022 2282 1266 2354 μεγάλην
1305 2278 1574 2355 εὐήθειαν
1612 2286 1674 2334 τὸ
1703 2280 1949 2350 νομίζειν
1976 2281 2119 2344 ὅλως
2145 2300 2202 2333 τι
2241 2280 2349 2332 δει-

252 2371 347 2420 νὸν
386 2368 533 2420 εἶναι
569 2376 680 2420 τῶν
720 2373 1059 2437 γιγνομένων
1084 2367 1180 2440 (ἢ)
1215 2374 1355 2437 μέγα
1382 2360 1416 2439 ἢ
1443 2371 1796 2435 θαυμαστόν,
1840 2367 1965 2434 δίχα
1993 2385 2052 2435 γε
2091 2370 2215 2428 ἑνὸς
2251 2372 2353 2416 τοῦ

172 2465 220 2506 25
251 2456 424 2523 χωρὶς
463 2453 642 2524 λύπης
678 2457 771 2506 καὶ
810 2456 991 2525 φόβου
1029 2458 1123 2506 καὶ
1161 2462 1272 2507 τῶν
1310 2458 1583 2506 τοιούτων
1623 2455 1834 2505 παθῶν
1873 2456 2008 2519 μίαν
2051 2459 2180 2520 γοῦν
2216 2455 2347 2522 ἠμέ-

254 2557 355 2608 ραν
395 2537 695 2608 διαγαγεῖν.
759 2543 856 2591 τὸν
886 2534 1108 2591 Ἰάσονά
1139 2555 1284 2611 φασι
1306 2543 1646 2608 χρισάμενον
1675 2538 1906 2605 δυνάμει
1933 2539 2060 2602 τινί,
2103 2536 2342 2604 λαβόντα
2367 2535 2431 2583 10

254 2624 410 2692 παρὰ
449 2631 548 2694 τῆς
585 2622 867 2694 Μηδείας,
906 2626 1106 2676 ἔπειτα
1149 2624 1310 2691 οἶμαι
1346 2627 1485 2695 μήτε
1524 2625 1680 2694 παρὰ
1708 2631 1810 2674 τοῦ
1847 2622 2150 2692 δράκοντος
2173 2618 2345 2690 μηδὲν

41 2724 239 2767 (462311)
258 2709 478 2759 παθεῖν
515 2711 653 2779 μήτε
690 2712 803 2761 ὑπὸ
843 2717 954 2761 τῶν
992 2713 1213 2780 ταύρων
1257 2717 1367 2761 τῶν
1405 2713 1467 2760 τὸ
1509 2711 2069 2779 πῦράναπνεόντων.
2144 2708 2347 2774 ταύτην

401 2961 420 3001 1
455 2962 536 3005 καὶ
568 2954 663 3018 γὰρ
697 2972 785 3005 om.
814 2957 863 3005 M
979 2962 1004 3002 2
1033 2960 1115 3003 καὶ
1145 2959 1390 3010 παντελῶς
1419 2969 1504 3000 om.
1536 2955 1586 2998 M
1727 2953 1806 3001 ἐπὶ
1835 2971 1894 3001 τα
1926 2955 1976 2997 Μ
2120 2956 2144 2995 6
2176 2952 2345 2997 τοσοῦ-

254 3045 342 3075 τον
370 3029 412 3074 U
540 3023 639 3076 ἀπὸ
670 3055 726 3061 -
758 3023 1043 3088 ἀρξαμένοις
1074 3032 1287 3083 corrupta
1306 3026 1481 3083 putavit
1500 3025 1708 3080 casaub„
1737 3025 1846 3068 mihi
1867 3035 1978 3068 sana
2008 3022 2214 3066 videntur
2244 3031 2345 3063 cum

255 3101 387 3158 Emp.
524 3105 547 3143 7
578 3103 684 3156 post
713 3102 995 3160 προσδοκᾶν
1024 3098 1152 3153 vulgo
1184 3095 1547 3152 interrogationis
1577 3095 1749 3150 signum
1778 3093 1986 3150 ponitur3
2020 3091 2141 3148 quod
2170 3089 2345 3142 sustuli,

255 3166 319 3228 μὴ
349 3170 852 3226 κακοδαιμονέστατον
882 3165 1002 3215 εἶναι
1030 3181 1059 3213 a
1079 3170 1358 3227 προσδοκᾶν
1379 3170 1421 3210 et
1442 3161 1626 3212 ἔνεστιν
1646 3164 1843 3221 pendere
1872 3168 1997 3208 ratus
2086 3164 2111 3205 8
2143 3154 2217 3207 οἷεὶ
2244 3159 2347 3204 add.

256 3240 498 3285 Jacobsius
587 3244 612 3284 9
628 3240 754 3284 Dem.
780 3243 805 3284 9
827 3239 955 3292 (Phil.
977 3242 1019 3292 3)
1044 3242 1068 3293 ξ
1091 3241 1144 3282 33
1168 3242 1398 3297 comparat
1417 3236 1550 3292 Emp.
1573 3236 1620 3278 in
1636 3235 1814 3283 schedis
1908 3237 1958 3277 12
1981 3236 2197 3292 δυσχερεῖ
2223 3229 2263 3273 U

255 3307 314 3358 τὰ
346 3311 494 3355 addidi
610 3314 661 3355 13
693 3310 1025 3370 προσέπιπτον
1053 3308 1102 3352 Μ
1132 3308 1301 3352 malim:
1333 3303 1391 3353 τὸ
1424 3313 1736 3366 προσπῖπτον
1754 3305 1938 3365 (κῦμα)
2057 3306 2104 3346 17
2138 3297 2234 3350 κᾶν
2262 3311 2345 3361 pro

256 3385 337 3429 καὶ
368 3383 430 3438 Μ,
462 3381 581 3437 quod
609 3381 775 3441 probat.
804 3381 934 3437 Emp.
965 3379 1192 3424 Additam.
1224 3392 1267 3435 p.
1300 3380 1382 3421 824
1537 3371 1834 3436 ἀφερεθῆναι
1862 3375 1914 3420 Μ
2070 3376 2123 3418 19
2151 3370 2350 3428 ἐνθυμη-

254 3458 347 3513 θῇς
386 3452 427 3497 U
598 3456 651 3496 20
684 3448 811 3498 ἔστιν
852 3443 976 3504 ὅλως
1016 3450 1117 3504 (hoc
1161 3448 1272 3503 ord.)
1313 3447 1351 3492 U
1522 3443 1686 3506 κύριος
1725 3446 1854 3502 Wil.,
1898 3441 2079 3506 χρόνος
2108 3442 2211 3487 libri

256 3528 305 3570 21
340 3527 420 3571 καὶ
451 3527 528 3570 σοὶ
559 3524 744 3580 scripsi,
782 3523 866 3571 καί
904 3538 982 3567 σοι
1020 3522 1150 3575 vulgo
1325 3522 1378 3562 22
1420 3517 1568 3561 malim
1611 3512 1668 3563 τὸ
1709 3511 1826 3563 αύτο
1859 3529 1941 3573 pro
1972 3516 2116 3561 τοῦτο
2147 3507 2204 3558 τὸ

21 3620 25 3647 ι
256 3599 310 3640 23
340 3599 491 3655 γῆρον
520 3598 564 3649 (λ
593 3606 818 3651 superscr.
849 3606 877 3637 a
908 3594 1044 3644 corr.)
1071 3590 1113 3635 U
1254 3584 1416 3648 ἡγήσει
1445 3589 1495 3632 Μ
1656 3590 1711 3631 24
1740 3582 1770 3645 ἢ
1799 3592 1904 3631 ante
1931 3585 2056 3645 μέγα
2086 3597 2171 3628 om.
2201 3579 2349 3627 UBM‚

21 3650 26 3846 ι
256 3666 355 3715 add.
388 3667 426 3710 T
628 3669 682 3710 26
718 3661 1010 3723 χρισάμενον
1044 3661 1281 3712 Reiskius‚
1317 3655 1625 3718 χρησάμενον
1652 3658 1778 3711 libri,
1823 3657 1944 3713 quod
1980 3659 2087 3716 post
2125 3653 2219 3699 τινι
2259 3650 2349 3695 col·

257 3736 383 3781 locat
410 3736 452 3781 U

1927 3798 2012 3840 16*
