2684 4140
1036 231 1075 273 8.
1119 227 1325 275 DIONIS
1352 229 1513 276 VITA.
2213 237 2314 288 367

269 381 374 410 τινα
389 367 470 411 καὶ
491 366 824 427 συμφέρουσαν
847 373 1030 427 πρᾶξιν,
1052 366 1142 424 ἕως
1161 365 1235 424 ἄν,

265 432 369 494 ἔφη,
398 433 476 482 ἐπὶ
497 434 552 482 τὸ
577 432 783 495 ἔσχατον
803 433 1014 497 άπέλθῃς
1033 443 1115 499 τῆς
1138 443 1236 499 γῆς.

263 518 328 549 or.
349 505 462 550 XIII
479 507 504 560 ξ
526 509 567 552 9.
586 531 640 538 -
656 510 969 564 paupertatem
993 511 1239 555 contemnit

268 578 507 622 τοσοῦτον
527 572 713 635 χρόνον
733 581 987 637 πλανηθεὶς
1009 574 1065 627 οὗ
1083 578 1239 637 μόνον

266 640 435 699 ἄοικος
462 648 543 691 καὶ
573 643 808 702 ἀνέστιος.
839 643 956 696 ἄλλα
979 650 1092 708 μηδὲ
1122 646 1237 698 οἶκό-

266 718 448 761 λουθον
469 712 551 762 ἕνα
573 720 692 775 γοῦν
707 711 1007 777 ἐπαγόμενος
1021 719 1066 763 II
1082 723 1150 776 46,
1168 723 1236 765 26.

265 809 318 816 —
363 786 451 832 τοῦ
490 789 611 832 θεοῦ
648 785 929 843 κελεύοντος
973 815 1025 822 —
1069 790 1239 849 στολὴν

265 849 528 916 α’ναλαβών
542 859 622 902 καὶ
639 853 787 904 τᾶλλα
807 859 1018 913 κολάσας
1033 856 1240 916 ἐμαυτὸν

265 920 458 985 ἠλώμην
498 931 748 986 πανταχοῦ
790 931 892 983 181,
927 933 977 972 27
1021 930 1239 986 quomodo

265 996 435 1040 factum
476 997 559 1053 sit,
609 1002 662 1043 ut
711 999 1038 1056 philosophiam
1079 1000 1241 1044 docere

270 1067 492 1124 inciperet
520 1069 728 1125 pluribus
748 1069 1034 1127 persequitur
1050 1083 1113 1114 or.
1130 1069 1242 1113 XIII

269 1138 295 1193 ᾖ
330 1142 510 1183 10-15.
541 1163 598 1172 —
629 1136 950 1199 πρεσβυτικὸν
980 1140 1240 1197 πολυλογία

266 1232 321 1240 -—
343 1211 421 1254 καὶ
451 1204 674 1268 ἀλητικόν
693 1213 787 1265 189,
804 1213 872 1253 21.
898 1235 948 1242 —
974 1202 1138 1269 ὥσπερ
1163 1212 1243 1255 καὶ

267 1274 355 1324 τὸν
379 1275 528 1324 ἄλλον
550 1279 734 1338 χρόνον
754 1277 894 1338 ἔζηκα
916 1274 1161 1336 άλώμενος
1179 1293 1241 1325 or.

265 1347 352 1392 XII
381 1351 407 1403 ξ
427 1352 479 1393 16
522 1353 618 1406 159,
635 1353 676 1394 9.
703 1375 754 1382 —
780 1347 948 1409 ἄνδρες
976 1345 1143 1407 άλῆται
1165 1353 1245 1395 καὶ

268 1413 529 1477 αὐτουργοί
553 1422 635 1477 τῆς
661 1420 836 1477 σοφίας
863 1423 902 1473 2,
924 1423 988 1465 16.
1025 1444 1082 1451 —-
1111 1415 1246 1478 α’νδρὶ

272 1482 504 1546 άδολέσχῃ
520 1491 600 1534 καὶ
621 1491 771 1535 πλείω
799 1485 969 1548 σχεδὸν
985 1485 1013 1546 ἦ
1028 1485 1116 1535 ἔδει
1134 1504 1244 1546 σχο-

268 1553 353 1615 λὴν
371 1554 536 1616 ἄγοντι
554 1562 622 1616 82,
650 1564 667 1604 1
701 1559 762 1613 (in
781 1560 872 1604 fab.
894 1560 1025 1613 Lib).
1047 1583 1103 1592 —
1134 1572 1242 1616 quo-

267 1627 400 1676 modo
433 1630 560 1673 exsul
588 1630 739 1686 vagari
761 1630 919 1675 solitus
941 1629 999 1674 sit
1020 1633 1060 1685 9,
1077 1633 1130 1673 24
1150 1629 1244 1673 ruri

268 1711 372 1742 cum
386 1699 648 1755 pastoribus
672 1704 717 1744 et
741 1699 1028 1744 venatoribus
1055 1711 1242 1743 consue-

269 1769 475 1814 tudinem
500 1770 639 1814 habet
661 1770 768 1814 ibid.
796 1773 865 1818 32.
896 1795 952 1802 -
981 1781 1114 1825 saepe
1143 1782 1242 1813 cum

267 1839 395 1884 exsul
423 1845 658 1895 vagaretur
696 1843 905 1896 expertus
945 1840 1017 1883 est'
1051 1834 1115 1892 ὡς
1144 1834 1242 1885 ἔστι

264 1911 403 1956 πενία
422 1913 582 1969 χρῆμα
599 1913 670 1972 τῷ
696 1907 796 1956 ὄντι
815 1907 946 1969 ἱερὸν
965 1912 1043 1955 καὶ
1065 1907 1242 1956 ἄσυλον

265 1983 348 2024 etc.
365 1983 602 2035 191,14.-
616 1980 725 2025 Chio
737 1981 781 2024 in
790 1980 1023 2026 Euboeam
1035 1980 1240 2025 navicula

264 2049 511 2105 piscatoria
554 2053 708 2095 vectus
746 2049 1027 2105 naufragium
1070 2051 1241 2107 patitur

269 2124 365 2175 190,
385 2124 485 2176 Isq.
504 2145 556 2152 —
575 2120 694 2177 μετὰ
713 2117 862 2179 φυγὴν
880 2113 1031 2174 οὕτως
1051 2116 1239 2178 μακρὰν

263 2193 343 2236 καὶ
374 2187 633 2250 πράγματα
665 2194 876 2237 τοσαῦτα
904 2193 984 2236 καὶ
1005 2185 1240 2250 τύραννον

265 2257 451 2321 ἐχθρόν
460 2261 632 2306 Prusae
648 2261 841 2318 quietem
856 2261 942 2305 sibi
956 2260 1056 2305 fore
1070 2261 1239 2305 frustra

266 2332 464 2388 speravit
493 2332 707 2386 1149,20.
729 2354 786 2366 —.
813 2330 1056 2374 Domitiani
1087 2330 1237 2376 odium

267 2414 357 2446 non
387 2401 649 2446 adulatione
669 2401 891 2457 delenivit,
923 2403 1001 2446 sed
1022 2402 1235 2447 orationi-

266 2472 351 2517 bus
383 2474 429 2515 et
457 2471 636 2528 scriptis
667 2483 766 2515 eum
796 2471 1019 2516 lacessivit
1047 2473 1176 2528 1171,
1194 2477 1233 2517 6.

262 2567 317 2574 —
350 2536 406 2588 οὐ
434 2538 731 2594 κολακεύσας
751 2540 842 2587 τόν
861 2539 1045 2600 ἐχθρὸν
1065 2539 1234 2600 τύραν-

266 2628 352 2658 νον
383 2610 490 2658 οὐδὲ
521 2611 647 2670 ῥῆμα
680 2607 872 2669 ἀγεννὲς
914 2607 1020 2658 οὐδὲ
1049 2607 1234 2659 άνελεύ-

262 2687 415 2741 θερον
445 2679 608 2736 εἰπών,
643 2674 723 2728 ὅτε
754 2686 951 2736 πολλοῖς
986 2677 1235 2742 οἷγαπητὸν

261 2746 318 2811 ἧν
340 2756 423 2811 ζῆν
446 2749 608 2799 ὁτιοῦν
629 2750 890 2811 πράττουσι
910 2756 990 2799 καὶ
1020 2753 1235 2812 λέγουσιν

262 2824 308 2867 11
326 2828 422 2880 100,
441 2827 479 2868 6.
502 2848 554 2856 -
572 2823 829 2869 Domitiano
844 2825 1091 2881 imperante
1112 2826 1232 2869 solus

260 2907 412 2939 verum
446 2895 592 2939 dicere
623 2895 759 2939 audet
794 2897 875 2940 καὶ
905 2898 1053 2941 ταῦτα
1083 2897 1230 2940 κινδυ-

264 2961 413 3011 νεύων
441 2960 562 3023 ὓπὲρ
593 2967 675 3023 τῆς
706 2967 856 3023 ψυχῆς
886 2968 1040 3019 36,10.
1064 2989 1115 2995 -
1139 2963 1229 3007 exi·

259 3035 367 3077 lium
395 3034 572 3078 fortiter
600 3034 726 3090 tulit,
762 3029 824 3092 μὴ
856 3035 1008 3091 φίλων
1036 3030 1231 3090 ἐρημίας

260 3100 494 3161 ἡττηθείς,
528 3102 590 3160 μὴ
621 3099 879 3162 χρημάτων
910 3098 1136 3159 άπορίας,
1166 3094 1228 3157 μὴ

262 3169 486 3229 σώματος
516 3166 771 3225 οἷσθενείας
799 3171 844 3214 II
867 3176 938 3226 70,
961 3174 1028 3213 27.
1060 3195 1115 3202 -—-
1145 3169 1228 3213 sub

260 3243 474 3299 Diogenis
505 3243 695 3298 imagine
717 3254 843 3286 suam
872 3242 1006 3285 vitam
1036 3220 1255 3296 depingit!

262 3317 307 3359 et
338 3327 438 3358 cum
459 3312 707 3357 Domitiani
735 3312 826 3357 vita
848 3312 1079 3367 comparat
1102 3313 1169 3363 95,
1189 3314 1227 3354 5.
1252 3297 1254 3338 Ι

262 3410 314 3416 -
329 3397 393 3429 or.
405 3384 513 3427 XXI
524 3383 778 3428 Domitiano
798 3386 1014 3438 regnante
1031 3380 1228 3424 habitam

263 3455 457 3511 probant
479 3455 615 3499 verba
637 3454 691 3497 de
710 3453 890 3498 Nerone
911 3450 1056 3496 dicta:
1090 3442 1146 3496 ὅν
1175 3465 1228 3508 γε
1252 3469 1255 3517 3

260 3529 341 3572 καὶ
387 3529 468 3572 νῦν
508 3523 574 3571 ἔτι
616 3521 791 3576 πάντες
827 3520 1107 3577 ἐπιθυμοῦσι
1148 3522 1230 3578 ζῆν
1252 3522 1255 3577 ᾗ

260 3596 304 3640 II
322 3600 419 3653 268,
438 3600 505 3641 28.
537 3621 591 3627 —
611 3596 884 3639 Prusaenses
915 3592 1009 3636 eius
1040 3591 1228 3635 salutem

265 3680 366 3711 cum
407 3667 608 3711 exularet
652 3676 831 3721 sperare
876 3675 965 3706 non
1005 3660 1229 3705 desierunt
1253 3713 1255 3715 ‚

1336 372 1522 427 propter
1561 371 1830 429 singularem
1873 373 2228 423 benevolentiam
2265 379 2311 424 11

1335 443 1406 495 46,
1418 442 1485 485 23.
1503 466 1554 472 —
1573 454 1674 486 cum
1689 442 1930 500 propinqui
1944 449 1989 488 et
2004 446 2121 491 cives
2137 447 2310 494 exulem

1335 509 1486 555 videre
1500 512 1714 566 gestirent
1731 514 2025 570 (νομίζοντες
2039 515 2186 562 πλέον
2201 533 2308 564 τι·-

1337 575 1461 638 ἒχειν
1469 597 1529 637 με
1538 577 1610 628 διὰ
1628 582 1713 642 τὴν
1721 580 1838 642 ἄλην
1851 587 1931 630 καὶ
1947 584 2310 646 τῆνμεταβολὴν

1338 653 1426 698 τοῦ
1446 653 1559 710 βίου
1580 655 1660 698 καὶ
1685 652 1756 699 διὰ
1783 653 1868 713 τὴν
1889 657 2125 702 δοκοῦσαν
2147 649 2310 711 αὐτοῖς

1340 724 1426 767 τοῦ
1456 718 1678 778 σώματος
1707 727 2048 784 ταλαιπωρίαν)
2067 725 2142 770 ille
2161 726 2307 771 noluit

1339 791 1397 834 ad
1419 791 1655 849 Bithyniae
1673 792 1785 838 fines
1806 806 1947 851 prope
1968 795 2194 851 accedere,
2224 797 2305 842 sed

1341 860 1552 917 Cyzicum
1585 862 1702 906 venit
1730 862 1775 906 11
1795 866 1891 919 257,
1914 867 1938 908 8
1969 868 2048 918 (or.
2073 857 2216 920 XIX).
2247 868 2302 898 —‘-

1338 929 1458 974 bona
1488 931 1582 975 eius
1612 943 1879 989 magnopere
1915 934 2161 990 deminuta,
2200 948 2300 980 cum

1339 1013 1420 1055 per
1440 1001 1604 1045 multos
1622 1002 1740 1046 exilii
1760 1015 1902 1048 annos
1918 1004 2120 1060 neglecta
2138 1005 2303 1049 iacuis-

1341 1072 1445 1114 sent
1471 1071 1598 1115 1146.
1632 1097 1686 1104 -
1717 1085 1879 1130 corpus
1910 1073 2047 1118 habet
2077 1074 2300 1119 continuis

1341 1139 1462 1183 exilii
1492 1142 1713 1185 aerumnis
1753 1143 2029 1187 debilitatum
2058 1144 2102 1187 II
2131 1147 2200 1199 46,
2235 1149 2299 1189 17.

1341 1233 1396 1239 -
1428 1222 1616 1265 corpore
1644 1210 1845 1255 infirmus
1875 1213 1918 1255 11
1944 1216 2012 1267 90,
2031 1218 2069 1258 8.
2099 1238 2153 1246 —
2182 1214 2302 1258 infir·

1340 1277 1473 1321 mitas
1504 1279 1702 1334 corporis
1719 1280 1763 1323 II
1783 1285 1956 1335 104,13.
1986 1283 2143 1338 11105,
2163 1288 2227 1327 13.
2246 1309 2298 1315 —

1342 1344 1602 1406 ἐτύγχανον
1643 1349 1731 1405 μὲν
1772 1349 2006 1410 ἐπιδημῶν
2056 1351 2109 1398 ἐν
2155 1356 2300 1411 Βορυ-

1345 1418 1502 1468 σθένει
1532 1419 1588 1465 τὸ
1619 1419 1765 1479 θέρος
1794 1418 1861 1474 ώς
1891 1418 2003 1468 τότε
2029 1422 2300 1469 εἰσέπλευσα

1342 1484 1462 1544 μετὰ
1493 1485 1577 1547 τὴν
1605 1486 1776 1549 φυγὴν,
1807 1491 2101 1550 βουλόμενος
2129 1491 2299 1545 ἐλθεῖν,

1342 1555 1429 1603 ἐάν
1474 1559 1678 1616 δύνωμαι
1730 1560 1802 1607 διά
1849 1565 2055 1607 Σκυθῶν
2106 1562 2171 1615 εἰς
2213 1563 2299 1608 Γέ-

1344 1644 1443 1682 τας,
1467 1621 1600 1682 ὅπως
1619 1626 1869 1687 θεάσωμαι
1892 1627 2027 1678 τάκεῖ
2044 1628 2299 1691 πράγματα

1345 1693 1493 1744 ὁποῖά
1506 1697 1688 1744 ἐστινΙΙ
1704 1704 1740 1755 1,
1757 1706 1791 1744 1.
1807 1726 1859 1732 -
1870 1702 1971 1745 exul
1984 1702 2299 1758 Borysthenem

1341 1769 1473 1821 venit,
1495 1771 1611 1825 quod
1633 1771 1827 1826 probant
1843 1771 2120 1815 Hierosontis
2140 1771 2297 1815 verba:

1339 1840 1424 1884 καί
1453 1855 1506 1884 σε
1537 1838 1659 1886 πάνυ
1686 1840 1773 1896 μὲν
1791 1836 1936 1899 ἡδέως
1957 1835 2146 1899 ὁρῶμεν
2171 1867 2217 1873 -
2241 1836 2296 1887 οὐ

1339 1908 1501 1964 μέντοι
1533 1911 1683 1957 πολύν
1712 1927 1813 1956 τινα
1841 1907 2023 1969 χρόνον
2052 1908 2296 1969 ἡγούμεθα

1340 1975 1533 2025 ἔσεσθαι
1563 1983 1736 2027 τοῦτον
1767 1978 1894 2027 οὐδὲ
1929 1979 2297 2036 βουλόμεθα,

1341 2044 1458 2095 ἄλλά
1490 2067 1542 2096 σε
1574 2043 1626 2097 εὖ
1663 2050 1907 2109 πράξαντα
1948 2048 2107 2097 οἴκαδε
2134 2055 2296 2097 κατελ-

1337 2123 1443 2164 θεῖν
1459 2117 1542 2179 τὴν
1557 2122 1789 2178 ταχίστην.
1820 2120 1918 2171 117,
1937 2124 2003 2164 30.
2030 2146 2078 2151 —
2097 2121 2294 2164 oratione

1338 2190 1458 2244 apud
1510 2190 1846 2247 Borysthenitas
1902 2190 2057 2234 habita
2108 2190 2298 2234 Platona

1337 2260 1585 2304 aemulatur
1612 2260 1656 2303 II
1679 2263 1717 2315 8,
1740 2263 1807 2303 31.

1280 2327 1645 2388 τελευτήσαντος
1681 2329 1728 2375 δὲ
1767 2327 1950 2374 ἐκείνου
1996 2329 2105 2382 (scil.
2146 2329 2295 2373 Domi-

1336 2400 1474 2454 tiano)
1519 2403 1597 2446 καὶ
1634 2403 1713 2458 τῆς
1749 2402 2013 2456 μεταβολῆς
2050 2398 2299 2456 γενομένης

1336 2469 1498 2530 ἀνῄειν
1527 2472 1613 2528 μὲν
1643 2465 1765 2529 πρὸς
1785 2468 1872 2514 τὸν
1891 2468 2136 2527 βέλτιστον
2157 2467 2295 2523 Νέρ-

1333 2546 1406 2601 βα
1420 2558 1458 2587 ν.
1533 2536 1626 2587 ὕπο
1662 2540 1710 2586 δὲ
1739 2538 1887 2585 νόσου
1922 2541 2126 2595 χαλεπῆς
2154 2554 2296 2582 κατα-

1336 2613 1520 2670 σχεθεὶς
1560 2604 1675 2657 ὅλον
1704 2608 1886 2655 ἐκεῖνον
1920 2607 2182 2666 ἐζημιώθην
2210 2605 2296 2651 τὸν

1333 2677 1518 2739 καιρόν,
1548 2675 1826 2738 ἀφαιρεθεὶς
1846 2671 2201 2735 αὐτοκράτορος
2221 2693 2291 2731 φι-

1334 2748 1622 2810 λανθρώπου
1679 2744 1801 2804 κάμὲ
1868 2742 2150 2805 α’γαπῶντος
2213 2747 2291 2789 καὶ

1333 2818 1476 2867 πάλαι
1515 2821 1655 2876 φίλου
1692 2817 1736 2860 II
1775 2820 1852 2870 71,
1886 2819 1949 2859 16.
1991 2839 2044 2846 —
2082 2826 2109 2857 a
2145 2814 2291 2857 Nerva

1326 2890 1591 2946 imperatore
1620 2888 1804 2931 Romam
1849 2885 2058 2928 invitatus
2099 2882 2208 2937 petit
2240 2888 2289 2925 ut

1328 2960 1513 3003 Prusam
1559 2957 1824 3010 dimittatur3
1873 2966 1953 3010 per
1998 2952 2168 2996 litteras
2219 2964 2288 2995 re-

1328 3028 1516 3085 spondet
1561 3027 1725 3080 Nerva3
1779 3025 2011 3078 utramque
2055 3020 2289 3076 epistulam

1330 3099 1495 3143 civibus
1539 3096 1624 3140 Dio
1675 3095 1834 3138 recitat
1886 3105 1948 3136 or.
1993 3090 2118 3136 XLV
2173 3094 2286 3134 extr.

1326 3168 1371 3211 11
1410 3172 1483 3223 70,
1525 3170 1574 3210 19
1621 3165 1678 3211 cf.
1718 3164 1764 3206 II
1806 3166 1882 3217 84,
1920 3164 1959 3206 3.
2011 3185 2064 3192 —-
2119 3159 2289 3203 Nervae

1334 3236 1615 3294 imperatoris
1645 3234 1820 3278 litteras
1840 3232 2009 3275 Prusae
2036 3230 2197 3274 recitat
2225 3242 2287 3272 or.

1326 3307 1475 3351 XLIV
1504 3310 1613 3350 extr.
1657 3304 1832 3349 easdem
1869 3302 2083 3345 memorat
2112 3312 2175 3343 or.
2206 3298 2286 3341 XL

1328 3379 1354 3433 ξ
1375 3383 1413 3422 5.
1447 3401 1499 3408 -
1529 3376 1575 3420 in
1605 3374 1795 3431 patriam
1825 3383 2026 3416 reversus
2064 3381 2091 3412 a
2121 3367 2286 3412 civibus

1327 3447 1420 3492 suis
1450 3445 1693 3490 honoribus
1732 3441 1949 3496 afficitur,
1993 3451 2102 3495 quos
2133 3438 2285 3493 depre-

1328 3520 1457 3561 catur
1487 3519 1599 3560 orat.
1629 3513 1775 3558 XLIV
1803 3512 1935 3555 1167.
1957 3535 2010 3541 —
2041 3512 2086 3552 et
2115 3507 2284 3551 exulem

1327 3592 1371 3631 et
1399 3586 1653 3631 restitutum
1691 3582 1856 3626 multae
1897 3579 2096 3624 civitates
2133 3575 2284 3620 invita-

1326 3662 1486 3703 verunt
1513 3648 1936 3712 (παρακαλούντων
1955 3665 2013 3704 με
2031 3649 2109 3693 καὶ
2129 3645 2284 3703 μένειν
