2684 4140
1053 295 1280 343 ORATIO
1310 297 1476 344 XXVI.
2213 300 2311 348 281

231 440 325 490 καὶ
361 443 716 509 προστάτας·
757 439 896 492 ἀλλὰ
938 443 1139 503 ἱκανῶς
1179 441 1340 508 οἶμαι
1376 444 1474 512 τὴν
1501 443 1747 508 ἐμαυτοῦ
1771 439 2026 495 διάνοιαν
2052 441 2320 510 ἐνδεδεῖχ-

233 524 358 574 θαι.
425 526 475 575 εἰ
514 523 577 596 δὴ
617 528 849 587 τούτους
873 524 1060 588 καλεῖς
1101 524 1373 593 δαίμονας
1412 521 1526 595 [ὡς]
1564 533 1674 578 τῶν
1711 520 1813 578 ὑπ’
1857 521 2049 590 αὐτοῖς
2080 524 2207 598 [καὶ]
2237 523 2316 581 δι’

237 609 332 669 οὓς
371 611 598 660 ἕκαστοι
634 608 855 676 βέλτιον
892 612 924 680 ἢ
959 614 1148 681 χεῖρον
1188 609 1456 681 ἔπραξαν,
1495 609 1673 679 ἡδέως
1711 613 1777 663 ἂν
1815 613 2091 679 ἀκούοιμι.

1110 807 1447 814 ———-——.

21 966 219 1010 ‹524R11›
547 957 668 1024 (76)
707 956 961 1026 ΠΕΡΙ
1008 957 1208 1025 TOY
1258 956 2032 1028 ΒΟΥΛΕΥΕΣΘΑΙ.

1208 1103 1367 1110 -——-——.

373 1193 569 1248 Πάλαι
604 1198 925 1268 καθήμενος
959 1201 1053 1250 καὶ
1088 1202 1241 1266 ὑμῶν
1280 1202 1512 1264 ἀκούων,
1551 1204 1641 1252 ὅτε
1673 1200 1888 1264 πολλὰς
1927 1205 2075 1273 ὥρας
2115 1202 2315 1273 διετρί-
2357 1208 2380 1256 1

175 1286 200 1326 5
235 1281 361 1346 βετε
399 1283 556 1351 παρά
594 1299 708 1333 τινι
743 1289 855 1333 τῶν
893 1282 1200 1335 πολιτικῶν
1237 1283 1633 1351 βουλευόμενοι
1683 1287 1817 1355 περί
1863 1304 2029 1338 τινων
2067 1291 2321 1356 πραγμά-

233 1382 343 1415 των
384 1371 576 1416 σκοπῶ
618 1359 761 1435 παρ’
804 1367 1025 1435 ἐμαυτῷ
1062 1370 1156 1419 καὶ
1194 1365 1445 1438 ἀναζητῶ
1487 1371 1544 1420 τί
1581 1371 1703 1420 ἐστι
1740 1377 1904 1420 τοῦτο
1944 1373 1974 1421 ὅ
2013 1389 2156 1440 φατε
2194 1373 2320 1438 βου-

234 1446 505 1500 λεύεσθαι
542 1444 591 1519 [ἢ
633 1444 768 1501 αὐτὸ
810 1450 872 1522 δὴ
915 1454 978 1503 τὸ
1027 1449 1458 1523 βουλεύεσθαι],·
1509 1454 1616 1524 ἄρα
1668 1456 1771 1523 γὰρ
1822 1457 1954 1524 περὶ
2000 1457 2198 1506 τούτου
2236 1474 2323 1517 τις

63 1543 142 1585 (284
162 1541 215 1584 Μ)
231 1535 560 1604 βουλεύεται
596 1545 700 1589 τοῦ
734 1541 1065 1608 πράγματος
1103 1540 1134 1589 ὃ
1175 1538 1296 1590 οἶδε’
1332 1558 1393 1591 τε
1428 1541 1523 1591 καὶ
1558 1540 1894 1601 ἐπίσταται,·
1940 1566 2011 1575 -
2054 1531 2133 1590 Οὗ
2174 1538 2332 1591 δοκεῖ

226 1638 328 1688 μοι
365 1624 499 1692 περὶ
537 1622 612 1674 ὧν
649 1641 737 1685 τις
777 1622 912 1687 οἶδε,
951 1626 1084 1695 περὶ
1120 1627 1335 1676 τούτων
1361 1622 1755 1692 βουλεύεσθαι,
1795 1621 1934 1674 ἀλλὰ
1960 1621 2064 1693 ἤδη
2094 1622 2318 1676 εἰδέναι.

151 1707 198 1749 10
235 1735 304 1743 —-
345 1708 418 1758 Τί
455 1705 580 1771 δαί,·
629 1710 664 1758 ἃ
705 1701 801 1759 οὐκ
839 1706 998 1760 οἶδεν
1029 1703 1156 1760 οὐδὲ
1200 1705 1271 1779 [ἃ]
1324 1711 1656 1773 ἐπίσταται,
1707 1711 1839 1779 περὶ
1875 1710 2087 1760 τούτων
2128 1711 2318 1778 ὥσπερ

230 1789 736 1859 διαμαντευόμενος
770 1796 865 1845 καὶ
901 1791 1186 1864 ἀναζητῶν
1224 1801 1431 1862 γνῶναι
1471 1796 1506 1844 ἃ
1562 1788 1658 1845 οὐκ
1697 1792 1846 1845 οἶδεν
1859 1813 1878 1856 ,·
1926 1822 1996 1830 —-
2040 1788 2118 1845 023
2172 1793 2330 1845 δοκεῖ

208 1893 329 1943 ,μοι
367 1870 495 1929 οὐδὲ
537 1876 699 1940 οὗτος
739 1877 1024 1931 δύνασθαι
1061 1878 1443 1947 βουλεύεσθαι
1480 1881 1612 1949 περὶ
1647 1881 1860 1930 τούτων
1888 1880 2019 1946 περὶ
2057 1878 2132 1930 ὧν
2172 1873 2323 1930 οὐδε-

227 1963 363 2027 μίαν
401 1964 717 2033 ἐπιστήμην
756 1965 883 2029 ἔχει.
922 1959 1141 2034 -Ὅρα
1183 1965 1277 2016 οὖν
1314 1967 1386 2035 μὴ
1427 1962 1647 2015 τοιόνδε
1684 1981 1741 2014 τι
1777 1949 1813 2033 ᾗ
1851 1966 1913 2014 τὸ
1941 1961 2318 2030 βουλεύεσθαι
2356 1966 2388 2015 2

235 2048 379 2098 ὥστε
416 2049 542 2099 τινὰ
579 2050 679 2114 μὲν
719 2047 947 2113 εἰδέναι,
986 2051 1112 2100 τινὰ
1155 2047 1212 2101 δὲ
1255 2051 1490 2117 ἀγνοεῖν,
1527 2051 1621 2100 καὶ
1657 2055 1821 2099 τοῦτο
1859 2033 1895 2117 ᾗ
1922 2050 2054 2116 περὶ
2093 2046 2161 2098 οὗ
2193 2048 2320 2114 βου-

153 2131 200 2173 15
239 2130 494 2183 λεύονται
542 2134 879 2202 ἄνθρωποι,
931 2135 1019 2184 ἵνα
1061 2132 1119 2184 δὲ
1157 2132 1370 2200 μᾶλλον
1408 2133 1486 2201 τῷ
1527 2132 1667 2201 λόγῳ
1709 2131 2320 2201 παρακολουθήσωμεν,

233 2210 313 2267 δι’
357 2218 571 2278 εἰκόνος
609 2219 761 2278 τινὸς
798 2215 1156 2283 ἐπιδείξομεν
1185 2211 1338 2269 αὐτό.
1400 2219 1805 2284 ὑποτιθέμεθα
1843 2218 1946 2285 γὰρ
1974 2215 2183 2267 εἰδέναι
2220 2217 2319 2280 μὲν

230 2306 376 2372 ἡμᾶς
412 2299 702 2372 Χαρικλέα
740 2304 835 2354 καὶ
870 2300 1213 2373 Χαρίξενον,
1255 2306 1399 2354 ὅπου
1442 2301 1500 2354 δὲ
1543 2304 1790 2353 οἰκοῦσιν
1829 2304 2074 2369 ἀγνοεῖν,
2129 2301 2323 2364 στοχά-

234 2383 439 2450 ζεσθαι
480 2385 538 2438 δὲ
578 2389 710 2458 περὶ
734 2395 832 2458 τῆς
861 2389 1041 2450 οἰκίας
1069 2389 1277 2452 αὐτοῖν,
1319 2387 1408 2459 [μὴ
1439 2390 1547 2458 ἄρα
1575 2394 1739 2438 τοῦτο
1767 2371 1803 2457 ᾗ
1829 2389 1891 2437 τὸ
1918 2379 2315 2454 βουλεύεσθαι]
2357 2386 2387 2436 3

235 2474 379 2524 ὥστε
417 2470 478 2536 ἐξ
517 2472 592 2523 ὧν
633 2470 880 2538 οἴδαμεν,
919 2475 978 2524 ἐκ
1015 2475 1228 2525 τούτων
1266 2475 1360 2525 καὶ
1397 2475 1530 2541 περὶ
1557 2473 1634 2524 ὧν
1662 2464 1887 2524 οὐδέπω
1918 2471 2076 2537 ἴσμεν
2103 2469 2324 2534 τεκμαί-

14 2545 195 2632 Ϊδῆῗῗῖθ
232 2558 470 2627 ρεσθαι·
526 2558 793 2627 καθάπερ
856 2560 911 2608 οἱ
959 2555 1317 2628 ἀρτιάζοντες
1369 2558 1531 2610 ἴσασι
1577 2561 1678 2625 μὲν
1729 2561 1817 2609 ὅτι
1863 2560 1920 2608 ἐν
1969 2560 2094 2616 ταῖς
2137 2555 2325 2624 χερσὶν

15 2636 16 2641 ’
235 2643 455 2707 ἔχουσιν
497 2644 552 2693 οἱ
590 2640 1078 2712 προκαλεσάμενοι
1117 2637 1319 2705 αὐτούς
1351 2651 1553 2715 χρῆμα,
1595 2637 1656 2694 οὗ
1695 2647 1889 2709 μέντοι
1926 2644 2013 2692 ὅτι
2039 2646 2323 2702 τοσοῦτον,

234 2721 360 2778 ἀλλ’
404 2729 582 2779 ἐνίοτε
619 2729 713 2779 καὶ
750 2730 1018 2794 ἐπέτυχον
1057 2730 1277 2793 εἰπεῖν,
1315 2731 1409 2780 καὶ
1448 2730 1590 2779 οὕτω
1633 2727 1695 2799 δὴ
1735 2729 2109 2797 κρατήσαντες
2146 2721 2323 2793 ἀπηλ-

381 2911 401 2951 1
436 2906 608 2954 ἑαυτοῦ
634 2906 712 2952 UB
828 2910 854 2950 2
885 2903 952 2962 ὡς
981 2911 1079 2955 τῶν
1106 2909 1225 2964 libri,
1255 2903 1321 2962 ὡς
1350 2907 1435 2952 del.
1466 2907 1678 2951 Reiskius
1794 2900 1855 2952 δι’
1887 2899 1969 2958 οὓς
1989 2904 2213 2956 Reiskius‚
2244 2906 2324 2949 καὶ

235 2972 299 3025 δι’
333 2973 417 3032 οὓς
448 2978 530 3023 UB
558 2981 640 3024 καὶ
670 2974 823 3033 διδοὺς
851 2979 901 3022 Μ
1074 2983 1099 3023 3
1131 2973 1302 3025 ἀκούοι
1331 2978 1392 3022 Μ.
1451 2977 1505 3020 In
1543 2976 1631 3020 fine
1660 2976 1801 3020 multa
1838 2974 1993 3019 deesse
2029 2974 2140 3018 vidit
2166 2973 2321 3030 Emp.;

234 3050 396 3094 ultima
424 3049 562 3094 verba
590 3049 910 3104 interrogantis
939 3053 1059 3102 sunt,
1089 3053 1137 3094 at
1166 3049 1278 3092 nihil
1306 3047 1615 3104 respondetur.
1751 3052 1779 3092 4
1813 3038 1886 3092 ὅτι
1916 3044 2061 3101 UBM,
2095 3035 2177 3091 ὅτε
2209 3043 2247 3088 Τ
2278 3045 2326 3088 et

237 3120 421 3175 vulgata
542 3119 725 3174 πολλὰς
754 3113 886 3177 ὥρας
916 3121 1128 3176 CobetuS,
1158 3123 1361 3172 πολλαῖς
1391 3110 1539 3178 ὥραις
1567 3117 1669 3161 libri
1799 3121 1823 3160 5
1854 3111 2142 3176 βουλόμενοι
2171 3115 2209 3158 Β

238 3194 261 3233 7
293 3181 324 3247 ἦ
352 3190 406 3244 Β,
435 3202 522 3235 om.
553 3190 616 3243 M,
646 3187 677 3248 ἢ
708 3183 798 3246 δ’,τι
826 3191 869 3236 U
1030 3190 1165 3234 verba
1197 3184 1315 3235 αὐτὸ
1348 3214 1400 3220 -
1432 3184 1751 3248 βουλεύεσθαι
1781 3189 1886 3231 sunt
1914 3187 2037 3231 varia
2065 3185 2198 3230 lectio
2229 3195 2324 3230 ver-

234 3261 397 3306 borum
429 3251 458 3306 3
487 3275 610 3317 φατε
638 3257 976 3319 βουλεύεσθαι,
1014 3260 1202 3305 seclusit
1230 3260 1361 3316 Emp.
1535 3258 1581 3305 εἰ
1605 3258 1693 3315 μὲν
1721 3271 1803 3315 pro
1834 3250 1930 3318 ἆρα
1962 3257 2012 3300 Μ
2186 3259 2209 3300 8
2240 3257 2327 3300 τοῦ

235 3345 323 3378 om.
357 3332 398 3373 M
545 3325 572 3376 δ’
605 3326 702 3376 οἶδέ
730 3346 782 3376 τε
812 3330 892 3376 UB
926 3333 1071 3377 τοῦτο
1105 3326 1232 3376 οἶδεν
1261 3346 1313 3377 τε
1343 3330 1393 3373 Μ
1536 3333 1561 3373 9
1593 3326 1689 3388 εἴδη
1717 3329 1766 3373 Μ
1911 3332 1962 3373 10
1992 3329 2041 3374 τί
2070 3330 2144 3373 δαὶ
2172 3326 2256 3396 Ul}
2286 3325 2329 3372 εἰ

235 3402 285 3449 δὲ
314 3402 364 3445 Μ
478 3395 509 3448 ἃ
539 3401 724 3446 seclusit
752 3401 961 3446 Reiskius
1051 3404 1099 3445 11
1135 3395 1261 3447 οἶδεν
1290 3399 1462 3447 εἰδέναι
1490 3399 1622 3445 ΠΒΜ
1655 3399 1824 3446 εἰδέναι
1854 3413 1941 3445 om.
1973 3398 2011 3443 T
2102 3401 2153 3441 12
2187 3397 2327 3450 οὗτος

236 3473 277 3519 U
309 3464 461 3526 οὕτως
490 3472 579 3516 ΒΜ
698 3475 748 3516 13
780 3464 874 3531 ἄρα
907 3463 992 3518 οὖν
1019 3471 1195 3527 Pfiugk‚
1227 3463 1322 3531 ἀρα
1354 3463 1439 3518 οὖν
1468 3470 1557 3515 ΒΜ
1588 3462 1672 3530 ἆρ’
1705 3462 1790 3516 οὖν
1818 3469 1858 3515 U
1973 3465 2043 3538 ‘cb-
2063 3482 2148 3513 om.
2177 3466 2323 3521 UBM,

236 3545 376 3592 habet
404 3543 443 3587 Τ
566 3547 618 3587 14
647 3542 865 3588 fortasse:
895 3544 977 3588 καὶ
1007 3545 1206 3588 τοιαῦτα
1237 3534 1267 3600 ᾖ
1298 3543 1407 3602 περὶ
1438 3532 1507 3587 ὦν
1623 3544 1674 3585 18
1708 3537 1803 3596 ἄρα
1833 3540 1979 3596 Emp.,
2010 3539 2105 3595 α’ρα
2134 3536 2236 3582 libri

240 3611 304 3672 μὴ
335 3610 432 3672 ἄρα
474 3638 529 3647 -
568 3609 882 3673 βουλεύεσθαι
920 3613 991 3657 his
1029 3612 1226 3669 expulsis
1265 3613 1415 3658 locum
1456 3624 1642 3657 sanasse
1680 3611 1791 3655 mihi
1826 3611 2001 3666 videon
2040 3609 2173 3666 Emp.
2213 3618 2326 3663 quae

244 3684 519 3737 antecedunt
547 3684 651 3729 inde
680 3685 737 3729 ab
769 3676 864 3745 ἆρα
897 3675 983 3730 οὖν
1011 3684 1042 3728 1.
1069 3686 1118 3727 13
1151 3695 1296 3740 usque
1325 3683 1382 3728 ad
1413 3686 1495 3743 τῆς
1526 3683 1681 3736 οἰκίας
1721 3677 1887 3728 αὐτοῖν
1923 3681 1952 3726 1.
1986 3683 2037 3724 18
2069 3677 2325 3730 damnabat,

243 3767 337 3800 non
367 3755 601 3801 intellecto
631 3755 836 3802 videlicet
864 3754 1114 3799 sententiae
1143 3766 1387 3811 progressu
1502 3757 1556 3798 20
1587 3748 1887 3813 ἁρπάζοντες
1915 3751 1965 3796 Μ

17 4026 24 4140 -εᾼ
15 3937 23 4014 ’,κ-ἡ
17 3836 22 3916 -ὴιι
17 3738 22 3819 „m-
