2684 4140
348 251 451 301 228
791 249 998 294 DIONIS
1029 249 1117 293 DE
1146 246 1494 292 SERVITUTE
1524 246 1608 291 ET
1635 247 1993 294 LIBERTATE

342 395 436 446 καὶ
472 393 797 443 πείθεσθαι
822 390 902 458 τῴ
938 394 1170 462 ἡγεμόνι
1206 397 1310 441 τοῦ
1327 397 1516 460 χοροῦ,
1555 393 1650 443 καὶ
1675 395 1802 444 τότε
1830 395 2113 462 ἄρχεσθαι
2149 397 2243 447 καὶ
2269 398 2442 447 παύε-

346 477 492 527 σθαι
518 467 727 543 ᾄδοντα
767 477 984 526 ὁπόταν
1022 477 1233 537 ἐκεῖνος
1269 474 1518 545 κελεύσῃ,
1560 478 1790 547 αἰσχρὸν
1823 478 1971 530 εἶναι
2006 482 2100 531 καὶ
2139 478 2443 551 δουλοπρε-

275 564 306 613 5
344 563 466 623 πές,
508 559 604 609 οὐκ
641 560 708 610 ἂν
749 558 910 625 οἶμαι
949 557 1232 628 ὁμολογοῖ.
1313 558 1440 611 οὐδὲ
1479 559 1539 611 εἴ
1580 579 1667 623 τις
1705 565 2033 634 ἐρωτήσειε,
2084 563 2330 617 πλέοντα
2367 570 2440 639 μὴ

342 639 659 714 φροντίζειν
708 650 812 694 τοῦ
855 645 1190 715 κυβερνήτου
1238 643 1381 715 μηδὲ
1428 651 1619 697 ποιεῖν
1659 641 1783 697 ἄττ’
1828 649 1895 699 ἂν
1933 651 2143 711 ἐκεῖνος
2182 649 2342 720 εἴπῃ,
2394 653 2445 703 εἰ

338 729 400 778 τὸ
431 733 689 779 τοιοῦτον
715 725 1044 796 ἐλευθέριον
1073 728 1257 781 οἴοιτο
1276 742 1287 753 ·
1328 730 1449 782 οἶον
1475 728 1842 795 κελεύσαντος
1865 735 2171 806 καθῆσθαι
2209 738 2441 788 ἑστάναι
2476 750 2501 791 5

285 815 288 816 ’
341 814 399 863 ἐν
439 819 508 882 τῇ
546 814 653 883 νηί,
694 815 761 865 ἂν
802 813 952 882 αὐτῷ
993 809 1106 886 [μὴ]
1145 817 1298 885 ἐπίῃ,
1336 817 1438 867 κᾶν
1475 814 1705 887 κελεύσῃ
1747 817 1966 871 ἀντλεῖν
2005 836 2146 872 ποτε
2182 822 2215 891 ἢ
2259 820 2444 872 συνέλ-

336 914 452 949 κειν
478 898 547 948 τά
578 899 748 963 ἱστία,
786 892 920 969 μήτ’
953 897 1227 972 ἀντλῆσαι
1254 894 1405 972 μήθ’
1449 904 1728 971 ἅψασθαι
1765 911 1876 956 τῶν
1911 903 2113 969 κάλων,
2154 903 2281 956 οὐδὲ
2321 914 2444 957 τοῦ·

339 999 436 1034 τον
489 982 650 1035 εἴποι
702 986 769 1036 ἂν
818 983 1122 1056 ἐλεύθερον
1174 984 1301 1038 οὐδὲ
1343 983 1614 1058 ζηλωτόν,
1664 992 1753 1040 ὅτι
1791 993 2031 1060 πράττει
2069 991 2137 1041 τὰ
2178 989 2445 1043 δοκοῦντα

271 1076 304 1127 6
345 1066 512 1136 αὐτῷ.
585 1071 680 1121 καὶ
724 1072 834 1142 μὴν
881 1073 1013 1134 τούς
1054 1088 1119 1140 Ἰγε
1170 1075 1523 1143 στρατιώτας
1568 1075 1664 1125 οὐκ
1715 1076 1783 1126 ἂν
1825 1077 1966 1146 φαίη
2008 1074 2243 1138 δούλους
2281 1076 2444 1141 εἶναι,

341 1152 490 1206 διότι
537 1156 784 1226 ὑπήκοοί
832 1158 948 1208 εἰσι
994 1164 1099 1208 τοῦ
1147 1166 1485 1229 στρατηγοῦ,
1534 1161 1629 1211 καὶ
1676 1163 1803 1211 τότε
1855 1162 2188 1213 ἀνίστανται
2226 1164 2441 1214 ὁπόταν
2480 1173 2526 1216 10

339 1241 550 1302 ἐκεῖνος
588 1238 906 1311 προστάξῃ,
955 1244 1051 1293 καὶ
1103 1247 1260 1295 σῖτον
1311 1246 1604 1314 αἱροῦνται
1647 1247 1742 1297 καὶ
1778 1243 1928 1297 ὅπλα
1969 1244 2321 1315 λαμβάνουσι
2356 1249 2450 1299 καὶ

342 1328 806 1395 παρατάττονται
841 1329 936 1379 καὶ
960 1329 1164 1379 ἐπίασι
1200 1331 1295 1380 καὶ
1321 1331 1708 1400 ἀναχωροῦσιν
1737 1333 1834 1382 οὐκ
1860 1329 2046 1395 ἄλλως
2070 1334 2103 1404 ἢ
2143 1339 2247 1383 τοῦ
2284 1346 2448 1403 στρα-

340 1417 514 1482 τηγοῦ
558 1409 951 1475 κελεύσαντος·
1002 1411 1134 1464 οὐδέ
1178 1430 1240 1481 γε
1288 1416 1422 1477 τούς
1457 1417 1798 1482 κάμνοντας,
1849 1419 1939 1468 ὅτι
1976 1419 2291 1469 πείθονται
2327 1423 2450 1481 τοῖς

272 1508 302 1558 7
344 1497 579 1565 ἰατροῖς,
624 1497 687 1546 οὐ
721 1494 814 1547 διὰ
841 1503 1007 1548 τοῦτο
1038 1499 1289 1568 φήσουσι
1317 1497 1553 1562 δούλους
1592 1500 1768 1552 εἶναι·
1811 1503 1999 1553 καίτοι
2039 1504 2102 1553 οὐ
2146 1506 2350 1572 σμικρά
2388 1520 2448 1571 γε
2671 1560 2673 1562 ,

341 1581 467 1633 οὐδὲ
517 1576 691 1652 ῥᾴδια
731 1583 1042 1634 πείθονται
1088 1584 1308 1648 αὐτοῖς,
1359 1582 1500 1636 ἀλλὰ
1549 1588 1645 1637 καὶ
1681 1595 1880 1658 πεινῆν
1917 1589 2011 1639 καὶ
2052 1586 2228 1659 διψῆν
2266 1590 2446 1640 ἐνίοτε
2484 1599 2531 1640 15
2558 1586 2676 1673 (4ΙΒΒΕ

339 1670 792 1737 προστάττουσι·
830 1669 932 1719 κᾶν
973 1665 1105 1737 δόξῃ
1147 1670 1288 1720 ποτὲ
1328 1668 1409 1736 τῷ
1449 1670 1628 1740 ἰατρῷ
1664 1673 1761 1722 τὸν
1785 1675 2067 1738 κάμνοντα
2108 1672 2295 1745 δῆσαι,
2335 1690 2444 1724 πα·
2463 1688 2610 1730 (23151)

325 1760 594 1824 «ραχρῆμα
643 1750 846 1823 ἐδέθη,
898 1754 1000 1804 κᾶν
1049 1758 1237 1820 τεμεῖν
1284 1755 1316 1825 ἢ
1356 1761 1589 1819 καῦσαι,
1638 1757 1994 1827 καυθήσεται
2028 1760 2124 1809 καὶ
2160 1761 2447 1830 τμηθήσε-

339 1857 436 1890 ται
474 1832 575 1911 &qs
618 1841 752 1890 ὅσον
791 1840 859 1891 ἂν
896 1841 1086 1908 ἐκείνῳ
1130 1838 1292 1911 δοκῇ·
1336 1841 1434 1892 ἐὰν
1475 1839 1534 1892 δὲ
1571 1843 1644 1912 μὴ
1688 1844 1997 1913 πείθηται,
2047 1846 2258 1906 πάντες
2298 1847 2354 1895 οἱ
2390 1847 2449 1897 ἐν

338 1932 408 1995 τῇ
449 1926 599 1994 οἰκίᾳ
637 1929 719 1992 τῷ
758 1926 938 1995 ἰατρῷ
977 1932 1481 1994 συναγωνιοῦνται,
1523 1927 1586 1977 οὐ
1623 1930 1797 1994 μόνον
1839 1930 1894 1978 οἱ
1931 1926 2255 1998 ἐλεύθεροι,
2306 1928 2447 1981 ἀλλὰ

341 2006 620 2072 πολλάκις
659 2012 717 2061 οἱ
752 2017 855 2061 τοῦ
875 2017 1176 2073 νοσοῦντος
1213 2013 1428 2063 οἰκέται
1466 2013 1628 2064 αὐτοὶ
1661 2012 1973 2065 καταδοῦσι
2009 2017 2106 2066 τὸν
2146 2013 2445 2087 δεσπότην,
2482 2026 2530 2067 20

339 2097 435 2147 καὶ
472 2098 536 2146 τὸ
575 2102 688 2165 πῦρ
726 2092 1070 2163 κομίζουσιν,
1111 2099 1270 2159 ὅπως
1306 2099 1677 2168 καυθήσεται,
1715 2101 1811 2151 καὶ
1846 2097 2023 2150 τᾶλλα
2054 2102 2448 2171 ὑπηρετοῦσιν.

273 2190 306 2242 8
344 2183 418 2252 μὴ
463 2181 558 2232 οῦν
599 2182 662 2231 οὐ
703 2177 817 2252 φῂς
856 2179 1158 2251 ἐλεύθερον
1198 2181 1345 2233 εἶναι
1382 2184 1480 2234 τὸν
1518 2181 1695 2253 ἄνδρα
1734 2190 1958 2248 τοῦτον,
2008 2188 2095 2236 ὅτι
2135 2184 2321 2236 πολλὰ
2357 2187 2452 2238 καὶ

344 2264 487 2338 ἀηδῆ
528 2270 719 2336 ἑτέρου
757 2264 1080 2328 κελεύοντος
1118 2268 1392 2333 ὑπομένει
1403 2286 1424 2330 ,·
1471 2269 1533 2317 οὐ
1571 2269 1674 2339 γὰρ
1716 2267 1899 2339 δήπου
1939 2272 2035 2321 τὸν
2072 2272 2313 2340 Περσῶν
2350 2272 2450 2338 βα-

349 2349 509 2404 σιλέα
535 2354 782 2422 Δαρεῖον
812 2353 907 2402 οὐκ
933 2353 1000 2403 ἂν
1034 2353 1176 2422 ἔφης
1207 2350 1510 2423 ἐλεύθερον
1539 2353 1702 2418 εἶναι,
1741 2353 1939 2426 ἐπειδὴ
1967 2358 2306 2407 καταπεσὼν
2332 2358 2448 2407 ἀπὸ

346 2444 450 2489 τοῦ
486 2439 671 2488 ἵππου
698 2439 756 2487 ἐν
784 2439 1150 2507 κυνηγεσίοις,
1190 2445 1292 2488 τοῦ
1328 2434 1684 2509 ἀστραγάλου
1724 2442 2159 2511 ἐκχωρήσαντος,
2197 2444 2444 2512 ὑπήκουε
2481 2452 2528 2493 25

347 2527 471 2585 τοῖς
509 2525 729 2593 ἰατροῖς
767 2521 989 2574 ἕλκουσι
1014 2525 1110 2574 καὶ
1138 2521 1500 2592 στρεβλοῦσιν
1541 2526 1715 2576 αὐτοῦ
1741 2528 1838 2577 τὸν
1878 2524 2048 2591 πόδα,
2088 2530 2247 2589 ὅπως
2282 2545 2450 2579 κατα-

352 2610 622 2678 στήσεται
659 2610 722 2658 τὸ
763 2609 1012 2677 ἄρθρον,
1061 2610 1156 2660 καὶ
1192 2614 1367 2660 ταῦτα
1406 2611 1759 2678 Αἰγυπτίοις
1797 2613 2163 2681 ἀνθρώποις·
2215 2606 2336 2664 οὐδ’
2382 2614 2455 2664 αὖ

346 2689 591 2764 Ξέρξην,
644 2695 885 2764 ὁπηνίκα
926 2695 1230 2764 ἀναχωρῶν
1278 2697 1338 2745 ἐκ
1386 2702 1484 2766 τῆς
1515 2688 1774 2758 Ἑλλάδος
1820 2699 1914 2749 καὶ
1950 2693 2354 2764 χειμαζόμενος
2393 2700 2451 2750 ἐν

347 2786 416 2849 τῇ
455 2780 546 2848 νηὶ
582 2774 771 2829 πάντα
799 2779 1073 2829 ἐπείθετο
1112 2785 1193 2847 τῷ
1221 2780 1522 2850 κυβερνήτῃ
1549 2782 1644 2831 καὶ
1681 2782 1837 2850 παρὰ
1865 2784 1963 2852 τὴν
1990 2784 2201 2833 ἐκείνου
2229 2786 2451 2854 γνώμην

350 2866 447 2915 οὐκ
484 2865 795 2932 ἐπέτρεπεν
835 2865 987 2931 αὐτῷ
1035 2862 1161 2914 οὐδὲ
1207 2870 1401 2915 νεῦσαι
1441 2860 1569 2915 οὐδὲ
1607 2867 1934 2943 μεταβῆναι.
2012 2867 2207 2918 οὔκουν
2246 2870 2309 2918 τὸ
2346 2887 2452 2939 μη-
2489 2877 2537 2919 30
2560 2865 2673 2952 affl}

349 2948 506 3011 δενὸς
556 2950 885 3018 ἀνθρώπων
932 2951 1239 3002 ὑπακούειν
1288 2943 1416 3000 οὐδὲ
1467 2953 1530 3001 τὸ
1581 2949 1853 3020 πράττειν
1903 2954 2010 3015 ό,τι
2046 2954 2113 3003 ἄν
2151 2970 2238 3013 τις
2276 2951 2449 3024 ἐθέλῃ

348 3032 680 3104 ἐλευθερίαν
719 3036 805 3086 ἔτι
845 3036 1126 3106 φήσουσιν
1165 3034 1328 3087 εἶναι.

495 3178 516 3216 1
550 3175 782 3220 πίθεσθαι
810 3174 853 3217 Μ
941 3177 966 3218 2
998 3171 1206 3228 ἄὸοντας
1235 3175 1283 3218 Μ
1370 3171 1537 3233 κελεύη
1567 3174 1606 3218 Τ
1694 3178 1718 3218 3
1754 3170 1989 3235 ὃμολόγοι
2019 3178 2069 3221 Μ
2101 3174 2321 3237 ὁμολογῆ
2350 3178 2389 3222 Τ

349 3240 633 3302 ἐρωτήσειεν
659 3243 702 3288 U
816 3248 844 3288 4
875 3243 1002 3291 εἴποι
1034 3245 1072 3288 Τ
1190 3250 1214 3289 5
1244 3248 1465 3304 καθῆσθε
1495 3246 1544 3289 Μ
1688 3249 1714 3290 6
1743 3243 1807 3307 μὴ
1839 3248 1923 3291 del.
1955 3248 2086 3305 Emp.
2222 3246 2333 3307 ἐπίῃ
2363 3248 2451 3292 ΜΤ

349 3313 481 3373 ἐπείη
512 3315 549 3358 Β
578 3311 729 3373 ἐπήιει
758 3316 801 3361 U
916 3319 943 3361 8
974 3313 1182 3376 πράττοι
1212 3317 1343 3362 ΠΒΜ
1375 3315 1578 3375 πράττει
1608 3317 1647 3361 Τ
1670 3321 1716 3363 et
1744 3319 1876 3374 vulgo
1969 3323 1995 3363 9
2028 3315 2159 3380 αὐτῷ
2187 3319 2303 3373 libri,
2333 3331 2450 3363 corr.

350 3385 487 3431 Dind.
607 3389 659 3428 10
691 3385 808 3432 εἰσιν
837 3386 878 3431 U
999 3391 1050 3430 12
1082 3381 1392 3448 ἀναχωροῦσι
1420 3388 1461 3433 U
1581 3392 1632 3433 16
1663 3386 2050 3446 προστάττουσιν
2069 3390 2151 3436 UT
2271 3392 2320 3434 18
2351 3390 2451 3436 πεί-

353 3462 492 3503 θεται
522 3457 572 3501 Μ
689 3460 739 3500 21
773 3453 830 3502 τὸ
862 3470 949 3501 om.
979 3457 1062 3503 UT
1177 3455 1472 3517 κομήζουσιν
1501 3459 1544 3505 U
1573 3459 1670 3514 (sed
1700 3479 1728 3519 η
1757 3460 1957 3506 radendo
1987 3462 2033 3505 in
2063 3480 2079 3506 ι
2109 3462 2345 3514 mutatum)

351 3526 640 3586 ὑπηρετοῦσι
668 3527 790 3572 BUT
906 3531 959 3571 22
991 3531 1104 3587 φησὶ
1133 3529 1183 3573 Μ
1297 3532 1396 3576 τῶν
1424 3544 1508 3587 pro
1541 3526 1630 3577 τὸν
1659 3530 1741 3576 UB
1887 3535 1940 3576 24
1970 3528 2059 3590 ἔφη
2087 3531 2236 3586 UBM,
2266 3526 2380 3588 ἔφης
2410 3531 2448 3574 Τ

352 3602 397 3643 et
427 3598 559 3654 vulgo
592 3597 650 3642 cf.
682 3597 899 3643 Herodot.
930 3599 996 3643 111
1029 3603 1109 3643 129
1128 3613 1194 3656 sq.
1340 3597 1624 3648 καταπεσὸν
1650 3601 1702 3645 Μ
1860 3604 1914 3646 26
1946 3604 2048 3655 πῶς
2077 3601 2126 3645 Μ
2300 3594 2451 3646 αὐτοῦ

351 3665 409 3715 τὸ
440 3668 522 3714 UT
611 3671 664 3713 28
695 3668 853 3729 ξέρξης
880 3669 961 3714 UB
993 3669 1052 3714 cf.
1083 3670 1299 3717 Herodot.
1332 3672 1441 3718 VIII
1474 3676 1555 3717 118
1643 3675 1696 3716 29
1728 3670 1928 3719 ἐπίθετο
1960 3672 2007 3716 Μ
2095 3675 2149 3716 30
2182 3666 2313 3734 αὐτῷ
2341 3671 2383 3713 Μ

353 3736 528 3787 οὔκουν
556 3736 615 3786 τὸ
646 3739 828 3794 Reiske,
857 3743 1112 3788 διοικοῦντι
1142 3742 1193 3788 Μ
1222 3745 1442 3790 δοκοῦντι
1473 3743 1596 3790 UBT
1681 3745 1843 3802 μηδενὶ
1873 3743 1921 3787 Μ
2021 3747 2071 3787 31
2106 3758 2152 3789 τι
2180 3754 2265 3799 pro
2296 3757 2368 3795 τις
2396 3740 2446 3784 Μ
