2684 4140
1011 259 1050 301 8.
1100 255 1246 301 DION
1250 257 1303 302 IS
1333 257 1493 304 VITA.

260 398 346 442 τοῦ
380 391 563 455 Ἴστρου
605 399 686 443 καὶ
729 399 811 455 τῆς
857 399 1024 444 Γετῶν
1065 396 1226 457 χώρας

259 479 325 511 or.
356 466 444 510 XII
459 480 504 523 p.
526 470 620 523 159,
641 471 706 513 12.
739 493 794 499 —
822 467 941 513 bello
972 469 1029 513 ad
1059 468 1226 514 Istrum

260 538 410 592 gesto,
447 535 543 581 scil.
581 537 727 592 primo
757 537 951 591 Dacico,
996 538 1227 593 spectator

259 605 531 662 aliquamdiu
566 606 768 661 interest,
799 606 901 651 dein
935 602 1070 664 εὐχῆς
1099 623 1227 660 τινος

258 679 484 732 μνησθεὶς
522 678 727 729 παλαιᾶς
756 676 1004 733 Olympiam
1041 689 1088 721 se
1119 690 1224 722 con-

259 743 350 787 fert
387 744 537 800 ibique
566 748 681 789 orat.
710 746 799 789 XII
827 747 966 791 habet
997 750 1090 801 160,
1121 750 1224 803 9sq.

259 839 311 845 —-
331 826 467 859 senex
484 817 529 859 et
541 828 731 872 corpore
745 816 949 862 infirmus
966 830 1066 862 cum
1078 817 1223 874 Olym-

258 885 407 942 pieam
428 886 676 931 orationem
695 887 832 932 habet
855 891 949 940 158,
968 891 1005 931 2.
1021 912 1075 920 —
1091 887 1225 931 vitam

259 969 384 1000 suam
414 956 711 1001 Prusaensem
751 957 968 1015 depingitz
1010 961 1227 1004 δαπανᾶν

256 1026 345 1083 μὲν
372 1025 425 1081 ἐξ
453 1022 630 1085 ὀλίγων
648 1022 979 1087 ὑπαρχόντων,
1009 1022 1224 1087 άσχολεῖ-

259 1102 372 1144 σθαι
415 1098 464 1144 δὲ
503 1092 730 1156 άσχολίας
769 1093 1050 1155 ἀνωφελεῖς,
1088 1094 1144 1144 τὸ
1178 1099 1226 1145 δὲ

258 1171 396 1225 σῶμα
418 1171 679 1228 θεραπείας
700 1167 930 1226 δεόμενον
949 1172 1030 1215 καὶ
1050 1171 1227 1228 πολλῆς

257 1242 506 1298 προσοχῆς
563 1239 908 1298 καταφθείρειν
958 1235 1225 1296 ἀμελοῦντα

255 1312 343 1354 etc.
374 1310 421 1353 ΙΙ
451 1313 520 1365 87,
552 1314 590 1354 1.
639 1334 693 1341 -
737 1309 925 1353 Prusam
964 1321 1169 1354 reversus
1200 1322 1227 1354 a

254 1380 390 1425 rebus
420 1380 615 1437 publicis
645 1379 922 1424 vacationem
950 1380 1163 1437 sperabat
1182 1380 1226 1423 ΙΙ

255 1454 333 1504 46,
364 1455 404 1496 9.
445 1477 499 1483 -
542 1443 706 1511 ὥσπερ
745 1447 1038 1509 προειλόμην
1076 1453 1227 1509 σιγᾶν,

254 1516 346 1581 ἀφ’
379 1513 438 1568 οὑ
465 1524 548 1568 νῦν
577 1513 708 1581 ἧκον,
742 1515 828 1568 οῦκ
848 1518 908 1568 ἄν
927 1518 1228 1580 ἐφθεγξάμην

255 1592 300 1639 εἰ
310 1589 373 1651 μή
391 1610 435 1640 τι
451 1588 716 1653 ἀναγκαῖον
728 1588 1010 1652 συμβεβήκει
1023 1593 1143 1646 1182,
1157 1597 1223 1637 24.

253 1690 309 1696 -
339 1664 512 1710 Prusae
541 1666 762 1710 neminem
792 1664 1045 1720 accusavit,
1082 1676 1225 1720 neque

255 1735 452 1780 defendit
479 1736 566 1781 nisi
585 1749 736 1790 unum,
766 1734 989 1780 hominem
1014 1733 1223 1778 miserum

256 1801 315 1852 ὅν
353 1803 567 1852 ἐκώλυσα
606 1801 700 1852 ὑπὸ
732 1808 830 1852 τῶν
868 1807 1108 1863 συγγενῶν
1143 1807 1222 1850 καὶ

256 1879 354 1923 τῶν
382 1874 661 1935 ἐπιτρόπων
691 1878 1063 1934 διασπασθῆναι,
1101 1872 1220 1935 πρό-

253 1965 399 2008 τερον
427 1948 515 2005 μὲν
544 1942 692 1995 αὐτοῦ
720 1943 780 1994 τὰ
821 1947 1078 2005 γράμματα
1107 1941 1220 2010 ὑφῃ-

256 2018 470 2080 ρημένων
498 2021 576 2065 καὶ
606 2013 760 2065 πολλὰ
792 2020 875 2075 τῆς
905 2011 1068 2071 οὐσίας
1102 2020 1219 2076 διηρ-

252 2091 495 2144 πακότων,
525 2081 730 2149 ὕστερον
759 2089 808 2136 δὲ
828 2091 1220 2146 καταψευδομαρ-

253 2158 525 2220 τυρούντων
563 2161 608 2204 11
639 2164 707 2213 64,
730 2163 796 2204 26.
842 2185 898 2191 -
942 2171 1025 2203 sua
1061 2162 1221 2214 sponte

250 2233 426 2292 patriae
445 2244 608 2287 magna
622 2230 848 2288 pollicitus
866 2233 934 2274 est
948 2223 1222 2286 (ὑπόσχεσιν

253 2300 471 2361 οῦδαμῶς
501 2301 671 2366 ῥᾳδίαν
701 2295 808 2348 οὐδὲ
840 2294 1016 2358 όλίγων
1045 2295 1219 2358 χρημά-

252 2378 365 2429 των)
373 2397 389 2432 ;
417 2377 660 2431 propterea
693 2384 840 2416 rerum
877 2370 1220 2415 domesticarum

255 2458 388 2492 curae
429 2456 478 2489 se
518 2443 639 2488 dedit
683 2455 747 2487 or.
777 2441 860 2486 XL
892 2443 918 2497 ξ
942 2444 981 2488 3.
1021 2466 1076 2473 -
1115 2444 1220 2497 post

214 2550 217 2553 -
251 2517 429 2561 exilium
458 2515 631 2558 Prusae
660 2512 936 2568 rogationem
964 2511 1076 2568 fert,
1112 2525 1217 2568 pro-

250 2589 460 2632 curatore
489 2597 580 2629 non
609 2583 771 2638 invito,
802 2583 890 2641 τῆν
919 2579 1062 2628 πόλιν
1090 2579 1218 2639 ἄμει-

248 2675 334 2704 νον
382 2652 756 2711 κατασκευάζειν
798 2656 878 2699 καὶ
925 2652 1218 2711 σεμνοτέραν

247 2736 404 2775 ποιεῖν
442 2718 637 2773 ἅπασαν
672 2725 719 2769 11
748 2729 825 2781 47,
861 2727 911 2768 19
951 2724 1100 2768 multis
1138 2736 1215 2780 pe·

247 2800 427 2845 cuniam
455 2797 503 2842 in
531 2797 651 2842 hanc
690 2808 783 2841 rem
820 2793 1140 2852 pollicentibus
1172 2797 1216 2836 et

244 2884 273 2916 a
314 2872 474 2914 senatu
511 2871 556 2913 et
592 2881 621 2912 a
658 2867 866 2912 contione
901 2878 972 2910 res
1011 2877 1212 2920 compro-

243 2944 379 2987 batur
417 2939 526 2984 ibid.
566 2963 623 2970 —
671 2934 899 2989 πολλάκις
947 2933 1213 2992 ἐμεμνήμην

242 3002 363 3068 (ῶν)
378 3012 458 3055 καὶ
476 3004 700 3064 ἐνόμιζον
720 3005 975 3064 συμφέρειν
988 3004 1210 3063 γενέσθαι

242 3083 300 3138 τῇ
329 3075 467 3124 πόλει
502 3078 798 3134 κατασκευῆς
837 3071 975 3121 ἕνεκα
1018 3076 1099 3119 καὶ
1131 3090 1207 3119 συ-

242 3150 489 3204 νοικισμοῦ
526 3147 607 3191 καὶ
645 3140 905 3202 προσόδων
945 3147 990 3188 et
1024 3144 1070 3187 in
1101 3157 1206 3189 con-

241 3221 363 3265 tione
399 3231 427 3263 a
473 3214 741 3274 proconsule
785 3217 1031 3259 convocata
1074 3226 1204 3270 roga-

239 3292 405 3335 tionem
441 3288 545 3332 tulit
581 3286 625 3329 II
655 3289 724 3338 75,
758 3287 824 3329 18.
856 3288 924 3329 26.
966 3310 1020 3317 -
1057 3285 1204 3342 operis

240 3364 404 3406 natura
423 3357 734 3403 adumbratur:
756 3355 943 3409 πόλεως
958 3355 1007 3402 δὲ
1029 3352 1204 3414 ὄφελος

240 3426 505 3489 εὐπρεποῦς
533 3425 821 3485 γιγνομένης,
851 3421 972 3486 ἀέρα
1003 3428 1202 3473 πλείονα

240 3497 590 3561 λαμβανούσης,
637 3493 950 3557 εὐρυχωρίαν,
995 3500 1082 3543 τοῦ
1115 3497 1203 3554 μὲν

240 3574 413 3633 θέρους
443 3567 592 3622 σκιάν,
627 3571 712 3615 τοῦ
742 3567 789 3614 δὲ
806 3570 1041 3625 χειμῶνος
1068 3559 1202 3625 ἥλιον

238 3642 331 3691 ὑπὸ
365 3642 528 3701 στέγῃ,
566 3635 670 3686 άντὶ
708 3635 901 3696 φαύλων
929 3641 1009 3683 καὶ
1039 3653 1198 3683 ταπει-

239 3719 335 3760 νῶν
345 3713 569 3774 ἐρειπίων
587 3709 817 3768 οἰκήματα
833 3703 987 3767 ὑψηλά
997 3708 1040 3751 ΙΙ
1053 3711 1119 3761 84,
1134 3712 1198 3751 15.

264 3792 358 3829 DIO.
384 3792 433 3828 II.

2187 262 2289 312 369

1326 426 1380 433 -
1424 398 1601 448 διδόναι
1646 402 1819 462 μηδένα
1858 400 2032 458 ἐῶντες
2068 407 2148 450 καὶ
2187 413 2291 460 τοῖς

1325 467 1483 531 ἔργοις
1501 469 1724 530 ἐμποδὼν
1742 470 2014 534 γιγνόμενοι
2035 467 2187 530 οὕτως
2205 474 2289 533 ἐμὲ

1326 542 1559 602 διέθηκαν,
1580 536 1704 591 ὥστε
1728 539 1894 603 ὀλίγου
1913 543 2062 604 φυγὴν
2081 543 2290 603 ἐμαυτοῦ

1324 615 1753 673 καταψηφίσασθαι
1769 615 1815 659 11
1830 619 1898 670 49,
1919 620 1985 660 17.
2002 640 2055 649 -
2069 614 2287 661 fabricam

1325 684 1549 728 sordidam
1564 684 1852 730 ferrariorum
1861 687 2008 742 operis
2018 698 2154 731 causa
2169 687 2286 732 diru-

1325 757 1416 797 tam
1453 754 1588 800 Dioni
1624 755 1825 800 obiciunt
1862 755 2030 800 inimici
2057 757 2102 800 II
2131 760 2200 812 48,
2235 762 2283 803 11

1327 821 1383 867 cf.
1400 821 1445 865 11
1461 825 1530 876 83,
1549 826 1613 870 18.
1635 851 1689 858 —
1710 839 1894 882 operum
1914 839 1942 870 a
1961 826 2285 873 Prusaensibus

1325 895 1694 940 exstruendorum
1725 908 1876 940 curam
1905 897 2065 942 habuit
2096 902 2285 958 μετρῶν

1323 965 1403 1008 καὶ
1424 967 1687 1024 διαμετρῶν
1705 969 1785 1012 καὶ
1805 965 2112 1025 λογιζόμενος
2134 993 2190 1001 -
2204 973 2284 1015 καὶ

1325 1038 1596 1081 τελευταῖον
1635 1037 1701 1090 εἰς
1736 1033 1794 1084 τὰ
1833 1033 1921 1095 ὅρη
1965 1035 2284 1098 φθειρόμενος

1324 1104 1435 1156 (scil.
1477 1106 1525 1150 in
1560 1107 1838 1163 lapicidinas)
1874 1107 1917 1151 II
1947 1111 2015 1162 48,
2049 1112 2086 1153 1.
2117 1135 2171 1142 —-
2201 1111 2284 1156 νῦν

1325 1170 1416 1233 γὰρ
1446 1171 1532 1221 ἐὰν
1551 1167 1774 1233 ἅπτωμαι
1794 1180 1879 1224 τοῦ
1899 1175 2176 1237 πράγματος
2203 1182 2283 1225 καὶ

1327 1243 1577 1302 σπουδάζω
1598 1248 1846 1305 γίγνεσθαι
1866 1243 1921 1293 τὸ
1945 1244 2099 1307 ἔργον,
2121 1266 2282 1307 τυραν-

1327 1322 1423 1360 νεῖν
1451 1315 1510 1371 μέ
1539 1318 1659 1372 φασί
1687 1333 1809 1370 τινες
1835 1320 1914 1363 καὶ
1932 1316 2284 1366 κατασκάπτειν

1325 1382 1412 1442 τὴν
1442 1382 1580 1431 πόλιν
1609 1390 1688 1432 καὶ
1719 1382 1776 1433 τὰ
1807 1383 1908 1444 ἱερὰ
1947 1384 2122 1434 πάντα·
2156 1414 2209 1421 -
2229 1415 2283 1422 -

1325 1452 1411 1501 ἐὰν
1440 1455 1489 1502 δὲ
1517 1453 1602 1515 τὴν
1620 1451 1818 1515 ἡσυχίαν
1838 1454 1952 1516 ἄγω,
1983 1483 2038 1491 -
2057 1483 2113 1493 —
2131 1462 2283 1519 βοᾶτε

1325 1523 1477 1582 ὑμεῖς·
1520 1526 1768 1586 Γιγνέσθω
1800 1524 1856 1573 τὸ
1888 1525 2030 1587 ἔργον
2058 1526 2088 1588 ἦ
2115 1534 2283 1576 καθαι-

1327 1597 1507 1653 ρείσθω
1539 1595 1595 1643 τὸ
1628 1594 1829 1657 γεγονός
1858 1612 1920 1643 or.
1951 1599 2121 1644 XLVII
2150 1601 2177 1655 ξ
2216 1604 2280 1645 18.

1324 1692 1378 1699 -
1409 1680 1457 1711 se
1487 1668 1663 1714 silentio
1700 1669 2046 1726 praeteriturum
2085 1669 2193 1714 dicit
2222 1667 2283 1717 ἄν

1323 1728 1354 1795 ἦ
1381 1754 1450 1791 τις
1469 1733 1612 1797 ἔργον
1632 1737 1904 1798 πεποιηκώς
1922 1733 2039 1798 ὑπὲρ
2062 1732 2116 1786 οὗ
2137 1737 2285 1800 λόγον

1320 1805 1383 1868 μὴ
1415 1810 1633 1864 δέδωκεν,
1672 1812 1778 1856 item
1814 1807 1874 1857 ἂν
1910 1806 1978 1856 ἔτι
2016 1813 2168 1856 ποιῶν
2202 1814 2282 1856 καὶ

1318 1878 1537 1940 χρήματα
1550 1878 1808 1939 λαμβάνων
1822 1877 1896 1928 αἐὶ
1911 1876 2040 1939 παρὰ
2057 1883 2155 1927 τῶν
2169 1876 2280 1927 κατ’

1321 1948 1428 2005 ἔτος
1467 1946 1717 2011 οἷρχόντων
1755 1965 1820 1997 or.
1858 1951 2026 1996 XLVII
2066 1955 2090 2007 ξ
2122 1956 2186 1997 19.
2227 1978 2282 1985 -

1320 2016 1428 2068 ἄλλ’
1459 2018 1571 2075 ἴσως
1590 2020 1934 2081 ἐδυσχεράνατε
1966 2013 2041 2068 ὅτι
2071 2017 2156 2068 οὐκ
2185 2021 2282 2081 ἐγέ-

1321 2108 1429 2138 νετο
1462 2088 1518 2138 τὸ
1551 2089 1704 2151 ἔργον.
1749 2094 1956 2151 γίγνεται
1984 2095 2064 2138 καὶ
2095 2090 2280 2153 σφόδρα

1321 2158 1448 2208 ἔσται
1481 2162 1681 2220 ταχέως,
1719 2161 1924 2219 μάλιστα
1953 2161 2137 2209 τούτων
2167 2180 2282 2223 προ-

1320 2232 1632 2289 θυμουμένων
1666 2236 1746 2278 καὶ
1776 2229 2161 2289 σπουδαζόντων,
2197 2230 2281 2281 ἐὰν

1323 2300 1477 2350 ἑκοντὶ
1494 2307 1696 2350 διδῶσιν·
1721 2298 1825 2350 οὐδὲ
1845 2301 1939 2362 γάρ
1957 2300 2155 2357 άκοντες
2175 2300 2281 2360 ὑμῖν

1317 2369 1583 2433 ὑπέσχοντο
1614 2374 1659 2418 II
1689 2377 1756 2428 91,
1790 2378 1829 2419 8.
1863 2400 1913 2406 -
1944 2378 2047 2419 sunt
2076 2375 2150 2431 qui
2180 2388 2279 2419 eum

1318 2445 1471 2490 volunt
1483 2458 1509 2489 a
1524 2445 1792 2502 proconsule
1807 2448 1958 2502 petere
1970 2437 2101 2499 ὅπως
2118 2444 2279 2509 πρᾴως

1317 2518 1398 2561 καὶ
1446 2513 1570 2575 πρὸς
1617 2511 1809 2572 δύναμιν
1858 2514 2114 2574 εἰσπράττῃ
2170 2532 2279 2568 τους

1316 2581 1663 2645 ὑπεσχημένους
1683 2587 1797 2644 (scil.
1819 2585 2032 2642 pecunias
2062 2585 2106 2629 in
2131 2586 2275 2641 operis

1316 2660 1540 2712 sumptum
1556 2657 1814 2712 promissas)
1829 2656 1873 2699 II
1890 2659 1957 2710 86,
1979 2659 1995 2698 1
2016 2658 2095 2708 (or.
2109 2655 2276 2699 XLVII

1316 2731 1341 2782 ξ
1362 2730 1442 2780 19).
1475 2753 1527 2759 -
1559 2739 1668 2780 „cur
1696 2739 1724 2770 a
1753 2738 1823 2770 me
1862 2738 1952 2770 non
1981 2727 2033 2768 ut
2061 2736 2089 2767 a
2118 2723 2273 2767 ceteris

1315 2797 1503 2852 exigitis,
1525 2809 1638 2853 quae
1656 2796 1880 2852 pollicitus
1901 2795 2029 2839 sum?
2052 2785 2126 2839 ὅτι
2147 2795 2273 2838 δοκῶ

1313 2866 1656 2925 παρεσχηκέναι
1695 2861 1802 2920 ὑμῖν
1831 2890 1884 2895 -
1925 2888 1978 2895 -·
2014 2858 2270 2922 χρημάτων

1312 2933 1415 2983 τινὰ
1458 2932 1680 2995 α’φορμὴν
1717 2932 1978 2993 παρασχὼν
2021 2927 2119 2978 άπὸ
2172 2935 2268 2977 τῶν

1308 3008 1624 3066 βουλευτικῶν
1643 3007 1722 3049 καὶ
1743 3002 1796 3062 νὴ
1815 3006 1904 3050 Δία
1922 2998 2018 3050 άπὸ
2036 3005 2131 3048 τῶν
2151 3018 2267 3061 προ-

1308 3072 1465 3121 σόδων
1494 3069 1755 3133 ηὐξημένων
1785 3070 1856 3121 διὰ
1895 3072 1977 3131 τὴν
2015 3074 2263 3131 διοίκησιν;

1306 3147 1351 3190 11
1380 3149 1449 3199 91,
1482 3150 1548 3190 10.
1579 3169 1633 3177 -
1664 3143 1926 3200 quibusdam
1962 3156 2009 3188 se
2037 3143 2138 3187 odio
2169 3156 2266 3188 esse

1305 3215 1559 3272 suspicatur
1589 3211 1654 3268 ὠς
1683 3214 1818 3269 ξένον
1853 3217 1932 3259 καὶ
1969 3206 2192 3272 περιττόν
2221 3213 2265 3256 II

1305 3290 1385 3341 46,
1428 3289 1493 3330 16.
1535 3310 1588 3319 -
1625 3281 1655 3343 ἢ
1702 3277 1774 3330 ὅτι
1826 3284 1983 3330 οἰκίαν
2026 3284 2265 3339 οἰκοδομῶ

1304 3358 1595 3409 πολυτελῶς;
1636 3349 1747 3402 ἄλλ’
1778 3347 1864 3400 οὐκ
1893 3352 1958 3400 ἐῶ
1987 3355 2196 3408 πίπτειν,·
2234 3350 2264 3410 ἢ

1303 3419 1378 3472 ότι
1399 3419 1652 3485 πορφύραν
1674 3419 1816 3478 αὐτὸς
1845 3419 2099 3483 ἠμφίεσμαι
2109 3447 2124 3480 ,·
2153 3418 2261 3469 ἄλλ’

1303 3492 1358 3543 οὐ
1380 3500 1563 3555 φαῦλον
1582 3493 1863 3555 τριβώνιονς
1894 3489 2002 3540 ἀλλ’
2025 3487 2097 3540 ὅτι
2124 3496 2260 3549 κομῶ

1297 3569 1377 3613 καὶ
1396 3566 1552 3626 γένεια
1574 3563 1691 3625 ἕχως
1717 3565 1762 3609 II
1783 3569 1851 3617 87,
1875 3569 1940 3609 17.
1971 3589 2026 3596 -
2046 3568 2257 3620 tyrannus

1299 3637 1459 3681 dicitur
1488 3637 1544 3680 ab
1574 3636 1838 3681 adversariis
1868 3635 1913 3678 II
1934 3637 2002 3690 87,
2025 3638 2062 3678 8.
2085 3658 2136 3664 -
2157 3644 2255 3676 ora-

1297 3708 1463 3753 tionem
1515 3721 1605 3751 non
1660 3712 1879 3751 servatam
1925 3706 2252 3749 commemorat:

1867 3778 1921 3818 24
