2684 4140
1040 241 1268 287 ORATIO
1298 241 1440 286 LVII,
2179 236 2282 284 127

191 384 619 454 βουλεύσασθαι
668 388 801 457 περὶ
846 385 1085 457 μηδενὸς
1133 384 1327 452 ἔμελλε
1382 389 1726 455 προτρέπειν
1771 387 1867 435 τὸν
1900 378 2284 452 Ἀγαμέμνονα

192 473 286 522 καὶ
321 473 417 523 τὸν
449 465 704 537 Ἀχιλλέα
745 472 1068 523 πείθεσθαι
1093 475 1215 533 τοῖς
1242 469 1446 538 λόγοις,
1486 472 1583 521 οὐκ
1620 471 1686 521 ἂν
1725 472 1938 540 ὤκνησε
1978 467 2285 539 λοιδορεῖν·

196 557 373 617 οὕτως
400 557 450 607 εἰ
475 558 571 607 τὸν
598 557 834 607 ἔπαινον
862 548 1002 623 ᾤετο
1030 557 1419 626 παρορμήσειν
1439 558 1586 625 πρὸς
1605 561 1786 619 τοῦτο,
1814 557 2044 616 εἰκότως
2070 552 2284 624 ἐπῄνει.

194 641 226 708 ἢ
269 641 364 689 οὐκ
402 641 640 708 ἀνοήτου
679 641 993 708 ἀνθρώπου
1033 642 1184 691 ἐστὶν
1235 641 1608 705 αἰσχύνεσθαι
1660 641 1827 691 αὑτὸν
1867 642 2123 691 ἐπαινεῖν
2159 636 2290 706 μέλ-

141 735 166 777 5
203 721 370 775 λοντα
407 719 538 789 <τά>
571 727 809 790 μέγιστα
849 725 1102 793 ὀνήσειν,·
1151 726 1342 794 ὥσπερ
1396 724 1558 791 οἶμαι
1601 726 1695 776 καὶ
1730 725 2055 776 τούναντίον
2095 725 2291 790 σεμνύ-

198 808 405 860 νεσθαι
440 809 535 858 καὶ
572 804 749 875 λέγειν
787 808 930 874 ὑπὲρ
970 809 1144 858 αὑτοῦ
1179 806 1479 872 πολλάκις,
1531 811 1581 860 εἰ
1615 807 1869 871 κίνδυνός
1906 827 1994 871 τις
2037 810 2069 879 ἢ
2108 806 2288 878 βλάβη

198 894 455 963 προσείη.
548 893 814 962 καθάπερ
876 892 971 943 οὖν
1020 894 1153 943 ὅταν
1202 894 1396 962 ἰατρὸς
1443 892 1782 960 βουλόμενος
1839 898 2026 959 τεμεῖν
2075 910 2200 944 τινα
2250 894 2283 963 ἢ
2326 897 2358 946 5

198 984 404 1028 καῦσαι
433 981 745 1047 παρασχεῖν
776 978 945 1028 αὑτὸν
981 978 1013 1047 ἢ
1043 981 1198 1028 πιεῖν
1238 980 1536 1047 φάρμακον
1564 976 1750 1047 ἀηδές,
1793 975 1977 1028 δειλὸν
2004 975 2170 1039 εἰδὼς
2195 979 2292 1028 τὸν

9 1075 176 1117 ιεεΒΠ)
201 1064 514 1133 ἄνθρωπον
549 1065 643 1114 καὶ
679 1064 932 1133 ἀνόητον,
973 1065 1178 1131 ἑτέρων
1213 1065 1530 1131 μνημονεύῃ
1570 1068 1681 1113 τῶν
1718 1055 1823 1132 ὑφ’
1868 1064 2041 1112 αὑτοῦ
2078 1062 2294 1112 σωθέν-

123 1158 170 1199 10
205 1165 316 1198 των
366 1145 458 1198 διά
508 1149 571 1198 τὸ
622 1147 970 1208 πεισθέντας
1015 1148 1322 1212 ὑπομεῖναι
1358 1148 1457 1217 τὴν
1494 1147 1844 1216 θεραπείαν,
1897 1144 2081 1207 οὐδείς
2120 1160 2295 1216 φησιν

0 1258 1 1298 ἢ
204 1228 649 1295 ἀλαζονεύεσθαι
685 1234 781 1283 τὸν
818 1238 992 1283 ταῦτα
1044 1229 1299 1300 λέγοντα·
1352 1229 1513 1283 δοκεῖ
1550 1248 1652 1298 μοι
1701 1229 1933 1292 δικαίως
1971 1232 2038 1281 ἂν
2086 1228 2226 1299 μηδὲ
2267 1231 2299 1280 ὁ

0 1318 2 1382 ἰ
203 1320 439 1387 Νέστωρ
478 1318 665 1368 αἰτίαν
703 1318 846 1383 ἔχειν
885 1313 1229 1380 ἀλαζονείας.
1294 1318 1352 1367 ἒν
1377 1319 1479 1383 μὲν
1520 1314 1583 1387 δή
1623 1323 1787 1367 τοῦτο
1818 1317 2058 1386 ὑπῆρχεν
2088 1313 2295 1385 ὄφελος
2335 1317 2367 1366 6

204 1404 264 1452 ἐκ
300 1407 410 1453 τῶν
450 1399 653 1470 λόγων·
702 1405 889 1473 ἕτερον
930 1400 1017 1453 δέ·
1068 1397 1196 1471 [καὶ]
1235 1404 1331 1453 τὸν
1364 1395 1748 1470 Ἀγαμέμνονα
1786 1403 1879 1452 καὶ
1915 1403 2012 1453 τὸν
2042 1393 2299 1466 Ἀχιλλέα

204 1488 485 1556 ἠπίστατο
526 1476 622 1538 οὐκ
658 1484 843 1550 ἄλλως
881 1489 1308 1556 ἁμαρτάνοντας
1343 1488 1376 1557 ἢ
1406 1480 1485 1538 δι’
1516 1488 1705 1558 ὕβριν·
1744 1483 1988 1556 ὑβρίζειν
2016 1484 2075 1538 δὲ
2113 1489 2300 1554 ἠγεῖτο

127 1582 173 1623 15
209 1573 339 1633 τοὺς
376 1572 722 1642 ἀνθρώπους
759 1575 886 1625 τότε
923 1571 1171 1639 μάλιστα
1212 1571 1435 1639 σχεδόν,
1476 1571 1712 1625 ἐπειδὰν
1748 1578 2154 1643 καταφρονῶσι
2191 1577 2301 1622 τῶν

205 1655 388 1709 ἄλλων
425 1659 519 1709 καὶ
565 1654 837 1724 νομίζωσι
884 1657 1031 1710 πολὺ
1065 1660 1289 1729 χείρους
1327 1660 1538 1722 αὐτῶν,
1589 1660 1959 1727 ἐπαιρόμενοι
1998 1654 2092 1708 διὰ
2134 1653 2302 1719 δόξαν

36 1755 113 1797 (571
132 1753 186 1796 Μ)
208 1743 240 1813 ἢ
282 1740 532 1809 δύναμιν,
571 1736 644 1813 [ῃ]
680 1745 775 1795 καὶ
810 1745 907 1795 τὸν
927 1737 1184 1809 Ἀχιλλέα
1222 1745 1316 1795 καὶ
1352 1745 1448 1794 τὸν
1469 1736 1856 1811 Ἀγαμέμνονα
1884 1743 2180 1808 ἐγίγνωσκε
2209 1738 2302 1791 διὰ

2 1819 7 1900 ³3
210 1834 374 1878 τοῦτο
412 1830 823 1897 ἐπαιρομένους
858 1830 952 1880 καὶ
1003 1824 1410 1891 στασιάζοντας
1459 1829 1573 1878 ὑπὸ
1611 1824 1987 1894 μεγαλαυχίας
2025 1828 2302 1895 ἑκάτερον.

213 1913 243 1962 ὁ
279 1913 379 1978 μὲν
416 1913 519 1982 γὰρ
560 1906 718 1980 ᾤετο,
756 1910 996 1982 Πηλέως
1019 1915 1114 1964 καὶ
1142 1910 1381 1974 Θέτιδος
1405 1914 1529 1973 υίὸς
1556 1914 1632 1963 ὢν
1669 1913 1763 1962 καὶ
1789 1917 1900 1962 τῶν
1927 1914 2053 1962 τότε
2080 1912 2306 1978 ἀνθρώ-

41 2033 45 2036 -
135 2005 183 2047 20
219 2013 344 2047 πων
390 1994 677 2068 διαφέρων
720 2000 778 2049 ἐν
822 1996 904 2065 τῷ
943 1999 1251 2063 μάχεσθαι,
1290 1999 1595 2067 προσήκειν
1635 1995 1784 2063 αὐτῷ
1827 1994 2067 2066 μηδενὸς
2110 1993 2309 2057 ἁπλῶς

214 2083 517 2133 ὑπακούειν
541 2081 682 2153 μηδὲ
709 2085 997 2152 κρείττονα
1024 2079 1270 2148 νομίζειν
1297 2083 1470 2133 αὑτοῦ
1486 2079 1697 2151 μηδένα
1717 2092 1728 2103 ·
1756 2079 1835 2147 τῴ
1860 2079 1919 2131 δὲ
1936 2074 2309 2149 Ἀγαμέμνονι

6 2147 11 2210 ί
216 2173 313 2236 τῆς
361 2167 573 2234 ὕβρεως
624 2166 807 2218 αἴτιον
856 2169 1099 2239 ὑπῆρχεν
1145 2171 1177 2236 ή
1230 2165 1464 2234 δύναμις
1510 2171 1542 2237 ἡ
1605 2173 1703 2237 τῆς
1760 2164 2058 2233 βασιλείας
2104 2169 2198 2218 καὶ
2245 2169 2307 2217 τὸ

8 2271 12 2309 f
215 2253 386 2316 μόνον
424 2252 612 2320 ἄρχειν
649 2258 760 2303 τῶν
791 2245 1058 2323 Ἑλλήνων
1098 2254 1342 2304 πάντων.
1406 2254 1519 2303 ὑπὸ
1561 2249 1624 2322 δὴ
1665 2254 1879 2303 τούτων
1919 2254 2063 2322 ὁρῶν
2103 2245 2305 2313 αὐτοὺς
2346 2251 2375 2301 7

8 2316 13 2344 ⁸
220 2333 676 2406 διεφθαρμένους
721 2338 815 2388 καὶ
859 2339 933 2408 μή
987 2335 1326 2404 δυναμένους
1377 2339 1636 2403 ὁμονοεῖν
1685 2334 1975 2407 ἀλλήλοις,
2030 2335 2172 2388 ἀλλὰ
2211 2337 2313 2397 τὰς

141 2431 188 2472 25
224 2421 409 2488 ψυχὰς
448 2420 756 2487 οἰδοῦντας,
795 2424 871 2485 ὡς
907 2424 1139 2492 ὕστερόν
1179 2437 1354 2494 φησιν
1393 2425 1423 2473 ὁ
1453 2416 1752 2488 Ἀχιλλεύς,

438 2505 578 2557 ἀλλά
615 2525 716 2574 μοι
754 2506 1041 2560 οἰδάνεται
1076 2506 1274 2579 κραδίη
1314 2502 1527 2578 [χόλῳ]·

373 2773 398 2814 2
428 2772 659 2818 πίθεσθαι
687 2772 735 2816 Μ
765 2773 826 2826 (in
857 2772 892 2816 P
924 2777 1062 2819 οσθαι
1090 2785 1120 2817 a.
1148 2775 1282 2827 corr.)
1397 2777 1422 2816 3
1453 2771 1794 2834 παρωρμὴσειν
1822 2773 1871 2817 Μ
1965 2777 1991 2816 4
2023 2765 2172 2817 αὑτὸν
2200 2768 2319 2824 libri,

233 2853 347 2886 corr.
378 2841 512 2899 Emp.
628 2846 653 2886 5
685 2839 744 2890 τὰ
776 2843 879 2888 add.
910 2843 1080 2889 Reiske
1186 2847 1212 2888 6
1243 2838 1392 2890 αὑτοῦ
1420 2844 1583 2901 partim
1612 2843 1716 2888 libri
1831 2847 1854 2886 7
1887 2841 2072 2899 τέμνειν
2099 2840 2184 2893 (vel
2213 2855 2320 2895 τεμ-

232 2915 347 2966 νεῖν)
376 2910 508 2958 UBM
680 2918 704 2960 8
737 2908 886 2962 αὐτὸν
916 2914 964 2959 Μ
994 2928 1052 2958 ιιι.
1080 2929 1151 2973 pr.
1183 2918 1227 2967 (ν
1257 2927 1374 2959 eras.
1406 2927 1434 2959 a
1463 2918 1594 2969 corr.)
1634 2909 1764 2960 αὐτῶ
1791 2913 1873 2957 ΡΗ
1883 2927 1896 2969 3
1934 2911 2008 2956 hic
2049 2924 2134 2956 om.
2166 2905 2209 2967 ἢ,
2240 2909 2321 2954 sed

233 2985 338 3039 post
368 2979 500 3030 αὐτῶ
526 2996 706 3039 rasura3
738 2989 783 3028 et
812 2987 918 3029 ante
947 2993 1216 3044 παρασχεῖν
1244 2997 1272 3030 a
1303 2998 1418 3030 corr.
1451 2997 1676 3040 superscr.
1707 2980 1738 3042 ἢ
1823 2983 1974 3036 ἀειδές
2001 2982 2051 3026 Μ
2153 2984 2179 3025 9
2208 2997 2320 3039 μνη-

235 3050 426 3110 μονεύει
455 3053 573 3109 libri,
604 3057 787 3112 praeter
816 3055 878 3110 M,
911 3068 1028 3101 corr.
1059 3056 1102 3101 U
1263 3059 1314 3099 10
1346 3055 1604 3101 πεισθέντα
1636 3051 1696 3101 ἄν
1724 3054 1820 3110 PH,
1849 3065 1878 3097 a
1907 3065 2025 3098 corr.
2057 3052 2099 3098 U
2240 3053 2322 3098 καὶ

239 3118 389 3177 οὐδεὶς
417 3123 498 3167 ΡΗ
616 3128 662 3169 11
695 3125 899 3184 λέγοντα
929 3138 959 3170 a.
983 3138 1100 3170 corr.
1133 3138 1358 3183 superscr.
1388 3125 1425 3169 P
1565 3140 1649 3182 μοι
1681 3119 1736 3171 οὐ
1766 3124 1958 3177 δικαίως
1987 3118 2048 3170 ἄν
2079 3121 2106 3168 ὁ
2139 3121 2323 3180 νέστωρ

235 3191 468 3253 (ὀνέστωρ
496 3194 549 3248 Ρ)
577 3194 659 3238 PH
833 3199 882 3240 12
913 3192 995 3254 ἔχη
1023 3195 1059 3239 P
1088 3209 1149 3241 m.
1177 3209 1246 3252 pr.
1389 3194 1442 3241 ἐν
1470 3194 1559 3252 μὲν
1587 3192 1639 3254 δὴ
1670 3210 1758 3241 του
1785 3190 1995 3254 ὑπῆρχεν
2020 3194 2102 3247 {sic
2114 3193 2144 3247 1)
2173 3192 2208 3236 P

241 3268 292 3309 13
322 3267 403 3311 καὶ
431 3278 517 3309 οιιι.
549 3265 696 3319 UBM,
725 3270 850 3311 recte
879 3269 928 3312 ni
954 3265 1090 3311 fallor
1208 3271 1260 3311 14
1291 3260 1353 3312 δι’
1383 3279 1473 3312 οιιι.
1504 3267 1539 3310 P
1567 3279 1628 3312 m.
1660 3278 1728 3323 pr
1833 3269 1883 3311 15
1913 3260 2027 3318 τοὺς
2055 3277 2141 3310 οιιι.
2174 3263 2267 3309 UM

241 3340 294 3380 16
324 3336 634 3392 νομίζουσιΡ
778 3331 937 3383 αὐτῶν
965 3337 1001 3380 Ρ
1031 3351 1090 3382 ιιι.
1121 3348 1190 3394 pr.
1354 3333 1668 3422 ἐπαιρόμενοι
1697 3360 1753 3368 --
1787 3339 1838 3381 18
1869 3339 2013 3383 τοῦτο
2044 3347 2130 3382 om.
2160 3334 2210 3378 M

243 3410 293 3450 17
324 3407 354 3465 ᾗ
384 3407 561 3462 seclusi,
592 3411 776 3463 propter
806 3403 882 3454 διὰ
913 3410 1083 3464 τοῦτο,-
1110 3403 1141 3466 ἢ
1167 3410 1248 3455 καὶ
1277 3406 1368 3454 τὸν
1397 3403 1494 3451 M‘
1474 3427 1501 3466 η
1533 3403 1621 3455 τὸν
1650 3403 1741 3454 U
1720 3402 1749 3466 η’
1779 3404 1870 3454 τὸν
1898 3408 1936 3452 Β
1964 3398 1993 3466 ἦ
2023 3410 2104 3453 καὶ
2133 3402 2222 3452 τὸν
2243 3405 2324 3449 ΗΡ

240 3473 285 3536 (ἢ
312 3490 370 3523 ιιι.
401 3481 489 3534 pr.)
603 3476 693 3524 τὸν
723 3491 809 3523 οιιι.
841 3478 878 3521 Β
992 3476 1224 3537 ἐγίνωσκε
1252 3477 1378 3523 UBH
1526 3483 1577 3523 19
1607 3471 1694 3526 ἅτε
1724 3478 1917 3538 Πηλέως
1945 3478 2026 3523 ΡΗ
2141 3474 2211 3522 (όν
2239 3488 2326 3522 om.

239 3548 373 3595 UBM
488 3551 542 3593 20
574 3543 704 3612 αὑτῷ
733 3549 907 3606 scripsi,
938 3544 1070 3610 αὐτῷ
1095 3549 1203 3595 libri
1318 3553 1367 3593 21
1404 3543 1552 3596 αὑτοῦ
1581 3549 1711 3594 ΜΗΡ
1742 3564 1798 3596 ιιι.
1827 3563 1896 3607 pr.
2011 3551 2067 3593 22
2098 3544 2154 3594 τὸ
2188 3558 2328 3604 supra

240 3618 318 3663 lin.
350 3619 496 3676 suppl.
524 3619 571 3663 in
600 3619 643 3663 H
815 3623 868 3663 23
900 3615 1129 3667 ἁπάντων
1158 3618 1208 3663 Μ
1390 3624 1442 3664 25
1475 3619 1724 3674 αἰδοῦντας
1753 3619 1789 3663 P
1957 3615 1983 3666 ὃ
2015 3633 2102 3665 om.
2134 3619 2215 3664 PH

245 3692 299 3733 26
330 3689 586 3736 οἰδαίνεται
616 3689 707 3736 UM
740 3690 969 3738 οἰδένεται
999 3691 1038 3734 Β
1068 3689 1127 3736 cf.
1159 3690 1289 3735 Hom.
1320 3689 1369 3734 11.
1401 3690 1468 3734 IX
1501 3695 1582 3736 646
1724 3686 1857 3754 χόλῳ
1887 3704 1974 3737 om.
2004 3689 2137 3736 BMU
2166 3703 2226 3736 m.
2256 3701 2326 3747 pr.
