2684 4140
995 333 1360 380 PRAEFATIO.
2113 331 2224 375 XlII

132 496 294 547 quam
333 479 637 535 Patmiacus
674 480 911 548 praebet.
975 481 1026 540 3)
1063 495 1114 547 p.
1145 481 1227 546 57,
1263 480 1322 530 10
1361 485 1463 529 τοῦ
1486 495 1544 528 τε
1570 475 1878 545 κερδαίνειν
1912 476 2081 528 Patm.
2114 474 2226 541 UB,

131 571 237 614 τοῦ
269 563 577 634 κερδαίνειν
617 564 723 617 VP.
788 564 865 618 Of.
905 564 976 617 ad
1018 568 1062 616 1.
1126 564 1176 623 4)
1214 579 1267 631 p.
1296 565 1471 630 57,11
1515 564 1647 631 περὶ
1686 561 1744 613 δὲ
1786 568 1889 612 τοῦ
1923 562 2229 628 Διογένους

136 647 304 700 Patm.
345 643 466 714 UB,
517 652 650 717 περὶ
686 651 991 716 Διογένους
1041 647 1098 699 δὲ
1138 647 1181 700 Ρ
1219 650 1353 717 ’περὶ
1398 654 1501 698 τοῦ
1534 649 1841 715 Διογένους
1894 644 1951 697 δὲ
1991 644 2052 698 V.
2127 644 2232 698 Hic

131 731 281 784 solus
318 730 362 784 P
399 747 581 785 veram
618 732 901 786 lectionem
941 732 1179 786 servavit
1215 733 1396 795 (etiam
1431 747 1484 799 p.
1511 733 1596 798 56,
1628 734 1687 783 11
1741 730 1995 784 articulus
2035 729 2227 783 omitti-

135 815 263 882 tur);
303 814 427 869 inde
464 815 650 870 addito
689 817 914 871 articulo
952 822 1068 871 orta
1105 822 1187 871 est
1222 817 1383 871 lectio
1410 816 1471 869 V.
1512 814 1709 870 deinde
1746 820 1967 883 propter
2003 830 2229 883 pravam

134 899 419 953 verborum
471 901 878 956 collocationem
926 902 1085 956 lectio
1125 901 1237 956 UB.
1327 903 1379 962 5)
1414 917 1466 968 p.
1495 901 1580 968 58,
1609 901 1639 952 8
1692 901 1816 951 οὔτε
1873 899 2024 962 οἶκος
2063 899 2230 952 Patm.

136 983 258 1048 UB,
311 984 437 1036 οὐδὲ
491 986 643 1049 οἶκος
681 985 771 1039 VP
809 991 968 1041 recte.
1045 987 1094 1051 6)
1131 1004 1185 1055 p.
1227 989 1310 1053 55,
1347 987 1411 1037 16
1452 984 1667 1056 ὁδωτὴν
1716 985 1885 1037 Patm.
1926 984 2037 1050 UB,
2079 983 2232 1035 ὁδευ-

134 1075 236 1142 τὴν
276 1070 382 1123 VP.
458 1071 765 1126 Lectionem
806 1071 898 1124 VP
935 1088 970 1124 a
1003 1071 1268 1125 sententia
1303 1068 1535 1136 flagitari
1584 1074 1750 1138 patet.
1836 1069 1974 1121 Nam
2020 1067 2232 1119 ὁδεύειν

68 1152 73 1154 ’
134 1160 218 1209 est
255 1155 435 1222 „viam
473 1153 732 1223 munire“,
772 1155 936 1206 ὁδοῦν
975 1155 1063 1222 „in
1102 1155 1248 1207 viam
1285 1150 1547 1206 mittere“.
1641 1151 1696 1218 7)
1734 1169 1788 1220 p.
1818 1153 1901 1220 53,
1931 1155 1960 1201 2
2001 1155 2132 1214 τοὺς
2172 1151 2229 1203 δὲ

132 1243 496 1310 ἡγεμονικοὺς
544 1243 607 1291 τὸ
655 1238 1104 1306 μεταλαμβάνειν
1142 1238 1277 1300 (scil.
1332 1240 1703 1307 προσάγεται)
1754 1237 1925 1289 Patm.
1988 1240 2119 1298 τούς
2173 1235 2230 1287 δὲ

133 1327 494 1395 ἡγεμονικοὺς
531 1327 594 1374 τὸ
634 1322 817 1374 ἄλλων
853 1321 1302 1390 μεταλαμβάνειν
1341 1321 1436 1375 UB
1476 1324 1607 1383 τοὺς
1659 1320 1717 1372 δὲ
1768 1323 2130 1392 ἡγεμονικοὺς
2168 1324 2230 1370 τὸ

137 1411 307 1480 ἀρχῆς
354 1406 800 1475 μεταλαμβάνειν
851 1408 957 1461 VP.
1058 1407 1166 1461 Vix
1211 1411 1389 1475 potest
1447 1406 1706 1473 dubitari,
1759 1407 1887 1474 quin
1932 1405 2092 1459 lectio
2144 1404 2232 1457 VP

136 1494 369 1561 genuina
404 1492 487 1546 sit.
562 1493 624 1545 In
662 1493 936 1546 Patmiaco
975 1495 1144 1564 ἀρχῆς
1192 1491 1424 1558 excidit,
1476 1490 1660 1543 ἄλλων
1711 1489 1894 1559 inepte
1945 1490 2232 1558 interpola-

136 1582 325 1631 verunt
363 1577 473 1631 UB.
559 1577 609 1639 8)
647 1593 699 1645 p.
727 1580 811 1645 64,
843 1581 906 1630 10
956 1576 1293 1639 Μακεδόνας
1337 1595 1398 1628 τε
1445 1579 1539 1628 καὶ
1586 1579 1717 1638 τοὺς
1753 1570 2020 1646 (Έλληνας
2060 1575 2232 1627 Patm.

141 1662 253 1730 UB,
293 1659 631 1725 Μακεδόνας
669 1681 730 1715 τε
765 1666 859 1714 καὶ
895 1666 1026 1725 τοὺς
1064 1661 1267 1724 ἄλλους
1293 1657 1560 1733 ίΈλληνας
1599 1661 1706 1714 VP.
1792 1661 2102 1714 Lectionem
2144 1659 2233 1711 VP

136 1764 318 1801 veram
357 1764 475 1802 esse
513 1748 670 1802 docet
706 1748 960 1802 articulus
999 1753 1053 1802 et
1104 1764 1241 1816 quae
1279 1747 1605 1801 antecedunt
1645 1749 1676 1798 ὁ
1724 1749 1826 1813 μὲν
1863 1748 2094 1815 Πέρσας
2140 1746 2234 1794 καὶ

135 1835 267 1894 τοὺς
294 1831 496 1895 ἄλλους
522 1835 652 1895 τοὺς
676 1835 816 1884 κατὰ
843 1827 1166 1904 τὴνἈσίαν.
1215 1833 1300 1885 Ex
1320 1831 1403 1886 his
1425 1838 1543 1886 octo
1563 1832 1696 1886 locis
1717 1830 1932 1885 videtur
1951 1844 2231 1898 apparere,

139 1917 472 1971 Patmiacum
509 1918 578 1971 ab
618 1917 713 1972 ΠΒ
752 1918 970 1986 propius
1009 1933 1170 1985 quam
1206 1934 1240 1970 a
1278 1917 1325 1970 V
1362 1917 1570 1971 abesse.

281 2002 377 2055 His
426 2002 494 2055 ab
545 2002 715 2056 altera
762 2008 913 2070 parte
959 2008 1067 2056 tres
1117 2008 1457 2071 opponuntur
1505 2002 1638 2069 loci,
1690 2001 1882 2069 quibus
1929 1997 2232 2052 Patmiacus

141 2103 259 2140 cum
299 2086 345 2139 V
383 2087 496 2140 solo
535 2087 590 2139 in
642 2087 787 2141 vitiis
836 2088 1122 2155 conspirat.
1208 2087 1345 2139 Nam
1400 2085 1858 2158 φιλοτιμώτατος
1906 2101 1958 2152 p.
1988 2087 2122 2152 57,1
2166 2098 2234 2151 ex

141 2171 208 2224 iis
247 2176 343 2238 est,
384 2187 521 2238 quae
548 2169 684 2223 nihil
710 2172 953 2239 probant.
1016 2171 1178 2224 Tales
1204 2175 1382 2224 autem
1419 2171 1583 2238 locos,
1624 2171 1811 2239 quales
1839 2173 1960 2223 sunt
1985 2185 2036 2236 p.
2061 2170 2144 2232 51,
2167 2169 2234 2218 24

138 2255 248 2319 (ubi
285 2271 352 2308 ne
390 2254 485 2310 UB
525 2254 741 2323 quidem
779 2258 855 2318 ὡς
891 2256 947 2308 in
984 2255 1278 2324 archetypo
1317 2256 1539 2322 invenit,
1578 2259 1672 2307 καὶ
1710 2255 1828 2322 ipse
1866 2253 2231 2321 interpolavit)

139 2340 228 2393 vel
264 2356 316 2407 p.
357 2342 441 2407 52,
471 2342 501 2392 3
543 2340 654 2406 (ubi
703 2341 821 2408 ipse
870 2340 966 2395 UB
1017 2339 1292 2405 εὐδοξεῖν,
1346 2339 1490 2409 quod
1540 2341 1595 2392 in
1642 2339 1937 2408 archetypo
1987 2342 2129 2406 erat,
2179 2338 2232 2389 in

140 2423 394 2495 εὐδοξοίη
436 2425 677 2490 mutavit)
715 2431 940 2494 apparet
977 2425 1081 2480 huc
1118 2442 1224 2479 non
1260 2426 1546 2494 pertinere.
1607 2425 1865 2479 Eiusdem
1902 2423 2113 2490 generis
2154 2429 2234 2476 est

138 2527 190 2578 p.
218 2512 302 2576 55,
334 2512 414 2577 12,
453 2511 544 2563 ubi
584 2513 614 2561 ὁ
650 2511 719 2564 ab
746 2510 841 2565 UB
880 2509 1124 2564 additum
1168 2526 1287 2565 esse
1324 2510 1561 2564 ostendit
1601 2509 1764 2563 lectio
1810 2508 1874 2560 P:
1917 2511 2011 2559 καὶ
2050 2510 2231 2578 ἀρχῶν

138 2598 194 2647 et
229 2611 281 2662 p.
313 2595 396 2663 58,
427 2596 474 2663 8,
514 2595 605 2648 ubi
645 2596 806 2648 etiam
847 2596 938 2651 UB
977 2597 1031 2648 in
1068 2595 1363 2664 archetypo
1401 2595 1674 2649 invenisse
1708 2593 1834 2645 οὐδὲ
1875 2595 2037 2644 ἔσται
2073 2589 2243 2645 ’ἰιᾶεω

137 2679 268 2732 facit
304 2679 645 2747 interpolatio
685 2680 916 2734 Palatini
956 2680 1154 2749 οὐδείς,
1190 2682 1260 2734 ab
1300 2681 1490 2734 eadem
1530 2680 1833 2748 corruptela
1870 2677 2125 2747 profecta.
2166 2707 2232 2713 -—

137 2765 271 2818 Tres
309 2765 470 2832 igitur
507 2770 708 2819 restant
744 2766 864 2834 loci,
903 2766 995 2818 ubi
1024 2766 1165 2821 UBP
1191 2782 1375 2819 veram
1400 2766 1683 2820 lectionem
1712 2764 1986 2834 praebent,
2027 2768 2234 2816 errante

138 2849 412 2903 Patmiaco
452 2866 571 2903 cum
610 2850 671 2904 V.
752 2851 798 2916 1)
836 2867 888 2919 p.
930 2853 1013 2918 56,
1045 2855 1108 2904 19
1148 2850 1370 2922 τάληθῆ
1409 2853 1503 2902 καὶ
1539 2855 1804 2921 ἡγοῦνται
1839 2848 2009 2900 Patm.
2040 2847 2101 2911 V,
2140 2849 2234 2897 τά-

140 2933 287 3006 ληθῆ
330 2934 652 3006 διηγοῦνται
679 2935 836 2990 UBP.
911 2937 962 2999 2)
1000 2954 1052 3005 p.
1081 2938 1165 3002 63,
1195 2939 1227 2987 4
1266 2930 1358 3005 ἆρ’
1394 2937 1488 2987 οὖν
1527 2938 1669 3003 ὑπὲρ
1711 2931 1894 2983 ἄλλων
1935 2933 2100 2982 αὐτὸν
2147 2935 2234 2982 ὅτι

139 3018 354 3086 ὁμιλεῖν
392 3021 469 3088 ‘cqc'
508 3022 612 3072 Διῒ
649 3016 994 3090 πραγμάτων
1043 3022 1213 3073 Patm.
1253 3020 1298 3072 V
1342 3014 1435 3089 ἆρ’
1491 3021 1585 3070 οὖν
1637 3021 1778 3087 ὑπὲρ
1833 3014 2017 3066 ἄλλων
2068 3017 2234 3066 αὐτὸν

141 3103 251 3154 οἴει
289 3102 501 3169 ὁμιλεῖν
550 3104 628 3172 τῷ
667 3106 772 3155 Διῒ
821 3097 1169 3173 πραγμάτων
1208 3103 1366 3158 UBP.
1464 3102 1704 3169 Utroque
1756 3102 1898 3166 1000,
1951 3101 2007 3152 ni
2057 3100 2232 3167 fallor,

140 3187 499 3239 intolerabilia
535 3188 733 3240 tradita
772 3194 921 3241 erant
969 3203 1234 3255 sensuque
1274 3187 1537 3253 carentia,
1589 3202 1718 3239 vera
1766 3186 1915 3238 facili
1955 3202 2120 3253 opera
2157 3187 2233 3238 in-

140 3272 311 3324 veniri
348 3277 609 3338 poterant.
681 3273 857 3339 Atque
895 3272 1106 3325 facilius
1146 3271 1292 3325 credi
1331 3275 1507 3339 potest
1533 3271 1628 3326 UB
1657 3269 1877 3324 easdem
1904 3272 2232 3339 corruptelas

143 3355 197 3408 in
234 3354 527 3424 archetypo
565 3371 661 3409 suo
687 3356 974 3424 invenisse,
1014 3356 1110 3410 sed
1135 3357 1280 3410 felici
1308 3357 1613 3410 coniectura
1639 3372 1874 3423 sanasse,
1915 3372 2075 3424 quam
2101 3357 2232 3410 locis

140 3456 302 3506 supra
337 3441 512 3494 allatis
541 3441 636 3493 sub
666 3442 716 3507 6,
745 3443 791 3507 7,
820 3442 849 3492 8
877 3439 924 3493 V
949 3441 1253 3494 coniectura
1280 3457 1435 3494 veras
1461 3442 1719 3495 lectiones
1746 3441 2033 3494 invenisse.
2094 3441 2229 3494 Nam

140 3524 235 3578 UB
285 3530 491 3579 constat
539 3542 700 3593 saepe
752 3527 1045 3579 sententiae
1094 3543 1256 3580 causa
1304 3527 1471 3579 verba
1508 3532 1739 3592 mutare,
1786 3526 1833 3578 V
1872 3542 2078 3579 summa
2116 3542 2234 3579 cum

140 3608 246 3663 fide
293 3610 642 3679 archetypum
689 3609 930 3664 reddere.
1012 3610 1164 3664 Idem
1211 3611 1355 3665 cadit
1403 3612 1458 3664 in
1507 3613 1681 3666 locum
1735 3611 1783 3671 3)
1821 3626 1872 3679 p.
1903 3613 1987 3678 50,
2018 3613 2103 3678 25,
2142 3611 2233 3663 ubi

144 3697 239 3745 οὐκ
276 3700 398 3749 ante
436 3695 750 3766 ἀφόρητος,
790 3713 824 3748 a
861 3696 903 3748 P
942 3701 1236 3765 servatum,
1290 3697 1566 3750 exciderat
1612 3697 1666 3749 in
1715 3695 2009 3763 archetypo
2060 3694 2233 3761 UBV3

140 3778 187 3831 V
224 3779 390 3834 verba
416 3797 572 3835 sensu
594 3781 831 3835 carentia
854 3780 1085 3835 fideliter
1111 3780 1411 3850 descripsit,
1450 3782 1755 3836 Patmiacus
1792 3776 1935 3847 μετά
1971 3795 2068 3847 pro
2110 3778 2232 3845 δίχα
