2684 4140
339 252 441 300 198
1005 241 1211 287 DIONIS
1242 240 1325 285 DE
1355 238 1650 284 DIFFIDEN
1657 239 1763 283 TIA

334 393 538 462 ἀγυιαί.
603 387 691 440 διὸ
729 387 868 456 μήτε
893 387 990 436 τὸν
1010 377 1344 435 Ἀπόλλωνα
1381 385 1521 453 μήτε
1559 385 1658 454 τὴν
1691 376 1942 453 Ἀθηνᾶν
1982 384 2295 453 σύμβουλον
2334 395 2434 459 τῆς

252 481 316 531 16
336 474 630 543 ἐπιορκίας
668 469 1064 536 λαμβάνουσιν.
1183 461 1334 532 ,ἀλλ’
1376 472 1408 539 ή
1452 469 1727 538 συνήθεια
1767 472 1890 531 τοῖς
1927 471 2266 539 ἀνθρώποις
2291 476 2432 540 μέγα

332 559 548 612 δίκαιον
584 561 687 606 τοῦ
719 555 907 624 μηθὲν
945 551 1158 605 ἀδικεῖν
1194 555 1290 605 καὶ
1328 551 1575 604 σπονδαὶ
1609 555 1704 605 καὶ
1741 551 2059 623 τράπεζαιζ
2124 558 2221 608 τὸν
2260 557 2432 627 Εὔρυ-

328 661 424 695 τον
463 644 786 692 ἀπέκτεινεν
826 641 858 689 ὁ
895 631 1037 708 παρ’
1082 637 1232 706 αὐτῷ
1272 636 1575 702 ξενισθείς,

586 722 865 790 σχέτλιος,
907 721 1034 775 οὐδὲ
1073 724 1229 775 θεῶν
1269 725 1402 775 ὄπιν
1439 715 1676 793 ᾐδέσατ’
1722 722 1848 776 οὐδὲ
1887 723 2198 795 τράπεζαν,
2463 737 2490 779 5

581 813 679 882 τὴν
717 811 783 878 ἥν
823 810 880 860 οἱ
917 810 1270 880 παρέθηκεν·
1309 810 1510 860 ἔπειτα
1551 807 1610 860 δὲ
1651 813 1834 880 πέφνε
1872 812 1966 862 καὶ
2005 812 2188 862 αὐτόν.

325 898 512 948 καίτοι
549 897 689 957 θεὸς
727 892 916 958 ἔδοξεν
957 892 1121 956 οὗτος
1156 891 1247 962 <ό>
1283 896 1382 966 τὴν
1421 900 1532 946 τῶν
1571 895 1726 946 θεῶν
1767 897 1902 947 ὄπιν
1931 897 2028 947 οὐκ
2055 894 2426 963 αἰδεσάμενος
2443 909 2641 953 (401311)

329 979 455 1032 οὐδὲ
494 982 592 1051 τήν
630 976 913 1050 τράπεζαν
949 981 1045 1031 καὶ

580 1069 852 1136 τέρπεται
889 1067 947 1117 ἐν
986 1063 1193 1134 θαλίῃ,
1231 1069 1479 1131 κατέχων
1515 1063 1900 1137 καλλίσφυρον
1924 1060 2122 1139 Ήβην.

325 1153 422 1203 τὸν
453 1145 774 1221 Ἀρχίλοχον
814 1149 974 1202 οὐδὲν
1013 1153 1235 1221 ὤνησαν
1275 1152 1332 1201 οἱ
1357 1148 1486 1213 ἅλες
1511 1153 1605 1203 καὶ
1640 1155 1672 1222 ή
1701 1149 1952 1220 τράπεζα
1979 1155 2126 1224 πρὸς
2153 1154 2252 1224 τήν
2293 1155 2426 1219 ὁμο·
2468 1162 2515 1205 10

248 1242 310 1291 17
335 1235 526 1305 λογίαν
564 1242 676 1288 τῶν
714 1239 924 1305 γάμων,
965 1238 1040 1298 ὥς
1081 1249 1256 1307 φησιν
1297 1237 1480 1298 αὐτός.
1557 1238 1588 1287 ὁ
1624 1239 1874 1289 Λυκάων
1917 1233 2035 1308 [ὢν]
2075 1239 2314 1308 ἀνόητος
2353 1240 2435 1300 εἰς

326 1325 424 1375 τὸν
457 1316 712 1388 Ἀχιλλέα
754 1321 1011 1392 δεύτερον
1050 1324 1332 1388 ἐμπεσών,
1375 1320 1501 1374 δέον
1542 1323 1710 1374 αὐτὸν
1735 1325 1767 1393 ἢ
1795 1325 2088 1390 μάχεσθαι
2115 1324 2437 1394 προθύμως

326 1409 358 1478 ἢ
402 1410 627 1479 φεύγειν
665 1410 879 1473 τάχιον,

473 1508 590 1577 πὰρ
629 1508 732 1576 γὰρ
776 1508 868 1558 σοὶ
905 1509 1132 1577 πρώτῳ,
1176 1508 1345 1578 φησί,
1386 1510 1658 1579 πασάμην
1695 1509 2028 1580 Δημήτερος
2067 1511 2251 1581 ἀκτήν.

335 1612 635 1675 τοιγαροῦν
675 1608 968 1675 πρότερον,
1010 1608 1185 1657 ὁπότε
1212 1605 1436 1658 οὐδέπω
1463 1606 1794 1679 μετειλήφει
1819 1616 1918 1680 τῆς
1943 1603 2085 1680 παρ’
2130 1608 2280 1677 αὐτῷ
2306 1628 2432 1680 τρο-
2474 1616 2520 1659 15

333 1699 458 1762 φῆς,
487 1692 569 1752 εἰς
594 1693 833 1760 Λῆμνον
861 1689 1303 1761 ἀπεμποληθεὶς
1330 1693 1527 1762 ἐσώθη
1549 1705 1560 1715 ·
1595 1695 1723 1744 τότε
1752 1691 1809 1744 δὲ
1840 1692 2087 1765 ληφθεὶς
2114 1696 2438 1765 ἀπεσφάγη.

329 1782 600 1827 τοσοῦτον
640 1777 808 1827 αὐτὸν
848 1778 1061 1846 ὤνησεν
1099 1780 1131 1844 ἠ
1162 1778 1451 1847 Δημήτηρ.
1516 1778 1620 1839 τὰς
1657 1780 1860 1848 νήττας
1896 1781 1991 1830 καὶ
2026 1780 2128 1840 τὰς
2166 1777 2439 1848 πέρδικας

247 1863 310 1915 18
335 1862 397 1912 οὐ
437 1863 714 1931 πρότερον
751 1862 1087 1931 θηρεύομεν,
1129 1863 1264 1932 πρὶν
1303 1863 1370 1913 ἂν
1411 1864 1640 1933 φάγωσι
1679 1857 1819 1933 παρ’
1860 1869 2034 1935 ήμῶν.
2100 1866 2130 1914 ὁ
2170 1862 2229 1915 δὲ
2268 1863 2439 1933 Αἴγι-

332 1948 478 2009 σθος
515 1949 612 1998 τὸν
645 1938 1033 2014 Ἀγαμέμνονα

588 2044 926 2109 δειπνίσσας
965 2049 1041 2109 ὥς
1078 2049 1165 2110 τίς
1203 2066 1263 2099 τε
1299 2051 1597 2099 κατέκτανε
1635 2049 1770 2115 βοῦν
1808 2050 1908 2100 ἐπὶ
1947 2051 2145 2121 φάτνῃ.
2466 2058 2518 2101 20

328 2148 423 2197 καὶ
457 2148 570 2197 ὑπὸ
609 2149 711 2212 μὲν
749 2153 860 2198 τῶν
905 2150 1114 2217 Τρώων
1153 2146 1314 2199 οὐδὲν
1354 2149 1577 2199 ἔπαθεν
1625 2150 1683 2199 ἐν
1734 2146 1864 2199 δέκα
1915 2150 2124 2213 ἔτεσιν,
2178 2150 2264 2212 οἷς
2301 2153 2436 2201 ἐπο-

331 2229 489 2297 λέμει
525 2234 619 2283 καὶ
658 2230 1029 2284 οὐδεπώποτε
1070 2235 1263 2295 αὐτοῖς
1305 2237 1596 2295 συνέστιος
1632 2235 1878 2302 ἐγένετο·
1918 2235 2001 2296 εἰς
2028 2232 2087 2285 δὲ
2114 2236 2213 2305 τὴν
2255 2237 2435 2287 οἰκίαν

330 2315 519 2368 ἐλθὼν
560 2314 654 2368 διὰ
693 2320 967 2368 τοσούτου
1001 2322 1220 2388 χρόνου,
1260 2320 1450 2381 θύσας
1475 2322 1598 2381 τοῖς
1621 2319 1805 2383 θεοῖς,
1843 2321 1936 2371 καὶ
1973 2321 2072 2391 τήν
2109 2322 2282 2372 αὑτοῦ
2305 2324 2435 2390 τρά-

334 2398 508 2465 πεζαν
548 2404 969 2472 παραθέμενος,
1007 2405 1120 2455 ὑπὸ
1160 2411 1259 2474 τῆς
1298 2402 1450 2466 ἰδίας
1474 2406 1734 2472 γυναικὸς
1762 2406 1940 2466 οὕτως
1968 2406 2136 2472 ὠμῶς
2164 2407 2432 2476 ἀνῃρέθη.

251 2501 312 2552 19
332 2490 426 2539 καὶ
472 2489 613 2554 μετὰ
663 2495 838 2540 ταῦτα
886 2492 1036 2540 κάτω
1089 2491 1401 2559 περιτυχὼν
1439 2488 1518 2558 τρῖ
1552 2481 1820 2542 Ὀδυσσεῖ
1858 2495 2148 2562 μέμφεται
2185 2490 2428 2543 Κλυται-
2467 2503 2514 2544 25

326 2576 611 2645 μνήστραν
628 2586 639 2598 ·
670 2573 936 2645 μηδὲγὰρ
959 2577 1090 2636 τοὺς
1117 2573 1459 2646 ὀφθαλμούς
1487 2577 1661 2627 αὐτοῦ
1682 2574 2053 2638 τελευτῶντος
2083 2574 2434 2644 συγκλεῖσαι·

328 2662 473 2728 πρὸς
513 2658 571 2711 δὲ
611 2663 836 2722 τούτοις
875 2658 1320 2731 παρακελεύεται
1356 2659 1645 2731 μηδέποτε
1686 2664 1979 2713 πιστεύειν
2017 2663 2251 2729 γυναικί,

475 2875 493 2914 1
527 2866 670 2930 άγυαὶ
699 2870 742 2913 Η
858 2867 1125 2927 ξύμβουλον
1154 2870 1190 2914 Ρ
1335 2869 1407 2916 διὸ
1442 2873 1726 2927 suspectum3
1757 2871 1890 2927 plura
1917 2869 2201 2914 intercidisse
2231 2881 2286 2913 ex
2314 2865 2434 2928 μήτε

330 2942 560 2987 concludit
589 2942 695 2987 Wil.
813 2946 836 2986 2
867 2942 990 3002 μέγα
1019 2945 1100 2989 καὶ
1131 2944 1316 2988 δίκαιον
1336 2942 1377 2987 U
1407 2955 1466 2985 m.
1498 2955 1566 2998 pr.
1602 2942 1690 2986 ΒΜ
1807 2945 1830 2985 3
1861 2942 1960 2998 ipse
2000 2941 2087 2986 Dio
2118 2940 2296 2994 erravit,
2329 2952 2433 2985 cum

328 3012 553 3069 Eurytum
574 3025 657 3069 pro
678 3012 829 3068 Iphito
846 3012 939 3057 filio
962 3013 1218 3059 nominaret
1311 3016 1338 3056 4
1360 3014 1582 3066 ξενωθεὶς
1600 3012 1645 3054 Μ
1664 3014 1727 3065 (at
1748 3030 1786 3058 ω
1807 3012 1854 3056 in
1874 3017 2050 3064 rasura)
2071 3011 2287 3056 fortasse:
2312 3005 2433 3071 παρ’

331 3080 461 3147 αὑτῷ
481 3087 667 3140 ξενίσας
755 3090 779 3129 5
802 3079 1029 3143 ἥδέσσατ’
1050 3085 1085 3128 Ρ
1104 3084 1163 3129 cf.
1180 3083 1314 3128 Hom.
1332 3082 1414 3128 od.
1430 3082 1538 3127 XXI
1561 3086 1613 3127 28
1631 3096 1695 3139 sq.
1784 3082 1846 3127 δ’
1827 3099 1872 3129 ιο
1894 3096 1979 3139 pro
1996 3081 2042 3129 οἳ
2057 3082 2107 3126 Μ
2194 3076 2241 3128 δ’
2259 3078 2435 3141 ἔπεφνε

330 3155 463 3199 ΡΗΜ
580 3160 602 3199 7
633 3159 714 3202 καὶ
745 3164 847 3210 τοῖς
875 3161 1012 3211 θεοῖς
1041 3155 1123 3200 PH
1239 3151 1370 3210 ἔδοξε
1401 3156 1544 3215 φίλος
1574 3155 1717 3208 οὗτος
1746 3154 1827 3198 ΡΗ
1959 3149 1985 3200 ὃ
2017 3152 2121 3199 add.
2152 3152 2321 3198 Reiske

330 3223 617 3283 ἐδεσάμενος
647 3227 695 3270 Μ
811 3231 836 3271 9
872 3228 929 3272 cf.
959 3227 1090 3272 Hom.
1124 3227 1206 3272 Od.
1228 3226 1295 3272 XI
1316 3231 1397 3271 603
1528 3230 1577 3270 10
1608 3220 1883 3309 άρχήλοχον
1903 3225 1945 3270 U
1966 3238 2021 3269 m.
2043 3237 2108 3282 pr.
2132 3222 2190 3270 cf.
2213 3224 2270 3268 fr.
2295 3228 2348 3269 96

333 3295 472 3351 ἄλλες
501 3297 537 3341 P
627 3302 674 3342 11
710 3290 775 3353 ὥς
804 3314 945 3358 φησιν
966 3299 1117 3354 Βίιιᾱ.,
1149 3291 1219 3345 ὧν
1248 3313 1390 3359 φησιν
1418 3297 1523 3343 libri
1638 3293 1707 3343 (ὃν
1737 3297 1843 3342 secl.
1875 3296 2008 3353 Emp.
2126 3295 2433 3340 scribendum:

334 3363 551 3428 ἀνοήτως
667 3372 719 3412 12
749 3367 967 3417 ἐκπεσὼν
987 3370 1022 3415 Ρ
1144 3374 1194 3415 13
1225 3367 1422 3429 τάχειον
1442 3370 1492 3413 Μ
1619 3373 1670 3413 14
1692 3365 1823 3429 παρὰ
1845 3365 1939 3428 γὰρ
1959 3367 2002 3413 U
2023 3380 2080 3412 m.
2103 3380 2171 3424 pr.
2194 3365 2278 3410 ΒΗ
2299 3365 2357 3411 cf.
2381 3366 2433 3410 11.

333 3439 456 3494 XXI,
479 3443 532 3483 76
650 3443 701 3483 15
725 3434 882 3486 αὐτῶν
902 3442 950 3483 Μ
1037 3444 1215 3501 τρυφῆς
1235 3442 1316 3486 ΡΗ
1406 3445 1455 3485 17
1477 3436 1572 3500 γὰρ
1592 3443 1674 3486 καὶ
1693 3440 1776 3486 UB
1863 3437 1976 3493 τοὺς
1997 3437 2220 3498 πέρδικας
2239 3436 2360 3480 ΒΡΗ

336 3513 389 3554 20
421 3511 662 3564 δειπνίσας
692 3511 773 3554 PH
803 3513 1018 3567 διπνίσας
1047 3513 1098 3556 Μ
1128 3509 1379 3571 δειπνήσας
1399 3512 1480 3559 UB
1599 3503 1654 3565 ὅς
1684 3523 1766 3569 pro
1798 3501 1864 3563 ὥς
1884 3509 1920 3553 Ρ
2009 3504 2194 3567 φάτνην
2222 3507 2265 3554 U
2284 3521 2340 3552 m.
2363 3521 2434 3565 pr.

337 3580 425 3624 ΒΜ
455 3580 514 3625 cf.
547 3581 674 3626 Hom.
710 3582 793 3628 Od.
824 3582 889 3627 IV
919 3587 999 3627 535
1030 3583 1096 3627 XI
1127 3588 1206 3628 411
1385 3587 1438 3628 23
1469 3579 1555 3643 τὴν
1585 3583 1634 3629 δὲ
1662 3595 1745 3640 pro
1775 3584 1855 3628 καὶ
1885 3577 1971 3639 τὴν
2000 3579 2132 3624 UBM
2287 3573 2436 3626 αὐτοῦ

335 3652 440 3697 libri
468 3654 650 3709 practer
679 3652 715 3696 P
860 3658 913 3698 25
944 3651 1325 3714 κλυταιμνήστρα
1356 3655 1391 3698 Ρ
1523 3657 1577 3699 26
1609 3655 1864 3713 συγκλῆσαι
1893 3651 1929 3695 Ρ
1961 3649 2021 3695 cf.
2055 3649 2135 3695 Od.
2165 3649 2233 3695 XI
2263 3653 2344 3695 425
2363 3663 2430 3708 sq.

337 3728 414 3769 441
437 3738 503 3782 sq.
