2684 4140
422 300 522 348 102
1100 282 1303 329 DIONIS
1333 280 1419 326 AD
1448 277 1775 325 DIODORUM

417 432 551 492 ὥστ,
589 436 694 502 ἐγὼ
734 427 1040 498 συνήδομαι
1074 427 1166 477 καὶ
1200 426 1368 493 κρίνω
1393 425 1705 492 μακαρίους
1728 424 1887 488 ὑμᾶς,
1927 421 1979 471 εἰ
2008 420 2185 481 οὕτως
2213 416 2485 490 φιλοῦμεν

413 523 617 579 πάντες
653 518 920 573 ἅπαντας.
996 516 1159 560 τοῦτο
1196 511 1299 578 γάρ
1338 509 1492 558 ἐστίν
1529 505 1863 558 ἀκόλουθον.
1950 501 2260 574 ἐβουλόμην
2300 496 2355 555 δ’
2401 506 2484 568 ἄν,

414 606 600 670 ὥσπερ
638 601 695 649 ἐν
731 600 856 657 ταῖς
890 591 1121 661 βουλαῖς
1144 594 1237 643 καὶ
1261 595 1387 653 ταῖς
1412 589 1732 661 ἐκκλησίαις
1758 588 1985 641 πολλῶν
2011 589 2299 657 ἐγκωμίων
2325 589 2484 639 ἀκοῦ-

411 668 506 737 σαι
536 685 703 744 ἔστιν,
743 681 919 740 οὕτως
942 679 1035 728 καὶ
1059 679 1117 728 ἐν
1143 684 1211 746 τῇ
1237 675 1413 746 ἀγορᾷ
1439 677 1534 728 καὶ
1570 680 1692 737 τοῖς
1718 673 1914 737 ἄλλοις
1943 672 2250 742 συλλόγοις.
2303 680 2396 725 νῦν
2425 672 2483 725 δὲ

409 768 564 837 παρὰ
598 766 894 829 τὸν-τόπον
922 757 1267 830 <τοιαῦτα>ἢ
1296 763 1529 812 τοιαῦτά
1567 763 1691 811 ἐστι
1729 761 1799 811 τὰ
1840 758 2125 828 λεγόμενα,
2162 761 2257 810 καὶ
2296 760 2488 828 ὥσπερ
2525 752 2554 812 5'
2591 761 2675 840 ‹2an

410 854 465 903 οἱ
498 845 859 918 γυμνάζοντες
897 848 1098 907 αὐτούς
1137 847 1195 896 ἐν
1232 849 1359 907 ταῖς
1398 843 1642 911 σχολαῖς,
1681 847 1774 897 καὶ
1819 843 1979 914 ἡμεῖς
2017 847 2368 913 ἐγχειροῦμεν
2406 846 2488 907 εἰς
2668 829 2675 844 ’

409 937 714 1005 ἀμφότερα.
801 932 1020 993 οὐκοῦν,
1069 931 1136 981 ἂν
1181 932 1283 995 μὲν
1332 931 1415 992 εἰς
1464 928 1758 1001 ἐκκλησίαν
1807 949 1896 992 τις
1945 934 2332 1000 παραγένηται
2378 936 2488 980 τῶν

409 1018 594 1083 ξένων,
632 1019 828 1087 ἡρώων
870 1021 1036 1066 τινῶν
1072 1016 1104 1084 ἢ
1148 1021 1343 1085 σοφῶν
1380 1018 1650 1086 ἡγήσεται
1687 1018 1785 1087 τήν
1824 1014 2020 1068 πόλιν·
2060 1017 2127 1067 ἂν
2167 1008 2222 1067 δ’
2272 1016 2354 1077 εἰς
2390 1017 2488 1086 τήν

408 1104 612 1172 ἀγορὰν
648 1098 1133 1169 ἐμβάλῃ,.όποίων
1178 1098 1338 1152 οὐδὲν
1389 1099 1484 1153 δεῖ
1524 1099 1730 1170 λέγειν·
1780 1102 2106 1153 ἐπίστασθε
2153 1101 2257 1170 γὰρ
2310 1101 2486 1152 αὐτοί.

342 1190 372 1240 3
410 1190 467 1241 τί
503 1188 633 1255 οὖν,·
689 1188 859 1257 φήσει
895 1203 1007 1248 τις,
1058 1186 1295 1255 ἀνέστης
1342 1188 1697 1258 ἐπιτιμήσων
1735 1191 1857 1249 τοῖς
1896 1189 2229 1238 ἐπαινοῦσιν
2241 1205 2260 1249 ,·
2307 1187 2369 1236 ού
2406 1187 2484 1252 μὰ
2523 1196 2570 1238 10

404 1276 499 1326 τὸν
534 1274 674 1335 Δία,
712 1264 836 1321 ἀλλ’
879 1273 1061 1334 ὅπως,
1101 1272 1168 1322 ἂν
1203 1256 1299 1344 (ff)
1338 1270 1599 1337 δυνατόν,
1637 1275 1710 1344 μή
1750 1276 1923 1340 μόνον
1959 1269 2170 1325 ἐνθάδε
2209 1270 2357 1338 ὦμεν
2398 1289 2490 1342 φι-

408 1357 741 1426 λάνθρωποι
795 1357 887 1407 καὶ
936 1354 1283 1426 φιλάγαθοι,
1346 1351 1474 1408 ἀλλ’
1538 1360 1751 1424 ὁμοίως
1802 1354 1919 1426 <ἐν>
1968 1359 2142 1409 παντὶ
2187 1359 2346 1425 τόπῳ
2397 1359 2492 1408 καὶ

404 1441 594 1511 καιρῷ.
2186 1474 2189 1476 -

532 1528 626 1576 τὸν
672 1527 771 1591 μὲν
821 1525 916 1576 οὖν
962 1527 1163 1576 τούτου
1215 1527 1451 1579 ἔπαινον
1502 1530 1614 1598 ὁρῶ
1666 1526 2112 1599 πεπληρωμένον
2162 1519 2262 1598 ὑφ’
2315 1529 2486 1593 ὑμῶν,
2512 1537 2664 1581 (54611)

408 1613 547 1662 ὥστε
600 1608 874 1680 μηδεμίαν
924 1609 1237 1682 ὑπερβολήν
1287 1613 1446 1678 ἔχειν.
1541 1611 1701 1677 ἀξιον
1759 1612 1818 1665 δὲ
1877 1615 1972 1665 καὶ
2019 1615 2164 1679 ὑμᾶς
2211 1614 2482 1664 ἐπαινεῖν.
2522 1621 2570 1662 15

406 1693 614 1747 δοκεῖτε
647 1697 751 1764 γάρ
790 1711 890 1761 μοι
927 1693 1073 1746 πολὺ
1113 1699 1342 1749 πάντων
1379 1705 1491 1750 τῶν
1531 1697 1721 1768 δήμων
1762 1697 2070 1770 διαφέρειν.
2133 1699 2283 1765 κάγὼ
2323 1704 2487 1749 τοῦτο

408 1781 502 1830 οὐκ
539 1781 605 1831 ἂν
643 1779 821 1844 εἶπον,
862 1783 912 1831 εἰ
947 1783 1021 1852 μή
1061 1784 1154 1833 καὶ
1191 1784 1467 1853 ἐφρόνουν
1508 1786 1701 1846 οὕτως.
1769 1785 1826 1834 οἱ
1862 1786 1963 1850 μὲν
2001 1784 2104 1852 γὰρ
2145 1780 2309 1834 ἄλλοι
2348 1785 2492 1852 πρὸς

407 1867 468 1914 τὸ
510 1862 789 1926 λυσιτελὲς
824 1868 995 1939 μόνον
1043 1864 1383 1933 βλέπουσιν,
1422 1870 1516 1920 καὶ
1553 1871 1685 1931 τούς
1726 1867 1988 1930 διδόντας
2027 1869 2220 1930 αὐτοῖς
2256 1869 2288 1938 ἢ
2331 1866 2491 1919 δυνα-
2604 1922 2606 1925 ,

405 1953 602 2014 μένους
639 1948 873 2014 διδόναι,
912 1954 1144 2014 τούτους
1181 1955 1542 2005 ἐπαινοῦσιν·
1595 1956 1753 2021 ὑμεῖς
1792 1953 1851 2006 δὲ
1890 1956 1983 2006 καὶ
2020 1956 2119 2025 τὴν
2158 1954 2491 2023 προθυμίαν
2555 1950 2557 1952 ’
2605 1950 2609 1953 ’

345 2037 376 2085 4
412 2036 504 2086 καὶ
539 2038 601 2086 τὸ
639 2034 953 2102 βούλεσθαι
988 2042 1128 2106 μέγα
1178 2038 1325 2090 εἶναι
1363 2036 1630 2106 νομίζετε.
1704 2042 1799 2092 καὶ
1838 2041 1958 2106 οὐχὶ
1994 2042 2161 2091 τοῦτό
2202 2057 2375 2110 φημι,
2423 2040 2500 2100 ὡς
2538 2046 2584 2088 20

409 2120 526 2190 οὐχὶ
549 2122 641 2171 καὶ
669 2124 941 2191 πεποίηκε
971 2122 1154 2175 πολλὰ
1180 2127 1274 2177 καὶ
1302 2123 1550 2193 ’μεγάλα”
1590 2127 1869 2196 πεποίηκε
1908 2127 2011 2194 γάρ
2029 2137 2041 2148 ·
2081 2117 2206 2175 ἀλλ’
2249 2126 2336 2175 ὅτι
2362 2125 2492 2189 ύμῖν

407 2220 467 2271 γε
494 2206 702 2276 ἀπέχρη
730 2208 821 2257 καὶ
846 2210 907 2258 τὸ
933 2207 1250 2275 βούλεσθαι
1276 2212 1459 2263 αὐτόν.
1533 2213 1618 2263 ἔτι
1646 2210 1704 2263 δὲ
1735 2213 1790 2262 οἱ
1813 2214 1915 2278 μὲν
1942 2207 2106 2262 ἄλλοι
2131 2211 2200 2260 τὰ
2227 2207 2493 2274 ἐλάχιστα

410 2295 519 2346 τῶν
555 2295 858 2357 γενομένων
883 2291 1188 2363 <μάλιστα>
1214 2294 1621 2362 ἀποδέχονται·
1661 2295 1802 2365 λέγω
1844 2292 1902 2347 δὲ
1941 2299 2046 2347 ὅσα
2085 2297 2199 2361 ἔχει
2237 2293 2493 2364 δαπάνην

412 2376 562 2424 τίνά“
609 2376 765 2440 ὑμεῖς
814 2375 871 2428 δὲ
920 2386 1029 2430 τῶν
1065 2383 1343 2449 μεγίστων
1384 2383 1744 2434 αἰσθάνεσθε
1782 2383 1923 2432 κατὰ
1977 2383 2075 2452 τήν
2115 2378 2293 2444 ἀξίαν,
2370 2381 2493 2430 ἔστι
2516 2387 2680 2431 (2633ῐ

416 2455 474 2509 δὲ
512 2458 589 2526 τῷ
638 2464 806 2513 παντὶ
839 2460 1026 2528 μεῖζον
1064 2474 1165 2517 τοῦ
1211 2465 1470 2519 δαπανᾶν
1518 2470 1582 2519 τὸ
1619 2465 1904 2538 κήδεσθαί
1948 2468 2074 2518 τινα
2122 2473 2220 2536 τῆς
2267 2462 2489 2525 πόλεως
2525 2471 2572 2513 25

413 2544 506 2593 καὶ
545 2548 782 2613 φανερὸν
809 2548 953 2600 εἶναι
979 2552 1272 2603 εὐνοοῦντα
1298 2555 1444 2619 ὑμῖν.
1509 2555 1655 2622 πρὸς
1682 2551 1741 2605 δὲ
1770 2555 1995 2614 τούτοις
2023 2554 2079 2603 οἱ
2103 2554 2204 2618 μὲν
2232 2548 2495 2601 πλεῖστοι

414 2629 543 2689 τοὺς
580 2632 1006 2699 νουθετοῦντας,
1055 2639 1155 2688 κᾶν
1191 2639 1332 2704 μετὰ
1374 2637 1537 2707 λόγου
1577 2645 1742 2690 τοῦτο
1783 2644 2027 2702 ποιῶσι,
2064 2642 2326 2703 μισοῦσι,
2364 2637 2495 2696 τούς

416 2708 474 2761 δὲ
511 2708 645 2778 μεθ’
686 2715 885 2789 ἡδονῆς
910 2719 1309 2785 κολακεύοντας
1334 2725 1687 2790 θαυμαστῶς
1720 2722 2115 2789 ἀποδέχονται.
2180 2714 2323 2790 παρ’
2365 2722 2494 2786 ὑμῖν

417 2793 474 2845 δὲ
513 2799 831 2854 τούναντίον
859 2806 890 2854 o‘
914 2804 1147 2877 πλείστῃ
1177 2811 1469 2880 παρρησίᾳ
1491 2811 1778 2880 χρώμενος
1810 2811 1904 2860 καὶ
1929 2812 2051 2870 τοῖς
2077 2808 2493 2877 ἁμαρτάνουσιν

350 2879 381 2928 5
418 2881 776 2953 ἐπιπλήττων
812 2891 905 2941 καὶ
944 2890 1333 2962 σωφρονίζων,
1385 2893 1549 2957 οὗτος
1597 2892 1846 2960 μάλιστα
1886 2895 2194 2961 ἀγαπᾶται.
2270 2893 2356 2953 τίς
2395 2890 2490 2940 οὖν
2527 2897 2575 2939 30

418 2967 511 3016 οὐκ
548 2970 613 3020 ἂν
651 2973 959 3043 ἀγαπήσειε
997 2981 1260 3049 τοιαύτην
1300 2978 1468 3032 πόλιν
1505 2982 1599 3032 καὶ
1637 2977 1961 3043 πολιτείαν,
2011 2981 2069 3030 ἐν
2105 2970 2143 3047 ᾗ
2180 2982 2291 3027 τῶν
2332 2973 2492 3046 φιλο-

562 3182 579 3220 1
614 3170 737 3225 ὥστε
766 3181 814 3224 Μ
928 3186 1194 3242 συνείδομαι
1223 3187 1273 3230 Μ
1388 3193 1415 3233 4
1447 3182 1573 3236 οὕτω
1604 3189 1640 3232 Β
1755 3191 1837 3235 καὶ
1867 3188 1993 3245 prius
2024 3200 2111 3231 om.
2144 3186 2193 3229 M
2221 3198 2278 3228 m.
2308 3198 2377 3241 pr.

421 3250 444 3288 5
476 3242 526 3291 εἶ’
545 3251 639 3303 (pro
667 3244 712 3306 ἢ)
739 3250 818 3295 UT
847 3247 874 3310 ἦ
906 3253 955 3297 Μ
1101 3257 1354 3317 <τοιαῦτα>
1382 3260 1487 3305 add.
1520 3261 1636 3305 Seld.
1812 3263 1837 3304 6
1870 3255 2045 3312 αὐτοὺς
2073 3258 2124 3302 Μ
2306 3254 2360 3303 ἐν
2390 3263 2494 3326 ταῖς

423 3328 510 3360 om.
541 3317 579 3360 T
719 3323 745 3364 9
776 3316 949 3369 ὁποῖον
977 3325 1016 3368 Τ
1160 3321 1292 3377 οὗτοι
1321 3344 1403 3388 pro
1436 3326 1573 3379 αὐτοὶ
1604 3332 1653 3376 Μ
1800 3335 1852 3375 10
1882 3326 2185 3389 ἐπιτημήσων
2212 3328 2264 3373 Μ
2384 3332 2431 3371 11
2465 3327 2493 3384 ᾐ

425 3386 527 3432 add.
557 3387 688 3445 Emp.
852 3397 903 3437 12
933 3393 984 3440 ἐν
1012 3397 1112 3442 add.
1141 3399 1351 3447 Reiskius
1502 3399 1672 3464 τρόπῳ
1703 3404 1752 3448 Μ
1899 3407 1949 3447 16
1979 3405 2164 3448 δοκεῖτε
2192 3400 2340 3443 Anon.
2372 3397 2494 3453 apud

425 3456 590 3511 R0sskw
622 3463 751 3507 δοκεῖ
778 3461 879 3507 libri
993 3470 1044 3511 18
1073 3470 1298 3526 βλέπουσι
1328 3472 1410 3517 UT
1555 3478 1608 3519 20
1641 3476 1886 3532 νομίζεται
1916 3473 1967 3517 Μ
2083 3474 2136 3516 22
2168 3464 2359 3526 ἀπόχρη
2388 3470 2433 3522 (0
2466 3479 2493 3510 a

427 3527 560 3578 0012)
588 3525 628 3570 U
658 3522 845 3588 ἀπόχρη
874 3529 911 3573 Τ
1026 3537 1078 3577 23
1107 3533 1312 3591 μάλιστα
1343 3553 1399 3584 ex
1430 3542 1545 3586 coni.
1576 3543 1728 3587 addidi
1845 3539 2048 3589 δαπάνιν
2076 3541 2125 3586 Μ
2241 3543 2296 3583 24
2328 3533 2493 3584 αἰσθά-

428 3599 594 3641 νεσθαι
623 3597 672 3640 Μ
799 3603 850 3644 25
881 3596 936 3646 τὸ
969 3616 1049 3658 pro
1080 3609 1166 3651 τοῦ
1195 3607 1273 3651 UT
1388 3615 1441 3655 26
1473 3611 1519 3658 οἱ
1547 3613 1635 3670 μὲν
1665 3640 1719 3646 -
1751 3617 1802 3659 27
1836 3610 1949 3667 τοὺς
1977 3613 2024 3657 in
2053 3624 2162 3667 mrg.
2194 3608 2296 3654 add·
2328 3608 2378 3651 M

428 3668 478 3707 27
510 3665 628 3722 μετὰ
658 3665 805 3727 λόγου
834 3673 1006 3728 scripsi,
1037 3673 1108 3721 διὰ
1140 3673 1286 3736 λόγου
1314 3681 1437 3736 libri;
1469 3681 1573 3743 δίχα
1605 3680 1766 3745 ψόγου
1796 3684 1922 3730 Geel.
2082 3684 2303 3729 ποιοῦσιν
2333 3680 2381 3723 Μ

428 3739 614 3791 μισοῦσι
642 3750 727 3783 om.
757 3739 795 3783 T
909 3746 959 3787 31
991 3745 1157 3790 malim:
1189 3752 1285 3795 τῶν
1312 3751 1456 3809 (μὲν)
