2684 4140
2643 211 2647 222 ν
2627 179 2652 186 ζ
2615 0 2652 122 aar&

345 264 450 312 196
1011 251 1217 299 DIONIS
1247 249 1333 296 DE
1362 247 1775 296 DIFFIDENTIA

345 406 558 463 ἐκείνας
593 400 663 467 ἐᾷ
701 398 1058 466 προσίεσθαι
1093 400 1205 446 τῶν
1232 392 1498 456 πλείονος
1532 391 1705 457 ἀξίων
1745 395 1776 445 ὁ
1800 397 1988 460 νόμος,
2030 388 2158 445 ἀλλ’
2203 396 2444 463 ὥρισται

342 491 505 554 μέχρι
542 485 695 544 τίνος
733 470 1039 551 προσήκει·
1086 481 1183 530 τὸν
1223 473 1392 531 αὐτὸν
1431 478 1595 545 οἶμαι
1631 481 1847 549 τρόπον
1893 481 1987 531 καὶ
2034 484 2156 542 τοῖς
2204 478 2443 543 πολλοῖς

339 575 501 639 μέχρι
537 574 648 619 τῶν
685 564 994 631 ἐλαχίστων
1031 569 1429 635 κοινωνητέον·
1479 562 1742 635 πράξεων
1783 562 1842 615 δὲ
1880 561 2153 631 μειζόνων
2189 567 2222 636 ἢ
2266 563 2443 633 λόγων

257 664 317 712 11
341 654 655 722 ἀναγκαίων
689 653 722 722 ἢ
761 659 861 722 τῆς
898 648 1218 722 ἀσφαλείας
1255 658 1354 721 τῆς
1391 651 1525 720 περὶ
1561 652 1658 701 τὸν
1695 651 1822 717 βίον
1851 643 2143 702 οὐδέποτε.
2207 651 2300 703 καὶ
2335 651 2440 720 γὰρ

338 740 396 792 εἴ
426 755 567 789 ποτε
605 738 916 803 ἀπέχονται
952 743 1056 787 τοῦ
1088 742 1271 798 κακῶς
1309 740 1500 787 ποιεῖν
1528 729 1609 787 δι’
1652 737 1718 805 ἢν
1747 726 1952 807 δήποτ’
1998 737 2203 799 αἰτίαν,
2245 737 2439 806 ὥσπερ
2477 743 2502 783 5

340 824 409 875 τὰ
435 823 616 892 θηρία
655 819 932 883 πολλάκις
957 824 1162 892 ἠρεμεῖ
1177 823 1501 888 κοιμώμενα
1539 811 1573 891 ἢ
1611 819 2074 892 ἐμπεπλησμένα,
2113 818 2212 892 τὴν
2245 826 2654 888 μέντοι(39ΒΒΠ)
2683 880 2684 883 ¹

340 910 511 978 φύσιν
550 901 647 958 οὐκ
684 905 1039 978 ἀποβέβληκε
1065 904 1165 977 τὴν
1193 909 1392 972 αὐτῶν,
1433 905 1855 978 παραπλησίως
1882 903 1947 977 δὴ
1974 908 2222 958 κάκεῖνοι
2242 909 2443 976 χρόνον

337 993 464 1045 τινὰ
505 986 604 1044 οὐκ
641 991 928 1061 ἔβλαψαν,
973 995 1175 1046 ἔπειτα
1223 994 1517 1064 συμβάσης
1555 995 1906 1064 προφάσεως
1941 995 2037 1044 καὶ
2071 988 2228 1060 <τὸν>
2263 995 2443 1055 τόκον,

341 1080 503 1150 φασί,
539 1081 634 1131 καὶ
668 1082 733 1131 τὸ
771 1077 1084 1151 κεφάλαιον
1120 1087 1219 1152 τῆς
1257 1081 1536 1150 πονηρίας
1573 1080 1901 1130 ἐκτίνουσιν.

486 1165 519 1215 ὁ
554 1167 795 1230 Λάκων,
844 1168 903 1217 ἐν
942 1163 1194 1232 ὁμιλίαις
1229 1171 1398 1217 τινῶν
1438 1166 1857 1245 συντιθεμένων
1905 1156 2058 1232 αὐτῷ
2092 1164 2187 1215 καὶ
2223 1160 2443 1226 ἀξιούν-
2479 1167 2527 1210 10

338 1267 450 1301 των
498 1243 640 1318 παρ’
695 1244 878 1303 αὐτῶν
932 1249 1236 1319 λαμβάνειν
1283 1251 1350 1321 ἣν
1401 1252 1468 1303 ἂν
1519 1258 1867 1322 προαιρῆται
1917 1251 2115 1301 πίστιν
2166 1250 2310 1348 ὑπὲρ
2349 1255 2448 1319 τῆς

341 1332 567 1405 φιλίας,
616 1338 752 1402 μίαν
801 1338 911 1408 ἔφη
951 1339 1150 1389 πίστιν
1199 1336 1346 1389 εἶναι
1393 1338 1456 1387 τὸ
1508 1337 1605 1388 ἐὰν
1644 1334 1897 1387 θέλωσιν
1936 1333 2205 1406 ἀδικῆσαι
2241 1330 2315 1403 μὴ
2358 1331 2449 1385 δύ·

339 1422 585 1485 νασθαι,
652 1422 754 1484 τὰς
811 1420 870 1473 δὲ
930 1420 1138 1484 λοιπὰς
1195 1424 1389 1485 πάσας
1443 1415 1674 1492 εὐήθεις
1738 1423 1832 1473 καὶ
1891 1419 2096 1484 τελέως
2155 1422 2440 1482 ἀσθενεῖς.

258 1506 323 1562 12
343 1508 550 1576 ταύτην
585 1509 761 1577 μόνην
800 1508 957 1577 παρὰ
1006 1513 1119 1558 τῶν
1168 1505 1396 1559 πολλῶν
1445 1509 1544 1577 τὴν
1583 1508 1780 1559 πίστιν
1820 1504 1915 1558 δεῖ
1945 1504 2279 1574 λαμβάνειν,
2332 1510 2447 1557 ἑτέ-

340 1608 445 1657 ραν
493 1589 554 1643 d&
604 1589 886 1657 οὐδεμίαν.
982 1597 1014 1663 ἡ
1060 1594 1163 1662 γὰρ
1212 1594 1273 1643 ἐκ
1319 1599 1432 1644 τῶν
1481 1590 1659 1660 λόγων
1704 1594 1798 1644 καὶ
1845 1599 1944 1663 τῆς
1994 1592 2303 1662 συνηθείας
2349 1593 2444 1643 καὶ
2482 1596 2528 1638 15

339 1681 452 1727 τῶν
489 1678 667 1746 ὅρκων
703 1678 799 1728 καὶ
835 1684 940 1728 τοῦ
984 1681 1178 1745 γένους
1222 1675 1654 1745 καταγέλαστος.
1743 1679 1773 1727 ὁ
1815 1670 2043 1747 Ἀτρεύς
2094 1674 2342 1748 ἀδελφὸς
2380 1675 2446 1747 ἦν

338 1766 441 1812 τοῦ
480 1760 732 1812 Θυέστου
770 1763 864 1813 καὶ
901 1768 1013 1814 τῶν
1052 1760 1395 1832 παιδαρίων,
1437 1764 1471 1812 ἃ
1503 1766 1832 1831 κατέκοψεν,
1870 1763 2064 1824 θεῖος·
2104 1764 2135 1813 ὁ
2164 1755 2448 1833 Ἐτεοκλῆς

338 1847 434 1897 καὶ
471 1847 503 1896 ὁ
538 1844 887 1918 Πολυνείκης
927 1849 990 1898 ού
1027 1851 1202 1915 μόνον
1242 1845 1485 1919 ἀδελφοὶ
1520 1848 1662 1898 κατὰ
1701 1850 1798 1899 τὸν
1837 1850 2037 1913 νόμον,
2078 1844 2219 1898 ἀλλὰ
2257 1848 2352 1898 καὶ
2388 1844 2450 1910 ἐξ

337 1933 468 1983 υἱοῦ
499 1933 594 1983 καὶ
627 1935 841 2003 μητρὸς
877 1936 1167 2002 γεγονότες
1193 1940 1307 1986 τῶν
1334 1931 1805 2002 ξυγγενεστάτων·
1846 1925 2006 1996 ὥστ’,
2045 1931 2207 2002 εἴπερ
2237 1930 2449 2004 ὠφέλει

341 2034 400 2069 τι
436 2020 500 2069 τὸ
539 2021 725 2085 γένος,
778 2018 939 2071 οὗτοι
974 2018 1223 2086 μάλιστα
1262 2021 1532 2071 ἁπάντων
1582 2017 1857 2090 ἀλλήλους
1905 2012 2151 2087 [μᾶλλον]
2201 2015 2450 2088 ὤφειλον
2487 2023 2537 2066 20

347 2103 601 2170 ἀγαπᾶν·
629 2095 769 2154 ’ἀλλ’
815 2106 846 2155 ὁ
884 2106 1223 2167 πιστευθεὶς
1260 2111 1491 2173 πρῶτον
1528 2107 1625 2156 τὸν
1665 2106 2051 2156 πιστεύσαντα
2090 2101 2319 2171 ἐξέβαλε
2355 2105 2451 2155 καὶ

341 2193 441 2257 τῆς
495 2186 776 2258 πατρίδος
833 2191 1138 2259 ἀπεστέρει
1191 2192 1287 2242 καὶ
1339 2191 1481 2257 μετὰ
1537 2196 1712 2241 ταῦτα
1770 2186 2045 2259 ἀλλήλους
2095 2190 2445 2241 ἀπέκτειναν.

257 2270 324 2322 13
347 2274 378 2322 ὁ
418 2271 638 2343 Θησεύς
675 2277 772 2326 τὸν
804 2268 1158 2340 Ἱππόλυτον,
1197 2278 1386 2347 πατὴρ
1426 2278 1503 2328 ὢν
1539 2278 1634 2328 καὶ
1669 2272 2037 2336 Ποσειδῶνος
2073 2275 2214 2338 υἱός,
2254 2272 2446 2342 διαβο-

345 2358 470 2422 λαῖς
518 2362 788 2423 πεισθεὶς
836 2362 1132 2413 ἀπέκτεινε
1189 2364 1669 2431 καταρασάμενος.
1767 2362 1799 2411 ὁ
1844 2361 2110 2430 Πρίαμος
2170 2362 2448 2430 πρότερον

343 2443 675 2515 εὐδαιμονίᾳ
715 2444 1004 2517 διαφέρων
1040 2449 1135 2498 καὶ
1182 2449 1469 2498 τοσούτων
1518 2447 1706 2498 ἐθνῶν
1753 2447 1848 2497 καὶ
1896 2443 2225 2515 τηλικούτου
2265 2448 2447 2497 τόπου
2486 2451 2537 2493 25

342 2529 674 2598 βασιλεύων,

597 2620 769 2669 ὅσσον
808 2618 1041 2684 Λέσβος
1079 2619 1196 2668 ἄνω
1236 2618 1515 2687 Μάκαρος
1552 2614 1679 2678 ἕδος
1718 2617 1877 2677 ἐντὸς
1914 2617 2095 2686 ἐέργει
2468 2624 2548 2667 (640
2571 2623 2622 2665 M)

595 2705 691 2754 καὶ
730 2704 943 2772 Φρυγίη
983 2703 1327 2772 καθύπερθε
1364 2704 1460 2754 καὶ
1490 2695 1899 2773 Ἑλλήσποντος
1937 2701 2191 2771 ἀπείρων

489 2914 508 2953 1
542 2899 752 2970 ἅρασθαι
781 2910 818 2954 Ρ
967 2915 995 2955 4
1023 2911 1170 2972 γάριε
1191 2914 1237 2959 εί
1266 2928 1387 2959 ποτε
1417 2910 1520 2966 (fuit
1547 2907 1643 2963 ἀεί)
1670 2909 1712 2955 U
1846 2914 1871 2954 5
1903 2903 1969 2955 δι’
1996 2903 2055 2966 ἣν
2082 2905 2259 2967 δήποτε
2289 2907 2450 2954 αἰτίαν

343 2980 426 3024 PH
455 2975 519 3026 δι’
548 2975 608 3039 ἣν
636 2980 813 3040 δήποτε
843 2983 892 3028 τί
921 2978 982 3030 ἂν
1009 2983 1061 3028 Μ
1090 2977 1153 3029 δι’
1182 2975 1240 3042 ἦν
1270 2977 1390 3030 ποτ’
1422 2982 1583 3030 αἰτίαν
1610 2981 1693 3027 UB
1845 2985 1869 3024 7
1901 2975 2062 3028 αὐτῶν
2090 2979 2135 3023 H
2286 2978 2336 3025 δὲ
2364 2992 2448 3034 pro

344 3047 397 3108 δὴ
427 3051 477 3097 Μ
592 3055 675 3099 καὶ
702 3050 879 3100 ἐκεῖνοι
908 3054 1044 3100 ΠΒΜ
1160 3059 1186 3100 8
1215 3050 1307 3101 τὸν
1335 3054 1438 3100 add.
1468 3053 1638 3100 Reiske
1767 3056 1793 3097 9
1823 3050 2085 3099 ἐκτείνουσι
2117 3051 2165 3094 Μ
2284 3053 2336 3094 10
2369 3045 2449 3096 αὖ·

346 3114 457 3173 τοὺς
484 3120 536 3164 M
647 3122 730 3167 καὶ
757 3133 843 3166 om.
874 3121 926 3166 M
1051 3127 1099 3168 11
1131 3117 1253 3180 παρ’
1283 3115 1444 3170 αὐτῶν
1472 3122 1555 3167 ΡΗ
1585 3116 1746 3169 αὐτῶν
1774 3124 1879 3175 (om.
1911 3115 2050 3181 παρ’)
2079 3121 2130 3166 Μ
2160 3117 2311 3169 αὐτὸν
2341 3126 2447 3174 (om.

347 3227 485 3290 παρ’)
513 3230 595 3276 UB
709 3237 1041 3294 προαιρῶνται
1070 3235 1206 3282 UBM
1325 3240 1377 3282 12
1406 3233 1468 3295 μὴ
1499 3249 1587 3281 om.
1618 3236 1669 3281 M
1799 3240 1849 3280 14
1879 3239 1990 3295 περὶ
2019 3238 2118 3283 τῶν
2147 3235 2183 3279 Ρ
2299 3195 2454 3295 λὲβὼ

348 3317 447 3348 νειν
473 3301 512 3346 P
541 3305 593 3359 (μ
611 3315 640 3348 a.
657 3317 716 3348 m.
739 3307 848 3359 sec.)
937 3310 989 3350 16
1020 3302 1091 3352 ὢν
1118 3313 1219 3364 (pro
1248 3299 1324 3367 ἧν)
1345 3308 1382 3352 Β
1414 3299 1484 3354 ὧν
1503 3308 1554 3353 Μ
1582 3299 1641 3366 ἦν
1670 3310 1736 3363 (at
1764 3327 1791 3367 η
1811 3310 1858 3353 et
1877 3306 2096 3352 circumfl.
2119 3318 2149 3351 a
2167 3308 2302 3360 corr.)
2322 3305 2363 3352 U

352 3376 401 3417 17
433 3375 520 3419 τοῦ
549 3387 636 3419 om.
667 3374 748 3420 PH
897 3372 924 3423 ὃ
954 3382 1091 3432 θεῖος
1117 3379 1221 3437 ΒΜ,
1251 3380 1298 3424 in
1329 3380 1371 3426 U
1399 3381 1508 3425 ante
1535 3384 1674 3434 θεῖος
1708 3391 1871 3425 rasura
2018 3377 2256 3430 ἐτεοκλεῖς
2284 3375 2337 3421 Μ

351 3446 403 3488 18
433 3445 687 3504 πολυνίκης
715 3445 758 3491 U
785 3460 843 3490 m.
863 3460 931 3504 pr.
953 3448 1043 3493 ΒΜ
1073 3452 1367 3505 πολυνείκεις
1396 3451 1432 3495 Ρ
1524 3455 1575 3496 19
1607 3445 1674 3505 ὥς
1702 3446 1837 3511 εἴπερ
1867 3449 1917 3493 Μ
2003 3444 2177 3507 ωφέλει
2206 3446 2243 3493 Ρ
2273 3440 2453 3505 ω’φελεῖ

351 3514 490 3559 ceteri
574 3517 629 3559 20
648 3518 833 3597 μᾶλλον
852 3517 958 3564 secl.
980 3519 1142 3576 Pflugk
1227 3519 1353 3582 03¹an-
1356 3538 1414 3568 ον
1433 3521 1469 3566 Ρ
1557 3525 1607 3566 21
1632 3520 1854 3582 ἐξέβαλλε
1882 3521 1919 3566 Ρ
2013 3524 2070 3565 24
2098 3519 2286 3571 πισθεὶς
2314 3517 2366 3561 Μ

349 3583 402 3624 27
436 3572 557 3629 όσον
584 3581 669 3626 HP
755 3579 857 3631 ἀνω
889 3597 991 3631 cum
1020 3586 1186 3632 lineola
1217 3589 1541 3647 superscripta,
1572 3592 1625 3635 ut
1654 3590 1715 3635 sit
1743 3584 1994 3649 ἀνθρώπω
2024 3587 2068 3632 Η
2164 3583 2292 3646 ε’ργει
2323 3586 2375 3630 Μ

350 3651 542 3697 eundem
568 3665 634 3699 vs.
672 3652 804 3699 affert
831 3668 898 3700 or.
928 3658 998 3711 33,
1025 3659 1074 3700 19
1105 3657 1226 3710 (Vol.
1253 3659 1275 3703 Ι
1304 3673 1350 3717 p.
1383 3662 1504 3716 302),
1542 3664 1592 3705 at
1618 3655 1855 3720 μακάρων
1885 3658 2065 3715 scribit;
2111 3661 2181 3703 est
2212 3658 2265 3703 Il.
2297 3658 2450 3704 XXIV

351 3726 435 3768 544
446 3734 514 3781 sq.
631 3727 685 3769 28
714 3722 1027 3786 καθύπερθεν
1051 3727 1171 3775 PUB
