2684 4140
325 230 388 273 VI
1181 218 1546 268 PRAEFATIO.

325 384 646 437 cuperarem.
721 366 824 429 Qui
863 365 1032 418 voluit
1069 362 1248 415 dicere
1288 365 1341 414 et
1377 364 1500 413 ante
1540 363 1592 412 et
1628 363 1751 428 post
1788 359 2072 415 Zalmoxin
2111 362 2410 430 sapientiae

323 452 568 506 doctores
613 449 758 517 apud
794 447 958 501 Getas
1005 445 1186 500 fuisse.
1262 445 1546 498 Dicineum
1585 443 1770 498 Sullae
1818 449 1997 499 aetate
2044 446 2210 501 fuisse
2249 464 2294 502 c.
2332 447 2411 500 XI

323 538 576 587 narratur.
640 532 887 584 Potuitne
925 530 1200 583 Zalmoxis
1239 529 1426 595 tertius
1463 534 1586 595 post
1611 529 1762 582 illum
1790 530 2096 584 nominari?
2159 530 2317 595 Quod
2342 532 2412 585 ad

322 617 554 669 Pilcatos
611 615 826 679 attinet,
884 613 1243 667 Mommsenus
1299 613 1405 665 iam
1460 613 1639 666 attulit
1693 614 1868 668 locum
1927 631 1995 669 ex
2045 614 2415 684 chrysostomi

324 716 396 751 or.
434 697 641 750 LXXII
677 699 707 759 ξ
746 699 776 749 3
827 699 970 749 ἔνθα
1015 699 1118 767 γὰρ
1165 699 1344 749 ἐνίοτε
1395 696 1705 765 βλέπουσιν
1754 701 2102 770 ἀνθρώπους
2142 704 2272 763 τοὺς
2315 705 2416 765 μέν

321 800 478 843 τινας
515 779 718 843 πίλους
754 784 854 834 ἐπὶ
890 787 1016 845 ταῖς
1052 781 1328 853 κεφαλαῖς
1360 784 1604 848 ἔχοντας,
1641 785 1717 845 ὡς
1744 791 1837 836 νῦν
1865 791 1976 837 τῶν
2007 786 2242 855 Θρᾳκῶν
2269 803 2417 847 τινες

320 873 430 917 τῶν
466 870 652 918 Γετῶν
692 864 1016 935 λεγομένων.
1092 868 1268 936 Atque
1306 868 1643 936 aptissimum
1683 884 1803 922 esse
1842 868 2005 923 Dioni
2044 869 2146 924 hoc
2184 869 2418 924 studium

322 949 700 1019 philosophiae
736 951 882 1020 apud
921 952 1176 1007 barbaras
1215 957 1401 1021 gentes
1427 952 1661 1020 vigentis
1693 953 1867 1007 sciunt
1892 953 1985 1021 qui
2011 955 2278 1008 orationes
2306 954 2421 1007 eius

322 1034 580 1102 legerunt.

464 1120 663 1175 Iterum
702 1122 893 1177 Dionis
931 1124 1130 1176 mentio
1169 1123 1398 1176 occurrit
1434 1123 1490 1175 in
1530 1139 1574 1176 c.
1613 1122 1710 1190 IX,
1753 1123 1848 1175 58:

465 1204 720 1273 Fragm.
748 1206 815 1260 II.
880 1209 1023 1277 „Dio
1050 1209 1275 1263 storicus
1304 1213 1358 1262 et
1382 1209 1759 1276 antiquitatum
1787 1208 2226 1276 diligentissimus
2251 1207 2423 1276 inqui—

326 1289 471 1358 sitor,
512 1291 603 1358 qui
642 1292 791 1360 operi
830 1309 925 1347 suo
953 1293 1144 1348 Getica
1181 1293 1393 1347 titulum
1431 1292 1581 1346 dedit
1620 1321 1686 1328 —
1727 1321 1796 1330 —
1834 1292 1922 1347 hic
1953 1293 2058 1347 Dio
2098 1308 2279 1360 regem
2318 1291 2424 1344 illis

326 1379 449 1442 post
486 1380 729 1444 tempora
764 1379 932 1432 multa
969 1383 1348 1433 commemorat
1385 1379 1599 1432 nomine
1639 1376 1994 1446 Telephum.“

469 1458 620 1523 Quae
658 1461 858 1516 deinde
895 1469 1140 1518 narratur
1175 1480 1210 1517 a
1246 1463 1476 1517 Iordane
1503 1462 1735 1532 Telephi
1772 1462 1998 1517 historia
2022 1479 2127 1515 non
2155 1478 2223 1516 ex
2251 1463 2425 1516 Dione

329 1549 541 1612 sumpta
586 1550 692 1614 est,
741 1547 838 1601 sed
876 1564 945 1602 ex
983 1548 1194 1617 Dictye.
1270 1547 1409 1602 Vide
1454 1548 1600 1602 locos
1639 1565 1673 1601 a
1709 1548 2040 1602 Mommseno
2078 1548 2298 1616 allatos,
2338 1546 2430 1614 qui

328 1629 522 1695 partim
572 1630 733 1684 etiam
780 1633 957 1686 verbis
1010 1633 1332 1701 conspirant.
1407 1631 1518 1686 Sed
1562 1632 1791 1687 Dionem
1839 1648 2051 1700 quoque
2101 1637 2303 1686 certum
2353 1636 2433 1685 est

329 1712 568 1766 Moesiae
605 1731 788 1782 regem
826 1716 1128 1786 Telephum
1168 1716 1391 1784 dixisse,
1430 1717 1611 1784 Mysos
1651 1716 1870 1770 eosdem
1910 1732 2028 1770 esse
2065 1721 2226 1784 atque
2265 1716 2429 1769 Getas

330 1797 656 1851 arbitratum.

473 1882 659 1936 Tertia
696 1884 888 1938 Dionis
927 1887 1127 1941 mentio
1167 1887 1396 1940 occurrit
1432 1886 1487 1938 in
1526 1902 1569 1939 c.
1610 1886 1678 1953 X,
1708 1888 1801 1938 65:

471 1967 725 2036 Fragm.
764 1970 846 2022 111
883 1967 1224 2041 ‚‚[Philippus
1262 1987 1502 2040 quoque,
1542 1976 1696 2040 pater
1733 1971 2032 2025 Alexandri
2071 1970 2269 2038 Magni,
2311 1986 2430 2023 cum

332 2050 522 2106 Gothis
572 2055 837 2109 amicitias
887 2056 1145 2123 copulans
1195 2056 1482 2126 Medopam
1536 2055 1769 2110 Gudilae
1817 2056 1962 2124 regis
2009 2054 2176 2108 filiam
2224 2055 2436 2122 accepit

332 2153 572 2200 uxorem,
610 2143 668 2191 ut
704 2140 799 2192 tali
825 2139 1084 2194 affinitate
1118 2141 1398 2194 roboratus
1423 2140 1777 2194 Macedonum
1805 2156 1972 2207 regna
1995 2134 2266 2207 firmaret]
2330 2154 2436 2206 qua

333 2226 652 2290 tempestate
691 2224 795 2277 Dio
844 2226 1038 2279 storico
1087 2225 1297 2279 dicente
1347 2224 1632 2293 Philippus
1685 2225 1870 2293 inopia
1915 2225 2178 2292 pecuniae
2226 2239 2433 2291 passuS,

335 2303 715 2374 Odyssitanam
752 2309 989 2363 Moesiae
1037 2311 1311 2364 civitatem
1359 2311 1628 2364 instructis
1679 2310 1849 2378 copiis
1902 2314 2113 2363 vastare
2152 2307 2434 2374 deliberat,

336 2405 474 2458 quae
523 2396 649 2446 tunc
685 2399 903 2463 propter
941 2396 1175 2449 vicinam
1215 2394 1453 2449 Thomes
1491 2393 1683 2448 Gothis
1722 2399 1836 2448 erat
1874 2394 2129 2448 subiecta.
2203 2391 2345 2445 unde
2384 2397 2437 2444 et

338 2475 647 2531 sacerdotes
687 2478 982 2534 Gothorum
1021 2481 1102 2534 illi
1142 2482 1234 2549 qui
1273 2481 1350 2551 pii
1388 2481 1721 2535 vocabantur
1758 2480 1934 2534 subito
1960 2476 2243 2547 patefactis
2268 2477 2435 2545 portis

339 2576 458 2613 cum
510 2561 730 2616 citharis
779 2566 832 2615 et
879 2563 1121 2617 vestibus
1160 2562 1404 2617 candidis
1451 2563 1653 2630 egressi
1690 2562 1877 2630 patriis
1918 2560 2039 2628 diis,
2078 2564 2136 2614 ut
2173 2559 2277 2614 sibi
2314 2574 2434 2627 pro-

337 2646 458 2714 pitii
487 2646 809 2701 Macedonas
847 2648 1187 2716 repellerent,
1226 2664 1361 2702 voce
1400 2648 1632 2717 supplici
1670 2647 2024 2701 modulantes·
2087 2661 2221 2713 quos
2259 2644 2434 2698 Mace-

337 2730 504 2786 dones
542 2732 622 2786 sic
658 2731 978 2787 fiducialiter
1016 2734 1118 2787 sibi
1157 2750 1436 2787 occurrere
1475 2737 1785 2786 contuentes
1824 2733 2119 2800 stupiscent
2156 2735 2227 2798 et,
2254 2730 2301 2783 si
2326 2728 2435 2781 dici

336 2814 418 2870 fas
458 2821 554 2885 est,
594 2818 663 2871 ab
702 2818 993 2872 inermibus
1031 2824 1291 2872 terrentur
1329 2819 1535 2872 armati.
1599 2833 1700 2872 nec
1738 2833 1887 2871 mora
1923 2816 2099 2870 soluta
2130 2815 2247 2868 acie
2274 2829 2433 2881 quam

337 2900 409 2954 ad
446 2901 757 2956 bellandum
796 2908 1219 2970 construxerant,
1257 2919 1363 2957 non
1402 2908 1605 2957 tantum
1632 2903 1701 2956 ab
1728 2902 1874 2955 urbis
1902 2899 2114 2955 excidio
2139 2898 2434 2966 <abstinue-

337 2991 459 3039 runt
494 2986 619 3040 add.
659 2983 1063 3056 Mommsenus>,
1102 3004 1288 3042 verum
1328 2989 1488 3041 etiam
1528 2993 1581 3042 et
1614 3004 1746 3055 quos
1772 2987 1900 3041 foris
1925 2986 2140 3040 fuerant
2164 2986 2278 3038 iure
2305 2983 2436 3037 belli

338 3070 547 3138 adepti,
600 3072 974 3143 reddiderunt,
1027 3073 1325 3142 foedusque
1374 3074 1504 3127 inito
1563 3073 1635 3126 ad
1683 3089 1780 3127 sua
1826 3072 2030 3127 reversi
2081 3074 2217 3124 sunt.
2293 3067 2437 3137 quod

341 3153 523 3207 dolum
571 3162 693 3223 post
742 3159 959 3225 longum
998 3164 1208 3228 tempus
1244 3159 1591 3212 reminiscens
1631 3158 1878 3227 egregius
1917 3154 2213 3211 Gothorum
2252 3153 2439 3207 ductor

342 3237 638 3308 Sithalcus,
695 3240 783 3294 CL
840 3243 1074 3297 virorum
1134 3245 1350 3298 milibus
1406 3244 1745 3313 congregatis
1793 3240 2209 3296 Atheniensibus
2262 3238 2440 3291 intulit

340 3322 540 3376 bellum
563 3324 820 3379 adversus
841 3326 1155 3381 Perdiccam
1175 3328 1527 3383 Macedoniae
1548 3344 1748 3396 regem,
1772 3344 1931 3396 quem
1952 3324 2262 3380 Alexander
2281 3351 2348 3359 —
2369 3350 2440 3358 —

341 3405 748 3462 Atheniensium
797 3411 1122 3479 principatui
1172 3411 1498 3467 hereditario
1557 3415 1671 3467 iure
1725 3415 2017 3480 reliquerat
2063 3422 2438 3464 successorem.

343 3491 539 3559 Magno
576 3494 784 3560 proelio
824 3511 941 3548 cum
991 3495 1093 3550 hoc
1130 3497 1260 3551 inito
1300 3496 1464 3551 Gothi
1503 3499 1810 3566 superiores
1846 3496 2050 3550 inventi
2087 3497 2234 3558 sunt,
2272 3495 2327 3543 et
2364 3490 2441 3543 sic

343 3592 441 3643 pro
485 3577 697 3646 iniuria,
737 3595 844 3647 qua
879 3579 961 3633 illi
999 3582 1053 3633 in
1091 3581 1297 3635 Moesia
1342 3582 1541 3636 dudum
1579 3582 1846 3650 fecissent,
1885 3580 1974 3635 isti
2011 3579 2066 3631 in
2103 3575 2298 3631 Grecia
2335 3574 2441 3627 dis-

339 3667 611 3717 currentes
650 3669 890 3719 cunctam
928 3665 1298 3720 Macedoniam
1337 3665 1735 3722 vastaverunt.“
