2684 4140
903 299 940 341 1.
973 294 1216 342 NOMINA
1245 294 1696 342 GEOGRAPHICA.

314 438 368 480 Σ.
403 433 715 495 παράδεισος,
749 429 802 489 ὃς
831 428 911 495 ἦν,
943 428 1009 490 ὥς
1037 453 1168 496 φασι,
1197 453 1278 494 με·

313 504 496 563 τέωρος
525 497 652 559 ἅπας
680 506 724 549 ΙῙ
756 509 852 562 222,
885 511 927 550 4.

256 574 439 631 Sybaris
469 575 514 619 11
539 579 631 629 151,
659 579 723 621 17.
758 600 810 606 —
842 579 1029 632 propter
1056 577 1279 621 luxuriam

311 645 530 689 maturius
561 645 730 688 interiit
761 648 857 699 304,
880 650 947 691 20.

256 712 530 770 Syracusani
561 727 662 757 cum
698 717 949 760 statuarum
969 715 1181 760 iudicium
1210 714 1278 759 fa-

309 786 477 835 cerent,
499 783 583 827 soli
605 784 786 830 Gelonis
807 786 1066 831 Dinomenis
1086 785 1167 830 filii
1186 787 1277 831 sta-

309 857 415 896 tuae
441 858 743 910 pepercerunt
779 860 825 900 et
864 856 1070 913 Dionysii
1105 856 1160 900 iis
1201 856 1278 911 qui

309 922 478 966 Bacchi
519 923 707 968 formam
745 926 964 970 haberent
992 926 1037 969 lI
1068 929 1136 980 22,
1167 928 1191 968 2
1223 950 1276 956 -

309 992 543 1037 Lucanum
560 994 634 1050 qui
649 995 697 1038 in
712 994 933 1051 legatione
947 996 1111 1041 Dorica
1125 995 1277 1051 lingua

307 1062 463 1117 utitur,
494 1065 663 1109 talento
695 1065 887 1121 donant3
917 1068 1104 1122 propter
1132 1065 1220 1110 hoe
1249 1077 1277 1109 a

308 1131 605 1178 Doriensibus
638 1135 952 1179 collaudantur
980 1135 1024 1179 11
1055 1138 1125 1192 22,
1156 1139 1224 1180 25.

246 1201 347 1258 Syri
380 1206 472 1256 105,
495 1206 564 1247 20.
595 1229 649 1237 -
683 1205 888 1262 =Assyrii
916 1206 960 1249 11
990 1209 1086 1259 221,
1119 1208 1187 1249 28.
1219 1230 1274 1237 —-

306 1272 526 1317 luxuriosi
556 1278 624 1331 26,
659 1279 724 1320 17.

249 1340 377 1398 Syria
409 1345 505 1396 266,
538 1348 578 1387 9.

248 1411 390 1469 Syrtis
420 1410 780 1459 describitur'or.
814 1415 852 1460 V
884 1416 910 1471 ξ
943 1418 1095 1459 8-11.

246 1553 491 1597 Tarentum
532 1555 754 1610 quondam
783 1555 972 1611 florens,
1018 1569 1138 1601 nunc
1175 1556 1270 1600 fere

304 1623 527 1668 desertum
559 1628 657 1682 304,
690 1629 757 1672 21.

244 1691 491 1739 Tarsenses
522 1696 565 1739 II
595 1700 663 1751 49,
700 1700 765 1741 12.
798 1722 852 1729 —
888 1689 954 1752 ὥς
983 1690 1266 1758 ἐστεἝλλη-

301 1781 378 1819 νες
406 1761 691 1825 καὶΆργεῖοι
719 1771 800 1814 καὶ
830 1765 898 1816 ἔτι
926 1771 1159 1830 βελτίους,
1187 1773 1267 1816 καὶ

302 1830 537 1895 ἀρχηγοὺς
567 1834 700 1895 ἔχετε
730 1831 890 1897 ἥρωας
919 1843 999 1886 καὶ
1028 1836 1265 1898 ἡμιθέους,

298 1910 482 1963 μᾶλλον
513 1909 561 1954 δὲ
596 1912 798 1963 Τιτᾶνας
828 1914 923 1965 298,
955 1915 992 1956 1.
1024 1936 1080 1944 -
1110 1908 1267 1958 πόθεν

300 1974 647 2037 τάς(κερκίδας’
663 1975 771 2037 ὑμῖν
786 1979 1049 2041 ἐπιβοῶσιν
1056 2004 1070 2038 ,·
1088 1985 1183 2034 307,
1196 1986 1262 2026 31.

297 2071 355 2080 —
384 2049 646 2105 Argivorum
677 2050 825 2094 coloni
857 2055 961 2108 309,
998 2058 1033 2098 1.
1073 2078 1128 2084 -
1158 2053 1264 2097 Per-

297 2130 422 2162 seum
453 2120 609 2164 colunt
640 2124 735 2177 310,
765 2125 832 2165 29.
866 2148 920 2154 -
952 2121 1007 2169 τὸ
1041 2126 1148 2181 περὶ
1180 2119 1265 2181 τὴν

295 2186 477 2247 ἐσθῆτα
503 2194 601 2235 τῶν
620 2196 869 2249 γυναικῶν,
901 2193 958 2240 τὸ
982 2198 1156 2240 τοῦτον
1176 2194 1264 2239 τὸν

297 2259 485 2317 τρόπον
532 2260 858 2309 κατεστάλθαι
916 2268 998 2310 καὶ
1054 2266 1264 2321 βαδίζειν

297 2321 423 2376 ὥστε
452 2332 677 2391 (μηδένα)
705 2335 819 2394 μηδὲ
849 2331 900 2381 ἓν
935 2332 1094 2382 αὐτῶν
1122 2337 1263 2395 μέρος

295 2399 411 2447 ἰδεῖν
437 2398 557 2460 μήτε
587 2406 675 2450 τοῦ
711 2406 979 2463 προσώπου
1015 2403 1134 2466 μήτε
1176 2411 1263 2454 τοῦ

294 2475 468 2519 λοιποῦ
508 2470 755 2531 σώματος,
793 2476 909 2535 μηδὲ
950 2473 1096 2532 αὐτὰς
1139 2472 1263 2538 ὁρᾶν

296 2537 384 2596 ἔξω
414 2546 497 2601 τῆς
528 2541 643 2591 ὁδοῦ
671 2546 813 2604 μηδὲν
843 2551 939 2601 311,
962 2551 1001 2592 8.
1035 2574 1087 2581 --
1119 2548 1259 2605 philo-

295 2613 448 2669 sophis
468 2615 622 2671 iniqui,
643 2618 830 2672 propter
851 2618 1131 2673 quorundam
1153 2631 1260 2675 pec-

293 2688 416 2737 cata,
456 2685 532 2741 qui
563 2686 894 2743 significantur:
937 2688 1023 2748 τὴν
1053 2691 1259 2750 πατρίδα

293 2754 594 2813 βλάπτοντες
637 2761 718 2804 καὶ
767 2756 1100 2817 συνιστάμενοι
1135 2756 1258 2807 κατὰ

295 2828 394 2870 τῶν
423 2830 635 2873 πολιτῶν
665 2832 760 2884 316,
786 2833 852 2875 19.
883 2856 937 2863 -
970 2834 1154 2891 πρῶτοι
1175 2834 1261 2877 τοῦ

294 2891 465 2951 ἔθνους
495 2901 599 2953 318,
631 2902 672 2944 3.
715 2926 762 2932 -
808 2902 864 2944 ab
897 2903 1101 2957 Augusto
1140 2902 1258 2946 acci-

292 2965 442 3021 piunt:
483 2965 670 3028 χώραν,
703 2970 901 3027 νόμους,
944 2969 1103 3029 τιμήν,
1133 2971 1258 3026 ἐξου-

293 3037 405 3082 σίαν
434 3041 521 3085 τοῦ
550 3045 787 3097 ποταμοῦ,
818 3045 899 3098 τῆς
919 3039 1158 3100 θαλάττης
1178 3044 1259 3100 τῆς

292 3101 412 3150 καθ’
444 3103 616 3162 αῦτούς
645 3113 743 3165 318,
769 3115 834 3155 10.
867 3135 919 3143 —-
951 3109 1008 3157 τὸ
1034 3111 1254 3169 γενέσθαι

294 3174 424 3228 τινας
453 3179 552 3222 τῶν
570 3174 820 3236 ἡγεμόνων
838 3182 1027 3239 βιαίους
1054 3184 1134 3226 καὶ
1155 3178 1257 3228 τού-

294 3261 395 3298 τοις
422 3243 694 3301 ἐπεξελθεῖν
721 3246 1177 3309 ῦμᾶς-συνήνεγκε
1199 3248 1254 3296 τὸ

292 3318 421 3375 δίκην
450 3315 661 3373 ἐκείνους
696 3315 926 3378 ὑποσχεῖν
956 3324 1060 3374 318,
1104 3326 1169 3366 17.
1201 3347 1255 3353 -

295 3399 346 3431 eo
378 3392 576 3444 tempore
607 3402 694 3445 quo
724 3391 885 3435 iterum
916 3392 1038 3448 apud
1068 3405 1142 3437 eos
1170 3392 1253 3437 Dio

295 3458 581 3503 contionatur
647 3461 963 3516 proconsulem
1029 3462 1254 3506 inimicum

295 3529 482 3573 habent:
526 3527 635 3589 α’ρτι
672 3531 720 3578 δὲ
758 3526 889 3587 ῦμεῖς
918 3549 969 3578 τε
1001 3535 1069 3594 τῷ
1098 3536 1256 3578 δοκεῖν

292 3596 609 3646 ἐλαττοῦσθαι
631 3602 1008 3659 παροξυνθέντες
1028 3599 1192 3649 εἴπατέ
1212 3619 1253 3648 τι

293 3665 517 3725 κάκεῖνος
549 3669 769 3731 προήχθη
800 3676 879 3719 καὶ
908 3665 1092 3731 γράψαι
1132 3668 1255 3731 πρὸς

297 3733 446 3799 όργὴν
484 3745 562 3788 καὶ
601 3746 794 3801 ποιῆσαι
839 3737 979 3789 τοῦθ’
1028 3735 1148 3801 ὅπερ
1192 3741 1253 3800 μὴ

2244 297 2349 346 347

1380 432 1624 496 πρότερον
1640 440 1736 490 320,
1755 440 1796 482 8.
1814 462 1867 470 -
1886 433 1942 485 οὖ
1948 438 2066 497 χθὲς
2080 440 2159 484 καὶ
2180 435 2347 500 πρῴην

1378 510 1525 566 χωρὶς
1553 499 1610 566 ἦν
1641 503 1667 554 ὃ
1701 510 1846 566 δῆμος
1874 510 1954 554 καὶ
1982 511 2129 567 χωρὶς
2149 504 2175 567 ἢ
2195 509 2344 569 βουλή

1378 579 1459 622 καὶ
1489 580 1571 623 νῦν
1601 573 1668 623 ἔτι
1697 574 1818 624 καθ’
1842 574 2013 633 αὐτοὺς
2044 578 2090 626 οἳ
2110 579 2348 640 γέροντες,

1380 646 1460 691 sed
1490 660 1554 691 or.
1577 648 1771 694 XXXIV
1792 653 1993 705 tempore
2013 662 2157 706 nuper
2177 650 2224 694 in
2246 662 2347 705 gra·

1380 716 1491 761 tlam
1519 718 1746 763 redIerant
1777 722 1875 775 320,
1902 723 1966 762 10.
1988 745 2041 751 —
2065 720 2109 766 εἰ
2135 722 2254 778 γοῦν
2278 737 2348 773 τις

1378 784 1558 841 ἐπεξίοι
1601 785 1804 843 πάντας,
1849 793 1983 835 δοκεῖ
2021 806 2104 845 μοι
2141 786 2253 850 μηδ’
2287 788 2348 837 ἄν

1379 853 1460 902 δύο
1502 854 1678 917 ἄνδρας
1718 853 1873 916 εὑρεῖν
1913 857 1967 905 ἐν
2004 863 2062 918 τῇ
2105 858 2243 908 πόλει
2286 858 2342 908 τὸ

1339 937 1342 941 ’
1379 921 1496 973 αὐτὸ
1529 932 1829 986 φρονοῦντας
1860 933 1955 986 321,
1990 934 2056 975 17.
2097 955 2153 964 -
2190 944 2344 976 eorum

1379 990 1606 1056 πρύτανις
1644 999 1975 1044 inconsiderate
2016 1002 2341 1056 proconsulem,

1377 1068 1507 1122 quasi
1557 1074 1851 1113 accusaturus
1901 1070 2094 1125 Romae,
2155 1071 2344 1116 lacessit

1379 1139 1474 1190 327,
1507 1140 1576 1182 24.
1608 1162 1662 1169 -—
1702 1151 1801 1181 cum
1832 1139 2032 1185 Mallotis
2068 1141 2246 1197 litigant
2288 1142 2342 1187 de

1375 1204 1540 1250 finibus
1572 1206 1638 1260 (αἱ
1665 1207 1753 1263 μὲν
1785 1200 1869 1254 οὖν
1888 1213 2019 1263 θῖνες
2033 1213 2113 1255 καὶ
2134 1211 2191 1257 τὸ
2218 1211 2343 1269 πρὸς

1375 1278 1435 1332 τῇ
1455 1277 1594 1333 λίμνῃ
1613 1278 1796 1334 χωρίον
1818 1274 2011 1332 οὐδενὸς
2026 1276 2148 1333 ἄξια)
2168 1285 2263 1336 328,
2288 1287 2340 1328 26

1374 1357 1462 1400 qua
1492 1345 1547 1389 de
1575 1358 1625 1389 re
1655 1358 1733 1390 eos
1756 1346 1841 1391 Dio
1871 1350 1994 1391 vetat
2022 1348 2339 1409 καταφεύγειν

1372 1412 1450 1460 ἐπὶ
1488 1414 1573 1472 τὴν
1610 1413 1830 1469 ἐξουσίαν
1860 1412 2000 1471 εὐθὺς
2034 1422 2140 1471 329,
2186 1424 2252 1464 13.
2286 1447 2342 1453 -

1372 1485 1596 1541 porticum
1626 1489 1942 1531 exstruxerunt
1972 1489 2016 1531 II
2049 1493 2116 1545 85,
2153 1495 2188 1534 1.

1315 1554 1486 1599 Tarsus
1523 1554 1818 1615 μητρόπολις
1863 1561 1960 1603 τῶν
1987 1559 2109 1606 κατὰ
2142 1560 2226 1618 τὴν
2259 1565 2342 1607 Κι-

1370 1627 1522 1671 λικιάν
1554 1629 1652 1682 302,
1682 1630 1746 1671 10.
1781 1653 1832 1659 —
1864 1631 2122 1688 λινουργοί,
2153 1636 2336 1690 πλῆθος

1372 1689 1457 1741 οὐκ
1490 1690 1656 1754 ὀλίγον
1686 1687 1850 1756 ὥσπερ
1882 1694 2060 1752 ἔξωθεν
2094 1705 2175 1761 τῆς
2204 1708 2336 1749 πολι-

1369 1767 1500 1820 τείας
1529 1767 1686 1822 vulgus
1718 1768 1979 1813 seditiosum
2009 1777 2052 1814 et
2073 1773 2330 1828 inquietum.

1368 1849 1445 1880 eos
1477 1849 1628 1880 omnes
1649 1837 1695 1880 in
1717 1837 1944 1883 civitatem
1965 1841 2107 1898 recipi
2134 1843 2228 1886 vult
2250 1844 2334 1888 Dio

1367 1918 1432 1950 or.
1486 1906 1679 1951 XXXIV
1713 1910 1739 1964 ξ
1772 1913 1968 1955 21-23.
2016 1937 2069 1943 -—
2117 1914 2335 1960 Hercules

1367 1971 1577 2036 άρχηγὸς
1608 1981 1688 2037 τῆς
1718 1977 1908 2034 πόλεως
1938 1985 2034 2035 310,
2069 1986 2137 2028 25.
2169 2011 2223 2018 -
2252 2003 2335 2044 μη·

1367 2045 1597 2106 τρόπολις
1627 2053 1724 2105 310,
1764 2054 1830 2094 19.
1871 2076 1925 2082 —-
1955 2051 2249 2112 μητρόπολις
2287 2055 2339 2110 ἐξ

1366 2113 1677 2177 άρχῆςν-καὶ
1717 2119 1806 2165 τόν
1847 2119 2069 2181 δεύτερον
2111 2126 2333 2184 Καίσαρα

1364 2184 1482 2247 ὑπὲρ
1515 2186 1698 2243 πάντας
1717 2186 1878 2248 ἔσχετε
1902 2191 2088 2247 οἰκείως
2107 2191 2190 2250 ὑμῖ
2191 2211 2215 2239 ν
2236 2199 2331 2241 δια-

1364 2260 1588 2315 κείμενον
1618 2263 1716 2313 318,
1740 2265 1778 2304 5.
1811 2286 1862 2292 -
1887 2262 2151 2319 quingentas
2172 2264 2333 2309 drach-

1364 2342 1459 2374 mas
1501 2331 1701 2386 solvunt,
1746 2332 1823 2387 qui
1866 2332 1914 2375 in
1954 2333 2178 2377 civitatem
2215 2336 2330 2379 reci-

1365 2401 1550 2455 piuntur
1581 2404 1678 2456 322,
1706 2406 1769 2446 11.
1802 2427 1853 2433 -
1887 2399 2112 2461 πρύτανις
2133 2417 2333 2450 summus

1364 2471 1676 2528 magistratus,
1724 2485 1804 2517 sex
1847 2485 2021 2518 menses
2066 2476 2333 2529 magistratu

1362 2540 1564 2597 fungitur
1596 2545 1693 2599 326,
1729 2547 1764 2586 1.
1799 2547 1895 2596 327,
1920 2547 1988 2588 24.
2047 2544 2330 2604 γυμνασίαρ-

1361 2627 1448 2669 χος
1480 2615 1578 2667 321,
1611 2616 1677 2655 21.
1711 2639 1762 2644 -
1807 2613 1914 2658 civis
1946 2614 2124 2669 quidam
2155 2614 2329 2659 duobus

1362 2683 1733 2737 procuratoribus
1753 2682 1962 2739 deinceps
1973 2686 2195 2730 accusatis
2213 2698 2329 2741 mag·

1360 2765 1466 2796 nam
1497 2753 1677 2796 laudem
1708 2753 1896 2808 adeptus
1927 2760 1996 2797 est
2027 2757 2123 2806 328,
2163 2760 2197 2798 1.

1306 2822 1465 2876 Teii(?)
1514 2824 1666 2868 λίθων
1719 2817 1934 2880 εὐχρόων
1972 2826 2052 2868 καὶ
2094 2825 2324 2870 ποικίλων·

1361 2893 1492 2948 copia
1520 2892 1566 2935 II
1597 2895 1692 2943 220,
1729 2896 1792 2934 17.

1304 2963 1512 3007 Tenedus
1556 2954 1889 3020 παραπλήσιον
1929 2957 2229 3008 πεπόνθασιν
2275 2963 2322 3010 οἳ

1358 3031 1466 3088 ἐμοὶ
1501 3028 1639 3089 λόγοι
1679 3034 1747 3091 τῷ
1781 3024 1974 3092 κεράμῳ
2013 3035 2082 3092 τῷ
2125 3035 2324 3095 Τενεδίῳ

1358 3102 1402 3145 11
1432 3105 1500 3156 62,
1533 3106 1600 3145 30.

1303 3171 1518 3216 Thasium
1548 3172 1698 3215 vlnum
1729 3174 1798 3223 86,
1832 3175 1898 3215 13.

1302 3241 1478 3286 Thasus
1500 3238 1653 3298 νόμου
1672 3237 1814 3294 ὄντος
1836 3244 2203 3299 καταποντίζειν
2223 3245 2322 3300 κρί-

1358 3328 1544 3365 ναντας,
1574 3309 1660 3358 ἐάν
1689 3328 1732 3357 τι
1763 3314 1860 3357 τῶν
1889 3306 2090 3370 άψὺχων
2109 3311 2321 3370 ἐμπεσὸν

1358 3378 1618 3440 άποκτείνῃ
1650 3380 1753 3429 τινά
1787 3386 1881 3437 247,
1918 3386 1980 3427 16.

1301 3453 1484 3499 Thebae
1514 3448 1791 3500 α’ναστάτου
1821 3455 1902 3511 τῆς
1937 3450 2125 3507 πόλεως
2155 3448 2318 3507 αὐτοῖς

1355 3524 1611 3583 γενομένης
1638 3527 1722 3570 καὶ
1752 3519 1819 3569 ἔτι
1858 3526 1941 3569 νῦν
1978 3523 2149 3582 σχεδὸν
2181 3521 2320 3582 οὔσης

1356 3593 1476 3653 πλὴν
1511 3597 1684 3653 μικροῦ
1718 3593 1916 3653 μέρους,
1958 3597 2039 3650 τῆς
2081 3595 2319 3650 Καδμείας

1357 3668 1463 3720 212,
1497 3669 1563 3709 12.
1608 3690 1660 3696 -
1705 3662 1782 3710 ἐπὶ
1820 3663 1964 3722 μέσης
1994 3668 2075 3723 τῆς
2115 3660 2319 3723 α’ρχαίας

1358 3730 1541 3795 άγορᾶς
1570 3732 1620 3781 ἓν
1651 3739 1794 3781 τοῦτο
1828 3732 2017 3794 ἄγαλμα
2048 3733 2242 3794 ἕστηκεν
2266 3737 2318 3783 ἐν
