2684 4140
1047 260 1274 306 ORATIO
1304 260 1422 307 LVI.
2185 258 2284 306 125

202 410 270 458 τά
309 425 369 459 τε
408 405 548 458 ἄλλα
587 408 680 458 καὶ
717 410 878 476 ὅρκον
903 405 1241 472 ὑποδέχεται
1268 409 1496 473 ὀμόσειν
1526 407 1782 476 σφαγίων
1819 410 2128 474 γενομένων
2155 403 2289 472 περὶ

201 500 299 563 τῆς
335 490 666 562 Βρισηίδος,
714 488 751 562 ἤ
792 493 901 563 μὴν
940 485 1109 562 αὐτῆς
1153 489 1294 561 μηδὲ
1335 491 1610 557 ἅψασθαι
1650 489 1861 559 λαβών·
1913 491 2037 542 ἀντὶ
2087 486 2145 539 δὲ
2185 493 2288 538 τοῦ
2310 490 2374 540 15

202 580 374 643 μόνον
421 580 750 643 μεταγαγεῖν
798 577 914 626 ἀπὸ
967 583 1167 646 σκηνῆς
1214 577 1314 626 ἐπὶ
1365 578 1565 646 σκηνὴν
1611 578 1842 645 χρυσίον
1887 570 2292 642 ἐπαγγέλλεται

205 658 408 711 δώσειν
447 658 593 710 πολὺ
630 662 723 711 καὶ
762 660 977 720 ἵππους
1013 662 1106 710 καὶ
1156 658 1434 726 τρίποδας
1479 662 1573 711 καὶ
1624 659 1860 731 λέβητας
1894 662 1988 711 καὶ
2024 661 2292 727 γυναῖκας

145 755 170 795 5
205 745 298 793 καὶ
335 740 559 803 πόλεις·
597 740 916 794 τελευταῖον
944 741 1020 805 δέ,
1060 745 1136 804 ὡς
1164 736 1261 793 οὐκ
1290 745 1350 794 ὃν
1379 746 1581 808 ἱκανόν,
1621 744 1731 795 τῶν
1756 747 2085 814 θυγατέρων
2123 740 2292 811 τριῶν

205 820 388 883 οὐσῶν
425 827 491 895 ἢν
530 827 597 877 ἂν
633 823 904 896 βούληται
945 831 1270 877 συνοικιεῖν·
1311 830 1449 897 ὅπερ
1492 823 1676 889 οὐδεὶς
1713 831 1950 879 πώποτε
1986 826 2291 895 κατεκρίθη

205 911 437 974 παθεῖν,
465 911 590 961 ἀντὶ
614 911 989 980 θεραπαίνης,
1016 913 1110 961 καὶ
1134 913 1340 980 ταύτης
1368 910 1742 978 αἰχμαλώτου,
1770 911 1944 982 μηδὲν
1971 912 2294 979 παθούσης,

207 990 557 1064 [ἀναγκάσαι]
586 997 903 1046 συνοικίσαι
929 997 1027 1066 τὴν
1054 997 1340 1063 θυγατέρα
1368 998 1467 1047 ἐπὶ
1492 999 1687 1063 προικὶ
1711 995 1920 1066 μεγάλῃ
1949 999 2078 1047 ἄνευ
2106 994 2294 1047 ἕδνων.

203 1082 394 1139 ,καίτοι
431 1087 530 1152 τῆς
569 1077 725 1151 δίκης
749 1082 956 1150 ταύτης
985 1078 1249 1146 οὐδεμίαν
1278 1079 1439 1146 ἴσμεν
1467 1077 1755 1151 ἰδιωτικὴν
1783 1079 1937 1150 δίκην
1966 1082 2298 1148 πικρότερον

129 1177 176 1219 lo
210 1165 523 1234 κριθεῖσαν.
589 1165 696 1233 ἆρά
738 1178 832 1216 σοι
869 1163 1030 1216 δοκεῖ
1057 1166 1203 1235 πρὸς
1241 1165 1394 1216 θεῶν
1432 1166 1823 1226 ἀνυπεύθυνος
1850 1166 2037 1233 ἄρχειν
2077 1165 2105 1213 ὁ
2136 1156 2297 1229 Ἀγα-
2321 1162 2386 1214 16

206 1254 430 1316 μέμνων
476 1255 588 1301 τῶν
628 1241 921 1320 Ἑλλήνιον,
986 1241 1112 1300 ἀλλ’
1170 1250 1232 1300 ού
1283 1252 1431 1301 πάνυ
1481 1250 1732 1319 ἀκριβεῖς
1779 1251 2007 1314 ὑπέχειν
2057 1240 2301 1306 εὐθύνας

208 1337 476 1386 ἁπάντων
527 1334 603 1386 ὧν
652 1336 957 1404 ἔπραττεν,·
1014 1336 1148 1404 περὶ
1204 1336 1305 1401 μὲν
1366 1332 1430 1406 δὴ
1491 1337 1705 1385 τούτων
1766 1334 1939 1384 αὐτοῦ
1983 1335 2080 1383 τὸν
2140 1329 2301 1398 λόγον

208 1421 477 1486 ἐάσωμεν,
511 1421 655 1485 χθὲς
695 1421 896 1481 ἱκανῶς
934 1421 1241 1490 εἰρημένον,
1281 1412 1380 1470 ἐπ’
1423 1416 1594 1471 ἄλλον
1634 1418 1697 1471 δέ
1732 1436 1858 1470 τινα
1887 1417 2074 1484 ἴωμεν.
2102 1408 2299 1488 -’Μή

210 1507 356 1574 πρὸς
404 1505 584 1568 θεῶν,
638 1501 779 1555 ἀλλὰ
829 1505 1146 1574 πειράθητι
1194 1506 1380 1555 πάντα
1434 1506 1617 1556 εἰπεῖν
1666 1507 1772 1556 ὅσα
1820 1505 1965 1569 ἔχεις
2012 1505 2154 1572 ὑπὲρ
2204 1507 2307 1553 τοῦ

137 1602 185 1643 15
216 1590 396 1640 αὐτοῦ
441 1591 798 1658 πράγματος,
849 1591 927 1652 ὡς
964 1590 1070 1657 ἐγὼ
1118 1587 1284 1656 μόλις
1322 1590 1531 1659 ἀρτίως
1581 1591 1808 1660 συνίημι
1855 1595 1958 1640 τοῦ
2004 1586 2167 1656 λόγου
2206 1590 2305 1658 τὴν

211 1675 511 1726 ὑπόθεσιν.
594 1673 756 1740 οἶμαι
800 1676 904 1744 γάρ
956 1688 1018 1726 σε
1067 1676 1199 1744 περὶ
1249 1675 1420 1745 ἀρχῆς
1465 1675 1498 1744 ἢ
1548 1672 1844 1741 βασιλείας
1880 1675 1912 1744 ἢ
1953 1676 2211 1725 τοιοῦτόν
2249 1690 2306 1723 τι

211 1757 529 1829 βούλεσθαι
567 1756 760 1827 λέγειν.

1091 1899 1427 1906 ———.—

23 2082 195 2168 gagg
966 2083 1088 2146 (40)
1127 2079 1559 2148 ΝΕΣΤΩΡ.

1181 2226 1350 2234 ———

358 2323 473 2374 Διά
521 2324 578 2374 τί
624 2339 765 2375 ποτε
815 2321 974 2374 δοκεῖ
1011 2325 1142 2390 ὑμῖν
1178 2327 1468 2394 Νέστορος
1493 2318 1738 2395 Ὅμηρος
1786 2331 2029 2396 ποιῆσαι
2066 2322 2199 2375 τάδε
2238 2325 2307 2375 τὰ
2349 2323 2372 2372 1

219 2410 326 2478 ἔπη
368 2410 513 2477 πρὸς
544 2401 927 2476 Ἀγαμέμνονα
964 2410 1058 2459 καὶ
1089 2401 1373 2473 Ἀχιλλέα,
1424 2411 1942 2479 παραμυθούμενον
1982 2411 2184 2472 αὐτούς
2219 2412 2313 2461 καὶ

141 2503 190 2544 20
230 2492 564 2544 διδάσκοντα
602 2495 674 2564 μὴ
718 2491 1104 2564 διαφέρεσθαι
1141 2492 1427 2565 ἀλλήλοις·

433 2576 537 2648 η’δη
576 2580 679 2648 γάρ
720 2571 855 2628 ποτ’
897 2580 1002 2646 ἐγὼ
1041 2580 1135 2630 καὶ
1171 2581 1424 2649 ἀρείοσιν
1462 2582 1635 2650 ἠέπερ
1672 2581 1802 2645 ὑμῖν

436 2661 705 2732 ἀνδράσιν
744 2661 1018 2733 ὡμίλησα,
1056 2666 1150 2715 καὶ
1188 2665 1399 2715 ουποτέ
1435 2658 1499 2731 μ’
1545 2665 1606 2714 οἵ
1636 2658 1691 2732 γ’
1736 2660 2020 2733 ἀθέριζον.

438 2749 500 2799 οὐ
537 2750 640 2818 γάρ
680 2766 772 2798 πω
811 2750 1001 2810 τοίους
1039 2747 1161 2800 ἴδον
1199 2750 1402 2818 ἀνέρας
1442 2748 1568 2802 οὐδὲ
1611 2747 1847 2814 ἴδωμαι,

342 2931 361 2971 1
400 2919 550 2986 ὅρκον
579 2926 720 2971 cf.11.
752 2926 818 2971 IX
851 2930 930 2972 132
1047 2932 1071 2972 2
1104 2923 1250 2986 αὐτὴν
1278 2927 1411 2974 UBM
1556 2931 1580 2971 3
1610 2927 1767 2984 μόνου
1797 2928 1833 2970 Β
1976 2922 2101 2982 μόνο
2136 2923 2315 2984 ἐπαγα-

226 3005 329 3058 γεῖν
357 2998 393 3041 P
422 3011 482 3042 m.
514 3011 582 3053 pr.
615 3001 748 3052 (corr
777 2996 913 3054 vulg.)
1031 3004 1053 3041 5
1085 3001 1319 3045 τελευτῶν
1348 2997 1398 3044 δὲ
1428 2997 1507 3043 UB
1597 2991 1686 3043 οὐκ
1714 2990 1772 3055 ἦν
1800 2996 1919 3049 libri,
1952 3008 2066 3040 corr.
2097 2995 2230 3052 Emp.

229 3072 255 3112 6
286 3069 315 3126 ᾗ
345 3063 407 3114 ἀν
435 3063 531 3111 H‘
508 3087 535 3125 η
568 3062 630 3114 ἀν
659 3068 694 3111 Ρ
724 3084 783 3126 ην
811 3063 874 3115 ἀν
901 3067 951 3110 Μ
1066 3075 1305 3114 συνοικεῖν
1334 3067 1451 3121 libri,
1483 3079 1600 3112 corr.
1634 3066 1814 3112 Geelius
1947 3060 1976 3111 ὃ
2008 3059 2158 3119 οὐδεὶς
2186 3065 2319 3111 UBM

227 3151 286 3182 m.
316 3151 386 3194 pr.
545 3136 714 3197 ἐκρίθη
742 3138 875 3184 BMU
903 3152 958 3182 m.
989 3151 1056 3195 pr.
1233 3142 1257 3182 8
1288 3134 1559 3196 ἀναγκάσαι
1589 3139 1865 3195 συνοικῆσαι
1893 3135 2020 3181 UBH
2049 3129 2320 3194 ἀναγκάσαι

230 3209 495 3255 συνοικίσαι
515 3208 601 3252 MP
623 3201 889 3267 ἀναγκάσαι
921 3208 1006 3254 del.
1037 3208 1169 3252 Dind.
1260 3212 1285 3251 9
1315 3209 1476 3253 καίτοι
1507 3210 1784 3263 corruptum,
1813 3207 1975 3252 καίτοι
1994 3232 2051 3238 -
2069 3210 2320 3266 κριθεῖσαν

229 3279 314 3323 del.
345 3279 493 3334 Emp.,
522 3270 632 3342 κᾷτ’
667 3278 712 3324 εἰ
739 3278 845 3324 Wil.
967 3282 1015 3322 10
1047 3274 1142 3338 ἄρα
1173 3278 1222 3321 Μ
1317 3274 1535 3335 ἄρχεινιε
1566 3281 1621 3333 (c.
1653 3282 1759 3331 ras.)
1791 3278 1839 3330 P,
1871 3289 1899 3320 a
1927 3289 1985 3320 m.
2015 3279 2039 3319 2
2071 3288 2319 3333 superscr.:

230 3347 395 3409 ἄρχων
513 3353 558 3392 11
591 3344 778 3406 ὑπέχων
807 3360 925 3393 corr.
946 3347 991 3391 H
1108 3352 1159 3392 12
1190 3344 1395 3409 ἔπραττε
1416 3349 1494 3391 ΗΡ
1612 3351 1786 3394 τοῦτον
1806 3347 1840 3390 Ρ
1861 3361 1918 3392 m.
1942 3360 2012 3404 pr.
2103 3351 2151 3392 13
2181 3343 2321 3394 ἐάσο·

228 3437 317 3478 μεν
348 3421 388 3466 U
474 3417 619 3479 ἄλλην
638 3420 681 3463 Η
800 3423 850 3463 14
880 3416 1000 3477 ἔχεις
1030 3419 1225 3475 Geelius,
1257 3419 1405 3478 λέγεις
1433 3418 1534 3463 libri
1633 3423 1683 3463 15
1716 3413 1864 3465 αὐτοῦ
1893 3418 2046 3462 malim
2075 3418 2236 3463 abesse

233 3495 284 3536 16
315 3488 545 3552 βασιλῆας
573 3487 603 3548 ἢ
632 3486 826 3536 τϊουτόν
856 3507 900 3536 τι
931 3491 965 3532 Ρ
994 3503 1049 3533 m.
1080 3503 1149 3547 pr.
1271 3493 1320 3534 18
1351 3491 1460 3549 περὶ
1490 3489 1720 3547 νέστορος
1749 3489 1789 3534 U
1878 3484 1904 3536 ὃ
1923 3481 2126 3549 (Όμηρος
2154 3490 2235 3535 UB

232 3563 291 3610 τά
324 3576 411 3607 om.
436 3563 476 3605 H
598 3565 645 3605 19
677 3557 1086 3619 παραμυθούμενα
1116 3561 1186 3605 vel
1215 3560 1653 3620 παραμυθουμένου
1680 3564 1728 3605 et
1756 3560 2064 3614 διδάσκοντος
2083 3559 2319 3615 Reiskiu83

231 3637 441 3678 neutrum
471 3633 623 3690 placet
709 3636 759 3676 21
795 3631 864 3677 Of.
896 3631 950 3678 ΙΙ.
982 3631 1002 3674 Ι
1033 3634 1114 3675 260
1131 3644 1196 3688 sq.
1286 3634 1339 3674 22
1372 3628 1430 3677 οὔ
1449 3630 1562 3676 τοτέ
1591 3646 1674 3687 μοι
1704 3622 1756 3690 γ’
1788 3624 2016 3687 ἀθέριζον
2046 3630 2085 3676 U
2116 3645 2173 3676 m.
2195 3645 2264 3688 pr.

234 3707 288 3748 23
319 3699 515 3750 πώποτ’
544 3699 638 3762 ἐγὼ
669 3700 918 3756 τοιούτους
945 3701 1079 3747 UBM
1194 3698 1321 3748 εἶδον
1351 3698 1526 3761 ἄνδρας
1555 3701 1599 3744 Η
