2684 4140
414 300 514 348 118
920 283 1124 330 DIONIS
1153 281 1238 326 DE
1268 275 1525 324 ΗΟΜΕΒΟ
1557 274 1638 319 ΕΤ
1668 271 1948 319 SOORATE

406 442 498 492 καὶ
542 431 786 504 ὀργίλον,
825 425 1220 495 ἀγνωμοσύνης
1266 422 1360 473 καὶ
1407 422 1574 489 ὀργῆς
1623 419 1993 487 ἀποτρέπειν.
2091 415 2186 465 καὶ
2232 415 2332 465 ἐπὶ
2378 419 2490 466 τῶν

406 518 586 572 ἄλλων
623 515 831 580 ὁμοίως
867 511 936 561 τὰ
974 510 1139 577 πάθη
1178 506 1272 556 καὶ
1307 505 1376 554 τὰ
1413 505 1704 573 νοσήματα
1743 494 1842 552 ἐπ’
1886 500 2068 551 αὐτῶν
2116 503 2228 549 τῶν
2266 499 2490 568 ἀνθρώ-

405 619 528 655 πων
564 605 673 650 τῶν
699 599 972 662 ἐχομένων
998 596 1119 653 τοῖς
1144 590 1400 640 πάθεσιν
1424 589 1456 659 ἢ
1485 591 1607 648 τοῖς
1631 587 1915 656 νοσήμασι
1942 587 2292 655 σαφέστερον
2318 582 2491 635 ἐδείκ-

325 692 388 742 14
407 703 528 739 νυεν
565 683 739 733 ὁποῖά
776 681 930 730 ἐστιν
966 678 998 747 ἢ
1039 677 1090 727 εἰ
1126 675 1258 735 τούς
1297 671 1494 741 λόγους
1530 669 1741 740 ψιλούς
1767 668 1936 738 ἔλεγε.
1999 667 2160 720 δοκεῖ
2179 666 2241 720 δέ
2263 687 2365 737 μοι
2400 672 2497 724 καὶ

401 774 564 822 τοῦτο
592 757 734 834 παρ’
757 754 995 832 Ὁμήρου
1024 757 1230 826 λαβεῖν.
1275 759 1370 809 καὶ
1393 758 1496 827 γὰρ
1524 758 1752 820 ἐκεῖνος,
1780 758 1915 806 ὅταν
1939 756 2042 821 μὲν
2070 753 2331 826 διηγῆται
2358 758 2491 826 περὶ
2525 765 2549 806 5

401 850 692 912 Δόλωνος,
731 849 889 907 ὅπως
925 847 1026 910 μὲν
1064 844 1399 913 ἐπεθύμησε
1435 848 1547 893 τῶν
1587 842 1785 892 ἵππων
1823 845 1936 891 τῶν
1968 833 2291 906 Ἀχιλλέως,
2340 843 2498 903 ὅπως

404 934 461 987 δὲ
500 935 630 994 τοὺς
667 929 974 996 πολεμίους
1012 930 1363 999 ἀποφεύγειν
1403 925 1709 993 δυνάμενος
1747 927 1878 996 ἔστη
1919 931 2023 976 τοῦ
2059 922 2298 996 δόρατος
2342 928 2499 995 ἐγγύς

403 1023 675 1087 παγέντος
724 1017 818 1066 καὶ
867 1012 1026 1065 οὐδὲν
1076 1015 1245 1065 αὐτὸν
1294 1015 1475 1083 ὤνησε
1513 1014 1577 1064 τὸ
1617 1014 1814 1077 τάχος,
1864 1013 2023 1073 ὅπως
2063 1008 2121 1062 δὲ
2161 1011 2499 1079 ἐβάμβαινεν

401 1105 512 1156 ὑπὸ
551 1106 652 1153 τοῦ
682 1098 841 1162 δέους
863 1101 959 1151 καὶ
986 1101 1303 1169 συνεκρότει
1327 1100 1460 1160 τούς
1486 1095 1738 1161 ὀδόντας,
1777 1099 1936 1159 ὅπως
1964 1094 2023 1147 δὲ
2052 1094 2203 1164 ἔλεγε
2234 1101 2356 1158 τοῖς
2394 1113 2499 1150 πο-

404 1187 632 1254 λεμίοις,
671 1187 734 1237 οὐ
771 1187 943 1251 μόνον
983 1183 1042 1236 εἴ
1073 1203 1130 1236 τι
1166 1182 1421 1254 ἐρωτῷεν
1434 1224 1450 1248 ,
1490 1180 1631 1234 ἀλλὰ
1669 1183 1764 1234 καὶ
1800 1184 1944 1251 ὑπὲρ
1987 1181 2064 1234 ὧν
2100 1179 2299 1253 μηδεὶς
2335 1185 2502 1235 ἐπυν-
2541 1191 2587 1234 10

400 1276 609 1325 θάνετο
659 1272 769 1332 (καὶ
814 1271 918 1339 γὰρ
968 1271 1100 1331 τοὺς
1148 1271 1366 1331 ἵππους
1412 1270 1650 1339 ἐμήνυσε
1697 1269 1829 1330 τούς
1883 1267 2207 1337 Θρᾳκικοὺς
2259 1270 2354 1321 καὶ
2404 1271 2501 1320 τὸν

395 1353 608 1430 Ῥῆσον,
657 1357 719 1408 δν
757 1353 940 1416 οὐδεὶς
975 1347 1115 1424 ᾔδεῖ
1140 1353 1497 1426 ἀφιγμένον)·
1542 1360 1717 1405 ταῦτα
1768 1351 1827 1405 δὲ
1868 1351 2040 1422 λέγων
2083 1355 2227 1405 οὕτω
2272 1353 2495 1426 σφόδρα
2518 1337 2677 1423 (ἓξὲξ

403 1447 644 1514 ἐναργῶς
682 1443 742 1492 ού
783 1441 916 1510 περὶ
953 1437 1168 1502 δειλίας
1203 1442 1334 1506 ὑμῖν
1380 1442 1476 1492 καὶ
1529 1437 1865 1510 φιλοδοξίας
1905 1437 2064 1491 δοκεῖ
2097 1437 2500 1509 διαλέγεσθαι,-

325 1528 386 1578 15
405 1531 535 1581 ὅταν
575 1525 632 1578 δὲ
671 1528 804 1596 περὶ
852 1532 956 1576 τοῦ
998 1522 1334 1596 Πανδάρου,
1385 1526 1463 1587 ὡς
1513 1528 1731 1591 συνέχεε
1778 1526 1880 1587 τὰς
1931 1523 2209 1590 σπονδάς,
2259 1525 2501 1589 ἐλπίσας

404 1612 554 1681 δῶρα
582 1612 736 1682 παρὰ
757 1603 1124 1680 Ἀλεξάνδρου
1150 1606 1254 1661 τοῦ
1275 1611 1560 1680 Πριάμου,
1598 1612 1692 1662 καὶ
1710 1611 1843 1661 οὔτε
1871 1612 2163 1663 ἀπέκτεινε
2189 1613 2285 1663 τὸν
2312 1614 2494 1664 Μενέ-
2534 1620 2578 1662 15

404 1696 541 1750 λεων
576 1695 789 1765 βαλών,
827 1698 1014 1747 καίτοι
1051 1693 1286 1765 τοξότης
1327 1695 1516 1757 ἱκανὸς
1555 1694 1704 1747 εἶναι
1744 1693 1949 1759 δοκῶν,
1997 1698 2093 1748 καὶ
2128 1698 2393 1765 παραβὰς
2431 1698 2499 1748 τὰ

403 1787 559 1853 ὅρκια
595 1785 726 1846 τούς
756 1786 954 1850 Τρῶας
991 1782 1384 1851 ἀθυμοτέρους
1420 1782 1661 1851 ἐποίησε
1698 1782 1846 1848 πρὸς
1882 1783 1979 1832 τὸν
2018 1779 2268 1849 πόλεμον
2293 1800 2502 1853 μεμνη-

405 1873 601 1930 ιιένους
637 1870 726 1920 ἀεὶ
762 1875 859 1938 τῆς
896 1868 1218 1937 ἐπιορκίας·
1478 1890 1480 1892 >

1420 1957 1515 2002 νῦν
1556 1944 1607 2002 δ’
1651 1953 1810 2020 ὅρκια
1851 1951 2030 2002 πιστὰ

614 2040 965 2105 ψευσάμενοι
1000 2037 1370 2103 μαχόμεσθα·
1407 2035 1489 2104 τῷ
1526 2036 1594 2087 ού
1628 2038 1691 2087 νύ
1730 2053 1787 2087 τι
1821 2033 2051 2087 κάλλιόν
2088 2038 2238 2089 ἐστι·
2533 2049 2580 2091 20

328 2124 392 2174 16
411 2125 504 2176 καὶ
541 2123 603 2174 ὃν
640 2126 852 2192 τρόπον
891 2124 1181 2174 ἀπέθανεν
1221 2124 1283 2174 οὐ
1321 2123 1463 2189 μετὰ
1502 2119 1649 2174 πολύ
1688 2124 1788 2193 τὴν
1825 2119 2076 2190 γλῶτταν
2120 2123 2500 2194 ἀποτμηθείς,

295 2195 297 2197 ’
411 2210 544 2277 πρὶν
581 2210 612 2278 ἢ
651 2210 744 2260 καὶ
771 2206 910 2277 λόγῳ
943 2216 1123 2280 φῆσαι
1148 2211 1243 2260 τὸν
1267 2202 1636 2278 Ἀλέξανδρον
1676 2206 1828 2276 αὐτῷ
1848 2210 2014 2278 χάριν
2049 2206 2287 2260 εἰδέναι·
2326 2216 2500 2261 ταῦτα

413 2291 634 2356 διεξιὼν
650 2295 825 2355 οὕτως
844 2292 1127 2360 ἐπιμελῶς
1145 2296 1287 2364 ὑπὲρ
1311 2291 1482 2345 ἄλλου
1497 2310 1595 2345 του
1618 2292 1780 2345 δοκεῖ
1793 2291 2021 2364 λέγεινῆ
2046 2291 2391 2363 δωροδοκίας
2408 2296 2502 2346 καὶ

413 2380 674 2446 ἀσεβείας
697 2381 789 2430 καὶ
813 2381 875 2430 τὸ
905 2377 1126 2445 ξύμπαν
1153 2381 1512 2450 ἀφροσύνης,·
1538 2379 1600 2441 ὃς
1625 2380 1720 2430 καὶ
1744 2383 1866 2440 τοῖς
1891 2376 2083 2446 βέλεσι
2106 2385 2382 2449 κατηρᾶτο
2408 2382 2502 2432 καὶ

413 2462 636 2533 ἠπείλει
662 2463 980 2517 διακλάσειν
1008 2467 1145 2516 αὐτοὶ
1171 2468 1265 2517 καὶ
1287 2468 1675 2529 κατακαύσειν,
1704 2467 1781 2527 ὡς
1803 2466 2169 2536 φοβουμένων
2192 2466 2359 2516 αὐτὸν
2385 2471 2495 2517 τῶν
2532 2477 2580 2518 25

335 2550 396 2600 17
415 2547 607 2616 βελῶν.
669 2553 800 2601 ὅταν
840 2549 897 2601 δὲ
926 2552 1057 2620 περὶ
1075 2544 1266 2602 Ἀσίου
1293 2557 1398 2601 τοῦ
1414 2544 1693 2617 Ὑρτάκου,
1733 2553 1822 2601 ὅτι
1847 2556 1951 2601 τοῦ
1986 2557 2301 2620 στρατηγοῦ
2321 2548 2503 2602 κελεύ-

417 2648 616 2697 σαντος
636 2632 740 2698 ἔξω
762 2643 859 2707 τῆς
878 2639 1095 2707 τάφρου
1116 2635 1451 2688 καταλιπεῖν
1471 2638 1603 2699 τοὺς
1625 2637 1844 2698 ἵππους
1862 2638 2036 2702 μόνος
2057 2636 2154 2701 οὐχ
2171 2637 2503 2706 ὑπήκουσεν,

625 2718 764 2771 ἀλλὰ
806 2723 903 2773 σύν
942 2723 1197 2774 αὐτοῖσιν
1237 2720 1483 2774 πέλασεν
1522 2723 1720 2792 νήεσσι
1755 2722 1939 2791 θοῇσι

624 2808 850 2876 νήπιος·
890 2801 1032 2875 [οὐδ’
1076 2800 1169 2877 ἄρ’
1214 2806 1425 2874 ἔμελλε,
1462 2808 1636 2869 κακὰς
1673 2809 1787 2858 ὑπὸ
1826 2814 2000 2877 κῆρας
2038 2804 2262 2870 ἀλύξας,

562 2978 580 3016 1
615 2968 875 3034 ἀποτρέπει
897 2975 978 3020 UB
1067 2979 1091 3019 2
1123 2979 1220 3022 τῶν
1242 2990 1328 3021 om.
1352 2975 1486 3021 UBM
1574 2978 1598 3018 3
1630 2970 1851 3021 πάθουσε
1870 2974 1990 3028 (sict)
2011 2973 2055 3017 Η
2141 2973 2351 3021 ἐδίκνυεν
2372 2975 2420 3018 Μ

417 3047 445 3087 4
467 3039 612 3091 ὁποῖά
629 3045 748 3091 εἰσιν
770 3045 851 3089 ΡΗ
945 3042 1140 3104 ψειλοὺς
1160 3047 1234 3103 Μ;
1257 3044 1426 3106 ψιλοὺς
1447 3059 1534 3091 om.
1556 3045 1607 3100 P,
1627 3045 1674 3089 in
1694 3058 1805 3102 mrg.
1827 3044 1976 3102 suppl.
1997 3044 2040 3088 H
2127 3049 2150 3088 5
2173 3041 2305 3105 παρὰ
2328 3045 2421 3090 ΜΗ

421 3116 642 3172 διηγεῖται
669 3115 718 3158 Μ
854 3120 879 3160 6
910 3121 996 3163 τοῦ
1025 3131 1107 3174 pro
1137 3119 1279 3164 altero
1310 3121 1409 3164 τῶν
1438 3116 1605 3164 UBPH
1721 3120 1744 3160 7
1775 3115 1950 3160 malim:
1983 3108 2251 3175 ἀποφυγεῖν
2372 3119 2396 3160 8
2429 3113 2507 3164 αὖ·

420 3185 518 3228 τῶν
544 3184 594 3227 Μ
704 3178 996 3246 ἐμβάβαινεν
1026 3189 1062 3231 Β
1180 3193 1231 3233 10
1264 3181 1354 3247 &a
1382 3201 1466 3245 pro
1499 3184 1586 3234 εἶ’τι
1616 3187 1651 3231 P
1772 3191 1818 3231 11
1853 3182 1948 3246 γὰρ
1978 3199 2066 3232 om.
2097 3186 2229 3231 UBM
2258 3200 2316 3232 m.
2348 3200 2418 3243 pr.

425 3257 474 3296 13
506 3247 664 3312 ἀργῶς
691 3255 821 3301 BMU
850 3270 908 3302 m.
939 3271 1007 3315 pr.
1150 3261 1299 3314 διλίας
1328 3260 1377 3304 Μ
1408 3260 1624 3312 δουλείας
1651 3258 1688 3302 Ρ
1831 3253 1943 3317 ἡμῖν
1963 3256 2006 3300 Η
2169 3261 2219 3302 15
2254 3257 2509 3304 Μενέλεων

422 3323 554 3368 UBM
586 3325 806 3372 Μενέλεω
827 3327 869 3371 H
897 3327 1001 3380 (τὸν
1023 3330 1276 3378 Μενέλεων
1304 3345 1391 3376 om.
1414 3330 1466 3386 P)
1569 3334 1623 3374 20
1653 3321 1915 3388 μαχόμεθα
1943 3327 2108 3374 UBHP
2196 3323 2251 3374 νύ
2280 3344 2356 3374 τοι
2386 3328 2422 3372 Ρ

422 3389 618 3439 κάλλιόν
645 3393 763 3440 ἐστιι
793 3397 980 3455 κέρδιον
1006 3394 1116 3458 ἡμῖν
1143 3401 1365 3447 Homerus
1395 3402 1447 3446 Il.
1479 3402 1566 3447 VII
1595 3405 1678 3446 352
1780 3403 1834 3444 23
1866 3399 2188 3458 δωροδοκείας
2216 3398 2266 3442 Μ
2368 3401 2423 3442 24
2452 3414 2508 3455 γε

424 3475 507 3518 pro
535 3466 615 3509 καὶ
643 3464 736 3509 UB.
782 3465 848 3510 Cf.
879 3467 1008 3514 Hom.
1038 3470 1088 3515 Il.
1118 3471 1159 3516 V
1189 3475 1384 3517 214-16
1501 3477 1554 3517 25
1585 3470 1780 3519 κλάσειν
1810 3470 1889 3515 ΗΡ
2005 3473 2059 3514 26
2089 3469 2147 3514 cf.
2181 3468 2312 3513 Hom.
2342 3467 2508 3513 11.X11

432 3536 509 3577 108
525 3546 589 3590 sq.
703 3540 755 3581 28
786 3537 959 3585 πέλασε
989 3540 1146 3597 νήεσσι
1167 3542 1216 3584 Μ
1245 3543 1449 3591 πέλασεν
1480 3540 1609 3603 νήεσι
1631 3545 1670 3588 Β
1691 3540 1856 3601 νήεσσι
1877 3541 2087 3588 πέλασσε
2107 3540 2147 3585 U
2168 3538 2346 3586 πέλασε
2377 3535 2507 3597 νήεσι

429 3602 471 3644 Η
500 3602 704 3651 πέλασσε
733 3603 861 3663 νήεσι
890 3608 925 3651 Ρ
1012 3614 1064 3654 29
1098 3606 1200 3658 οὐδ’
1232 3609 1316 3674 ἄρ’
1338 3629 1452 3672 —p.
1478 3618 1598 3668 119,1
1623 3609 1923 3673 ἠνεμόεσσαν
1943 3611 2122 3668 seclusi,
2152 3611 2258 3668 qnia
2275 3610 2507 3666 sequentia

430 3673 663 3718 stultitiam
682 3676 778 3720 Asii
797 3677 1021 3723 illustrant
1040 3680 1153 3735 (vide
1171 3689 1287 3739 part.
1309 3689 1474 3740 praes.)
1496 3689 1542 3730 et
1569 3686 1676 3741 quia
1695 3685 1833 3731 verba
1858 3681 2078 3730 ἵπποισιν
2100 3706 2155 3714 -
2176 3675 2507 3740 ἀγαλλόμενος

428 3747 587 3797 postea
616 3745 1037 3796 circumscribuntur
1065 3753 1210 3798 verbis
1239 3749 1331 3800 ὑπὸ
1365 3758 1461 3801 τῶν
1487 3753 1652 3803 ἵππων
1681 3781 1735 3789 -
1767 3757 1941 3814 δίφρου
