2684 4140
372 276 476 324 252
845 267 1055 314 DIONIS
1085 266 1171 311 DE
1203 262 1459 309 DICENDI
1487 261 1996 309 EXERCITATIONE

300 421 332 471 5
517 407 643 464 ἀλλ’
688 414 776 463 ἵνα
813 414 895 481 μή
928 407 1114 460 πολλὰ
1154 409 1266 476 πρὸ
1306 413 1409 457 τοῦ
1444 409 1802 477 πράγματος,
1842 407 1946 479 ἤδη
1989 410 2074 471 οἷς
2113 408 2469 480 προσέταξας

365 501 727 567 ἐγχειρητέον.
795 495 1065 564 μειρακίῳ
1107 494 1209 558 μὲν
1250 491 1345 542 οὖν
1383 482 1416 561 ἢ
1455 496 1559 559 νέῳ
1602 490 1763 562 ἀνδρὶ
1800 499 1903 543 τοῦ
1938 511 1996 544 τε
2025 497 2295 564 πράττειν
2322 496 2465 546 ἀπο·
2483 505 2662 549 (475311

359 589 617 652 χωρῆσαι
653 577 975 647 βουλομένῳ
1017 579 1112 629 καὶ
1149 579 1295 647 πρὸς
1333 578 1568 647 ἀσκήσει
1605 578 1879 645 γενέσθαι
1914 581 2008 630 καὶ
2048 577 2281 646 δύναμιν
2308 596 2467 650 περι-

364 667 734 736 ποιήσασθαι
771 665 1074 732 ἐναγώνιον
1112 664 1317 728 ἐτέρων
1357 663 1532 732 ἔργων
1571 680 1630 714 τε
1667 664 1762 714 καὶ
1810 661 2072 733 πράξεων
2113 663 2211 716 δεῖ.
2292 667 2357 715 σύ
2406 664 2464 717 δὲ
2490 676 2639 719 (25511)

362 752 487 802 οὔτε
527 753 766 819 ἄπειρος
803 755 906 800 τοῦ
941 749 1103 818 ἔργου
1144 748 1269 798 οὔτε
1309 745 1622 798 ἀπολιπεῖν
1659 749 1723 798 τὸ
1760 751 2030 818 πράττειν
2059 749 2297 802 δύνασαι
2334 739 2462 802 ὀὔτε
2499 762 2523 802 5

357 832 581 905 χρῄζεις
621 833 904 905 δικανικῆς
944 832 1232 900 δυνάμεώς
1269 850 1329 884 τε
1367 834 1462 884 καὶ
1494 830 1832 903 δεινότητος,
1873 832 2015 885 ἀλλά
2054 843 2153 905 τῆς
2191 834 2470 904 πολιτικῷ

295 925 326 977 6
367 918 528 988 ἀνδρὶ
565 923 899 990 πρεπούσης
925 937 985 970 τε
1025 921 1139 985 ἅμα
1166 919 1261 969 καὶ
1286 919 1579 988 ἀρκούσης.
1645 924 1810 969 τοῦτο
1838 922 1939 986 μὲν
1969 917 2032 991 δὴ
2062 926 2291 990 πρῶτον
2320 919 2468 984 ἴσθι,

359 1008 448 1056 ὅτι
499 1006 561 1056 οὐ
614 1003 708 1056 δεῖ
747 1018 840 1055 σοι
892 1007 1070 1055 πόνου
1110 1006 1204 1056 καὶ
1241 1002 1639 1074 ταλαιπωρίας
1678 1032 1746 1041 —-
1784 1004 1863 1073 τῷ
1901 1008 2003 1071 μὲν
2040 1007 2143 1075 γὰρ
2184 1007 2283 1056 ἐπὶ
2322 1003 2468 1056 πολὺ

359 1092 670 1162 ἀσκήσαντι
707 1097 882 1141 ταῦτα
922 1092 1022 1142 ἐπὶ
1059 1088 1331 1142 πλεῖστον
1370 1092 1635 1160 προάγει,
1675 1089 1754 1157 τῳ
1796 1087 1854 1141 δὲ
1895 1082 1992 1141 ἐπ’
2039 1088 2226 1159 ὀλίγον
2260 1105 2468 1161 χρησα-

357 1181 504 1245 μένῳ
561 1174 840 1247 συλλήψει
876 1179 975 1248 τήν
1014 1178 1198 1247 ψυχὴν
1234 1178 1328 1228 καὶ
1367 1177 1603 1246 ὀκνηρὰν
1652 1181 1817 1227 ποιεῖ
1849 1177 2320 1247 προσφέρεσθαι,
2370 1195 2465 1227 κα·
2507 1173 2669 1260 10(4Ξ16)]

359 1263 557 1333 θάπερ
597 1264 729 1324 τούς
767 1263 1079 1333 ἀσυνήθεις
1111 1263 1244 1332 περὶ
1285 1264 1548 1334 σώματος
1575 1263 1816 1331 ἄσκησιν
1857 1260 2022 1323 εἴτις
2046 1264 2330 1313 κοπώσειε
2369 1263 2468 1329 βα-

361 1352 618 1418 ρυτέροις
642 1350 991 1415 γυμνασίοις,
1033 1349 1483 1415 ἀσθενεστέρους
1522 1348 1794 1417 εποίησεν
1833 1374 1902 1381 -
1942 1345 2083 1398 ἀλλά
2125 1349 2318 1417 ὥσπερ
2345 1354 2467 1410 τοῖς

360 1434 574 1504 ἀήθεσι
621 1430 781 1502 (τοῦ)
818 1438 1015 1485 πονεῖν
1058 1436 1315 1500 σώμασιν
1367 1431 1653 1502 ἀλείψεως
1694 1431 1788 1484 δεῖ
1816 1430 2030 1499 μᾶλλον
2068 1435 2161 1485 καὶ
2197 1436 2470 1504 κινήσεως

361 1523 677 1588 συμμέτρου
728 1510 762 1589 ἢ
811 1520 1148 1587 γυμνασίας,
1201 1520 1345 1569 οὕτω
1399 1520 1490 1570 σοὶ
1538 1520 1672 1588 περὶ
1721 1520 1853 1580 τούς
1903 1516 2100 1586 λόγους
2138 1516 2469 1585 ἐπιμελείας

357 1605 480 1655 ἐστὶ
513 1606 674 1673 χρεία
713 1602 927 1670 μᾶλλον
965 1602 1139 1674 ήδονῇ
1176 1607 1520 1673 μεμιγμένης
1557 1594 1590 1673 ἢ
1631 1605 1921 1674 ἀσκήσεως
1958 1605 2053 1655 καὶ
2090 1606 2286 1655 πόνου.
2505 1613 2548 1653 15

502 1696 613 1740 τῶν
650 1692 752 1755 μὲν
782 1687 845 1760 δή
877 1695 1134 1759 ποιητῶν
1166 1682 1647 1756 συμβουλεύσαιμ’
1693 1691 1760 1740 ἀν
1790 1703 1883 1740 σοι
1909 1687 2225 1759 Μενάνδρῳ
2267 1707 2326 1740 τε
2356 1696 2467 1741 τῶν

356 1781 617 1841 κωμικῶν
664 1777 738 1846 μή
791 1779 1089 1845 παρέργως
1137 1777 1486 1842 ἐντυγχάνειν
1540 1775 1634 1824 καὶ
1685 1771 1965 1842 Εὐριπίδῃ
2015 1780 2126 1824 τῶν
2175 1781 2467 1843 τραγικῶν,

356 1862 450 1911 καὶ
487 1863 712 1923 τούτοις
748 1863 821 1931 μὴ
866 1862 1072 1924 οὕτως,
1125 1861 1293 1911 αὐτὸν
1333 1861 1848 1927 ἀναγιγνώσκοντα,
1896 1853 2070 1923 (ἀλλὰ
2113 1852 2227 1926 δι’)
2265 1863 2468 1928 ἑτέρων

357 1946 753 2012 ἐπισταμένων
792 1944 1040 2012 μάλιστα
1078 1948 1180 2012 μὲν
1217 1947 1312 1997 καὶ
1348 1943 1553 2016 ήδέως,
1605 1946 1656 1996 εἰ
1697 1938 1750 1996 δ’
1796 1945 1919 2009 οὖν,
1967 1942 2200 2006 ἀλύπως
2237 1946 2469 2014 ὑποκρί-

358 2032 604 2082 νασθαι·
656 2029 870 2083 πλείων
918 2032 1022 2101 γὰρ
1072 2035 1104 2102 ή
1159 2030 1437 2101 αἴσθησις
1487 2028 1870 2098 ἀπαλλαγέντι
1916 2037 2015 2100 τῆς
2059 2031 2193 2098 περὶ
2228 2032 2291 2080 τὸ
2333 2031 2463 2080 ἀνα·
2502 2025 2672 2113 20(4⁷1⁷1)I

292 2119 322 2169 7
361 2119 687 2184 γιγνώσκειν
715 2115 999 2183 ἀσχολίας.
1060 2119 1154 2168 καὶ
1178 2115 1375 2186 μηδεὶς
1400 2122 1512 2167 τῶν
1541 2119 1885 2186 σοφωτέρων
1917 2116 2250 2185 αἰτιάσηταί
2283 2132 2355 2181 με
2393 2117 2470 2177 ὡς

361 2203 742 2271 προκρίναντα
783 2209 882 2272 τῆς
921 2203 1158 2271 ἀρχαίας
1197 2199 1500 2269 κωμῳδίας
1525 2204 1624 2271 τὴν
1650 2198 1987 2270 Μενάνδρου
2015 2191 2049 2270 ἢ
2083 2206 2194 2251 τῶν
2222 2201 2469 2269 ἀρχαίων

360 2284 663 2355 τραγῳδῶν
695 2285 1039 2356 Εὐριπίδην·
1083 2285 1210 2338 οὐδὲ
1249 2288 1352 2356 γὰρ
1395 2288 1451 2337 οἱ
1490 2288 1676 2355 ἰατροὶ
1702 2287 1803 2348 τὰς
1830 2283 2317 2347 πολυτελεστάτας
2343 2303 2468 2356 τρο-

363 2373 477 2442 φὰς
519 2375 889 2423 συντάττουσι
928 2376 1049 2434 τοῖς
1087 2373 1409 2442 θεραπείας
1449 2370 1764 2438 δεομένοις,
1807 2363 1946 2422 ἀλλὰ
1986 2372 2087 2433 τοὶς
2128 2369 2465 2441 ὠφελίμους.

361 2455 508 2508 πολὺ
561 2450 615 2508 δ’
670 2459 736 2509 ἂν
787 2459 946 2527 ἔργον
996 2457 1080 2528 εἴη
1121 2460 1184 2508 τὸ
1227 2455 1404 2525 λέγειν
1442 2460 1547 2508 ὅσα
1595 2449 1712 2508 ἀπὸ
1752 2460 1966 2508 τούτων
2000 2458 2277 2526 χρήσιμα·
2331 2459 2364 2526 ἥ
2403 2474 2463 2508 τε
2501 2463 2548 2505 25

358 2543 461 2612 γὰρ
513 2549 616 2593 τοῦ
650 2541 986 2611 Μενάνδρου
1035 2545 1274 2614 μίμησις
1327 2545 1580 2605 ἅπαντος
1628 2544 1811 2613 ἤθους
1859 2545 1953 2594 καὶ
1994 2545 2228 2610 χάριτος
2275 2549 2467 2594 πᾶσαν

361 2626 743 2698 ὑπερβέβληκε
780 2630 878 2699 τήν
920 2626 1212 2698 δεινότητα
1252 2635 1363 2680 τῶν
1391 2627 1654 2680 παλαιῶν
1678 2635 1954 2695 κωμικῶν,
1994 2630 2028 2698 ἥ
2067 2646 2127 2679 τε
2153 2625 2466 2697 Εὐριπίδου

505 2771 525 2810 1
560 2763 714 2813 πολλὰ
744 2765 929 2825 (λέγω)
958 2765 1092 2809 Dind.
1239 2761 1286 2812 οἶ
1317 2767 1353 2810 Β
1499 2770 1523 2809 2
1554 2758 1640 2813 οὖν
1671 2780 1758 2811 om.
1788 2766 1830 2812 U
2018 2771 2044 2809 4
2074 2763 2339 2825 ἐναγώνιον
2369 2763 2465 2813 ἑτέ-

361 2855 461 2900 ρων
491 2838 669 2894 scripsi,
703 2833 729 2884 ὃ
752 2832 887 2897 ἀγών
908 2835 1086 2896 ἑτέρων
1107 2836 1186 2881 UB
1211 2834 1239 2883 o‘
1263 2832 1582 2896 ἀγωνοτέρων
1601 2838 1666 2894 Μ,
1697 2833 1859 2897 λόγων
1880 2835 2059 2896 ἑτέρων
2079 2836 2117 2879 Τ
2138 2841 2184 2881 et
2204 2837 2385 2893 vulgata

359 2915 383 2955 5
417 2906 651 2956 δύνασθαι
681 2909 729 2952 Μ
819 2913 841 2952 7
875 2905 986 2966 ἴσθη
1017 2908 1067 2951 Μ
1156 2911 1181 2952 8
1213 2911 1284 2970 τῷ
1313 2934 1366 2941 -
1399 2904 1604 2969 προάγει
1637 2913 1853 2966 corrupta
1874 2908 2015 2960 (Wil.)
2104 2911 2129 2951 9
2161 2906 2205 2953 δ’
2238 2903 2322 2954 ἐπ’
2344 2908 2382 2951 Β

363 2985 412 3025 10
458 2973 683 3039 συλλήψει
724 2980 849 3034 libri,
886 2979 1088 3024 nondum
1130 2981 1437 3025 emendatum:
1479 2984 1703 3027 συλλυπεῖ
1742 2980 1935 3026 casaub.
1978 2978 2219 3026 συστέλλει
2255 2977 2468 3022 Goerlitz.

364 3060 585 3110 συννεφεῖ
615 3052 746 3109 Emp.
778 3051 868 3095 alia
897 3051 975 3095 alii
1096 3055 1143 3095 11
1177 3049 1448 3098 κοπώσειεν
1478 3052 1517 3096 U
1548 3055 1767 3098 κοπῶσιν
1795 3050 1849 3098 ἐν
1869 3050 1919 3094 Μ
2036 3053 2088 3093 12
2121 3043 2285 3109 ὥσπερ
2316 3048 2466 3101 Βίῐιᾱ.,

362 3119 428 3177 ὥς
457 3123 562 3167 libri
700 3127 747 3167 13
779 3118 951 3181 ἀήθεσι
983 3124 1070 3169 τοῦ
1100 3122 1277 3178 Pfiugk,
1308 3118 1481 3181 ἀήθεσι
1511 3123 1559 3166 Μ
1591 3119 1839 3183 ἀηθίστοις
1869 3122 1948 3167 UB
2095 3118 2320 3179 σώματος
2349 3119 2466 3173 libri,

364 3187 581 3251 σώμασιν
610 3194 743 3251 Emp.
891 3189 1128 3253 ἀλείψεως
1158 3196 1305 3239 Anon.
1339 3208 1412 3252 ap.
1445 3195 1615 3248 Reisk„
1647 3189 1953 3254 ἀπολείψεως
1981 3193 2085 3238 libri
2233 3196 2283 3237 14
2314 3184 2468 3242 οὕτως

363 3264 409 3312 οἱ
440 3266 488 3309 Μ
519 3257 672 3319 οὕτως
702 3280 779 3311 σοι
809 3265 852 3311 U
965 3264 1207 3323 ἐπιμέλεια
1238 3267 1277 3310 Β
1308 3264 1553 3330 ἐπιμελείᾳ
1583 3266 1689 3320 UM,
1720 3279 1838 3311 corr.
1871 3265 2006 3322 Emp.
2100 3268 2149 3308 15
2180 3264 2312 3311 ἐστὶν
2341 3263 2390 3306 Μ

357 3340 484 3397 χρῆα
515 3337 553 3381 U
669 3332 839 3396 ἡδονῆς
867 3338 985 3392 libri,
1016 3352 1133 3384 corr.
1165 3339 1295 3396 Emp.
1327 3339 1374 3384 in
1403 3339 1631 3383 Additam.
1662 3352 1708 3395 p.
1732 3341 1816 3383 824
1915 3340 1966 3381 16
1996 3338 2067 3397 τῷ
2094 3336 2294 3396 κωμικῷ
2314 3333 2393 3378 UB

367 3413 415 3453 17
447 3402 686 3468 εὐρειπίδη
716 3409 764 3452 Μ
852 3412 922 3471 τῷ
951 3413 1162 3472 τραγικῷ
1193 3410 1274 3456 UB
1363 3414 1415 3454 18
1448 3409 1603 3457 αὐτὸν
1633 3423 1718 3454 om.
1753 3410 1791 3455 U
1881 3399 2277 3468 ἀναγινώσκοντα
2308 3403 2387 3448 UB

362 3472 484 3526 ἀλλά
517 3473 581 3524 δι’
613 3478 765 3524 addidi
795 3483 980 3524 secutus
1011 3481 1296 3538 Emperium‚
1329 3482 1484 3526 eodem
1515 3481 1654 3527 redit·
1698 3475 1942 3527 ἀκούοντα
1973 3476 2019 3525 δ’
2049 3475 2321 3522 Herwerden

361 3552 417 3593 20
449 3543 827 3608 ἀναγιγνώσκειν
856 3550 1078 3607 Valesius,
1108 3548 1391 3611 γιγνώσκειν
1419 3552 1510 3597 UM
1538 3547 1792 3611 γινώσκειν
1821 3552 1860 3595 Β
2023 3553 2072 3593 21
2109 3545 2393 3605 σοφοτέρων
2423 3545 2462 3590 U

360 3634 419 3667 m.
449 3633 517 3678 pr.
606 3624 658 3664 23
690 3615 954 3680 εὐρειπίδην
985 3622 1034 3665 Μ
1122 3626 1175 3667 24
1206 3623 1451 3679 δεομένοις
1479 3624 1747 3683 θεραπείας
1777 3623 1881 3674 (hoc
1906 3620 2003 3667 ord.
2010 3619 2079 3673 )U
2168 3621 2222 3662 26
2243 3614 2449 3676 ἤθους-

364 3694 418 3735 27
460 3689 806 3752 ὑπερβέβληκε
846 3692 1065 3737 lacunosa
1094 3697 1176 3739 aut
1203 3694 1398 3751 graviter
1429 3699 1663 3751 corrupta·
1706 3705 1852 3750 neque
1887 3693 2080 3750 μίμησις
2106 3682 2306 3748 χάριτος
2339 3690 2464 3731 recte

365 3762 545 3818 dicitur,
561 3774 705 3818 neque
722 3775 776 3806 ex
794 3762 914 3807 omni
928 3767 1057 3820 parte
1069 3764 1368 3810 Menandrum
1385 3765 1583 3823 antiquis
1599 3765 1834 3823 praeferre
1847 3762 1990 3809 voluit
2064 3764 2115 3804 27
2138 3754 2404 3817 εὐρειπίδου
2415 3757 2463 3801 Μ
