2684 4140
399 239 502 287 224
1080 227 1286 275 DIONIS
1315 227 1402 272 DE
1432 227 1789 273 LIBERTATE

395 381 614 445 θεσμὸν
654 373 836 426 πάλαι
874 373 1176 441 παρέβητε,
1215 373 1313 422 τὸν
1355 369 1413 422 δὲ
1441 378 1545 422 τοῦ
1570 369 1814 442 δεῖνοςῆ
1855 375 1951 424 τὸν
1990 379 2093 424 τοῦ
2129 371 2311 437 δεῖνος
2337 378 2496 437 ὅπως
2651 363 2666 434 3

392 460 588 532 μηδεὶς
626 459 1022 529 παραβήσεται
1063 456 1396 506 σκοπεῖσθε.
1469 458 1564 507 καὶ
1601 458 1699 526 τὴν
1738 458 1896 527 ἀράν,
1935 458 2001 527 ἣν
2020 451 2327 528 Ἀθηναῖοι
2364 462 2497 529 περὶ
2659 442 2665 451 ἢ

392 552 503 597 τῶν
539 541 798 604 Σόλωνος
836 543 1037 592 ἔθεντο
1078 543 1263 606 νόμων
1311 544 1435 602 τοῖς
1483 543 1836 612 ἐπιχειροῦσι
1872 541 2192 607 καταλύειν,
2244 545 2495 611 ἀγνοεῖτε

389 633 730 698 κυριωτέραν
781 627 954 678 οὖσαν
991 627 1092 676 ἐπὶ
1128 629 1251 687 τοῖς
1288 627 1500 677 ἐκείνου
1539 629 1737 693 νόμοις
1774 630 1949 692 (πᾶσα
1997 629 2101 697 γὰρ
2153 629 2357 698 ἀνάγκη
2398 630 2494 679 τὸν

393 717 689 779 συνέχοντα
717 715 780 763 τὸ
805 705 986 779 <ποῖν>
1010 711 1231 777 θεσμὸν
1258 712 1459 781 ἀραῖον
1485 713 1780 782 ὑπάρχειν)
1804 711 1951 784 πλὴν
1978 711 2193 775 παῖδας
2216 715 2311 766 καὶ
2334 718 2492 782 γένος
2527 724 2552 764 5

391 793 488 850 οὐκ
536 795 850 862 ἐπέξεισιν,
904 799 980 858 ὡς
1018 798 1160 860 ἐκεῖ,
1208 802 1320 848 τῶν
1369 799 1836 867 ἁμαρτανόντων,
1888 791 2014 848 ἀλλ’
2069 801 2304 861 ἕκαστος
2343 801 2493 869 αὐτῷ

389 885 636 952 γίγνεται
683 890 782 954 τῆς
831 883 1062 947 ἀτυχίας
1112 880 1314 943 αἴτιος.
1399 884 1496 933 τὸν
1548 882 1644 934 οὖν
1694 884 2088 953 ἐπιχειροῦντα
2137 890 2335 936 τοῦτον
2385 880 2671 954 [didaz-3913}

392 963 589 1036 σῴζειν
629 970 705 1030 ὡς
744 969 811 1019 ἀν
853 966 973 1029 οἶός
1010 985 1072 1018 τε
1106 951 1145 1037 ᾗ
1180 969 1276 1019 καὶ
1312 969 1378 1018 τό
1414 983 1475 1035 γε
1500 961 1642 1018 καθ’
1688 969 1858 1020 αὑτὸν
1887 966 2190 1039 φυλάττειν
2219 963 2496 1022 οὐδέποτε

323 1069 352 1118 7
393 1056 460 1106 ἂν
497 1056 571 1124 μὴ
616 1057 846 1125 φρονεῖν
888 1054 1063 1124 φαίην
1102 1053 1289 1120 ἔγωγε.
1367 1050 1514 1103 πολύ
1555 1051 1615 1105 δὲ
1653 1051 1868 1120 μᾶλλον
1905 1054 2050 1119 ὑμᾶς
2085 1051 2365 1121 θαυμάζω
2402 1058 2498 1108 καὶ

389 1138 526 1192 ἐλεῶ
566 1146 666 1211 τῆς
699 1136 953 1210 χαλεπῆς
987 1140 1083 1190 καὶ
1121 1140 1455 1208 παρανόμου
1497 1136 1772 1202 δουλείας,
1812 1140 1871 1190 ἐν
1907 1131 1945 1209 ᾗ
1971 1135 2257 1203 ζεύξαντες
2297 1142 2500 1204 αύτούς
2537 1148 2583 1191 10
2666 1174 2668 1178 .

388 1227 555 1292 ἔχετε,
599 1218 696 1291 οὐχ
735 1226 819 1276 ἑνὶ
845 1222 1033 1291 δεσμῷ
1060 1226 1233 1290 μόνον
1261 1221 1666 1293 περιβαλόντες
1707 1217 1834 1275 οὐδὲ
1865 1221 2040 1289 δυσίν,
2080 1222 2222 1276 ἀλλὰ
2253 1228 2495 1297 μυρίοις,

387 1303 490 1382 ὑφ’
535 1310 612 1363 ὧν
651 1311 898 1379 ἄγχεσθε
933 1311 1028 1361 καὶ
1066 1305 1340 1372 πιέζεσθε
1379 1307 1526 1360 πολὺ
1564 1307 1775 1376 μᾶλλον
1813 1316 1925 1361 τῶν
1964 1311 2022 1361 ἐν
2073 1308 2269 1362 ἁλύσει
2306 1328 2366 1362 τε
2403 1314 2673 1369 καὶ(668Μ)ι

387 1394 562 1463 κλοιῷ
599 1397 694 1447 καὶ
731 1393 938 1456 πέδαις
976 1392 1305 1460 ἑλκομένων.
1371 1399 1493 1456 τοῖς
1531 1396 1632 1461 μὲν
1670 1395 1774 1464 γὰρ
1803 1396 1927 1446 ἔστι
1955 1397 2049 1447 καὶ
2074 1397 2370 1468 ἀφεθῆναι
2404 1400 2498 1449 καὶ

391 1480 708 1549 διακόψασι
748 1484 972 1551 φυγεῖν,
1022 1481 1181 1546 ὑμεῖς
1222 1478 1281 1530 δὲ
1323 1481 1412 1531 ἀεὶ
1447 1478 1657 1546 μᾶλλον
1693 1481 2042 1549 κρατύνεσθε
2079 1482 2148 1531 τά
2189 1480 2367 1550 δεσμοὶ
2405 1486 2499 1535 καὶ

390 1565 571 1619 πλείω
611 1568 706 1617 καὶ
745 1568 1075 1635 ἰσχυρότερα
1115 1561 1527 1635 ἀπεργάζεσθε.
1602 1568 1697 1618 καὶ
1732 1567 1824 1636 μή,
1861 1569 1950 1617 ὅτι
1989 1559 2086 1632 οὐχ
2126 1569 2292 1638 ὁρᾶτε
2332 1560 2490 1633 αὐτά,
2530 1579 2577 1621 15

387 1651 572 1723 ψευδῆ
611 1654 706 1703 καὶ
743 1653 991 1702 ἄπιστον
1028 1651 1266 1721 ἡγεῖσθε
1304 1649 1466 1702 τόνδε
1505 1653 1601 1702 τὸν
1642 1649 1831 1718 λόγον·
1874 1656 2137 1703 σκοπεῖτε
2178 1650 2236 1703 δὲ
2257 1646 2497 1724 Ὁμήρου

389 1743 493 1789 τοῦ
561 1731 704 1787 καθ’
768 1738 914 1803 ὑμᾶς
976 1738 1315 1806 σοφωτάτου
1376 1729 1505 1787 ποῖ’
1569 1738 1710 1787 ἄττα
1773 1734 1951 1802 δεσμὰ
2012 1739 2109 1788 τὸν
2161 1730 2296 1807 ’Ἀρη
2359 1741 2500 1809 φησὶ

387 1826 704 1889 κατασχεῖν,

647 1905 931 1959 ὠκύτατόν
971 1924 1079 1977 περ
1119 1901 1284 1959 ἐόντα
1323 1907 1504 1971 θεῶν,
1545 1908 1603 1957 οἳ
1629 1899 1919 1973 Ὄλυμπον
1958 1907 2207 1972 ἔχουσιν,

645 1984 768 2063 ἠΰτ’
813 1994 1050 2063 ἀράχνια
1092 1990 1289 2057 λεπτά,
1328 1994 1397 2043 τά
1435 1986 1490 2060 γ’
1536 1993 1602 2043 ού
1637 1996 1699 2043 κέ
1735 2010 1823 2054 τις
1863 1985 1992 2043 οὐδὲ
2033 1990 2232 2044 ἴδοιτο.
2529 2011 2576 2052 20

318 2090 353 2142 8
390 2081 464 2150 μὴ
508 2079 603 2129 οὖν
643 2077 842 2130 οἴεσθε
881 2080 977 2129 τὸν
1015 2079 1116 2143 μὲν
1145 2070 1313 2147 Ἄρη,
1352 2078 1494 2129 θεὸν
1545 2079 1677 2129 ὅντα
1726 2079 1822 2129 καὶ
1859 2073 2115 2147 ἰσχυρόν,
2167 2080 2346 2140 οὕτως
2382 2079 2495 2128 ὑπὸ

393 2161 612 2215 λεπτῶν
661 2182 721 2215 τε
768 2165 864 2215 καὶ
913 2165 1170 2233 ἀοράτων
1221 2161 1549 2234 πεδηθῆναι
1588 2161 1834 2228 δεσμῶν,
1887 2164 2091 2225 αὐτούς
2130 2162 2217 2228 δέ,
2267 2166 2497 2214 πάντων

391 2249 615 2319 θηρίων
655 2249 1112 2310 ἀσθενεστάτους
1152 2250 1344 2312 ὄντας,
1382 2250 1455 2319 μὴ
1498 2250 1566 2299 ἄν
1617 2264 1758 2299 ποτε
1810 2245 2026 2299 ἁλῶναι
2079 2246 2310 2314 δεσμοῖς
2348 2250 2497 2319 ἀφα-

391 2339 563 2398 νέσιν,
603 2327 728 2384 ἀλλ’
774 2335 824 2385 εἰ
861 2335 934 2404 μὴ
979 2331 1211 2403 σιδήρου
1250 2351 1311 2384 τε
1347 2334 1442 2384 καὶ
1480 2330 1806 2403 ὀρειχάλκου
1847 2328 1947 2402 [εὖ]
1988 2337 2351 2403 πεποιημένα
2390 2333 2494 2404 εἴη.

391 2421 462 2472 τὰ
501 2423 602 2487 μὲν
644 2420 738 2471 οὖν
779 2421 1013 2485 σώματα
1051 2421 1222 2485 ὑμῶν,
1264 2419 1356 2470 οἶα
1398 2417 1461 2489 δὴ
1506 2419 1702 2488 στερεὰ
1740 2420 1834 2470 καὶ
1871 2420 1934 2469 τό
1963 2416 2137 2470 πλέον
2176 2421 2235 2469 ἑκ
2271 2426 2370 2489 γῆς
2407 2436 2492 2486 γε·
2529 2437 2577 2478 25

392 2502 615 2575 γονότα,
654 2507 928 2557 τοιούτων
969 2502 1151 2556 δεῖται
1187 2511 1299 2556 τῶν
1336 2502 1759 2574 κρατησόντων·
1809 2506 1958 2575 ψυχὴ
2003 2502 2062 2555 δὲ
2102 2502 2348 2574 ἀόρατός
2386 2521 2498 2555 που

387 2594 485 2643 καὶ
524 2590 696 2662 λεπτὴ
741 2593 911 2660 φύσει
950 2597 1075 2651 πῶς
1121 2583 1282 2657 <οὗκ>
1321 2592 1388 2641 ἀν
1439 2588 1659 2655 δεσμῶν
1705 2592 1980 2641 τοιούτων
2029 2592 2291 2658 τυγχάνοι
2340 2584 2498 2658 [κατὰ

545 2792 565 2832 1
599 2784 689 2834 τὸν
718 2791 823 2844 post
850 2783 880 2845 ἢ
901 2800 987 2832 om.
1010 2787 1092 2833 UB
1210 2789 1235 2830 3
1266 2781 1495 2833 τὸν--
1514 2783 1670 2842 νόμον
1701 2786 1781 2831 UB
1867 2790 1895 2830 4
1926 2789 2020 2839 πᾶς
2040 2785 2090 2830 Μ
2179 2792 2202 2831 5
2235 2788 2498 2847 συγχέοντα

392 2859 587 2905 casaub.
704 2855 762 2905 τὸ
796 2862 894 2906 πᾶν
925 2859 1101 2916 scripsi,
1131 2856 1224 2905 τόν
1251 2858 1301 2906 δὲ
1331 2858 1382 2903 Μ
1410 2857 1501 2905 τὸν
1531 2858 1610 2903 UB
1699 2851 1876 2916 ἀραῖον
1905 2852 2138 2917 ὑπάρχειν
2167 2858 2344 2915 scripsi,
2376 2851 2497 2917 ἀθη-

391 2937 532 2978 ναῖον
560 2925 789 2990 ἐπάρχειν
811 2929 957 2984 UBM,
988 2926 1163 2987 ἄτιμον
1191 2924 1427 2988 ὑπάρχειν
1457 2929 1608 2986 Emp.‚
1640 2928 1715 2985 qui
1736 2927 1999 2987 συγχέοντα
2030 2927 2189 2973 scribit
2208 2941 2310 2972 cum
2330 2929 2501 2972 Casau-

389 3003 508 3048 bono
598 3004 624 3045 6
656 2999 787 3063 αὑτῷ
816 3001 999 3056 Reiske,
1031 2994 1192 3047 αὐτῶν
1212 3000 1318 3045 libri
1406 3004 1430 3044 7
1463 2995 1526 3046 ἄν
1555 2998 1742 3044 seclusit
1762 2999 1913 3056 Emp.‚
1943 2993 2213 3055 ἀνασώζειν
2245 2998 2438 3043 Casaub.

390 3077 415 3117 9
447 3074 595 3132 φαίην
624 3086 712 3119 om.
744 3072 795 3116 M
912 3077 964 3117 10
995 3068 1249 3129 ζεύσαντες
1279 3072 1328 3116 M
1445 3065 1618 3124 αὐτοὺς
1646 3070 1696 3113 Μ
1797 3074 1844 3113 11
1881 3063 1967 3128 οὐχ
1998 3067 2066 3116 ἑνὶ
2097 3082 2212 3115 corr.
2245 3068 2298 3125 U,
2331 3063 2419 3116 οὐκ
2446 3067 2499 3115 έν

390 3143 431 3188 U
460 3157 519 3188 m.
549 3157 618 3200 pr.
647 3143 738 3189 BM
854 3140 1231 3204 περιβάλλοντες
1258 3142 1377 3198 libri,
1411 3155 1525 3188 corr.
1547 3141 1710 3198 Pflugk
1829 3144 1879 3185 12
1911 3140 2162 3197 πιέζεσθαι
2193 3141 2242 3184 Μ
2362 3135 2495 3187 ἀνυσι

393 3218 526 3267 (corr.
558 3211 712 3269 ἀλυσι)
741 3214 791 3259 Μ
912 3218 961 3259 13
991 3211 1118 3278 κλύῳ
1147 3215 1197 3259 Μ
1329 3217 1494 3269 παῖδες
1521 3227 1604 3271 pro
1637 3211 1800 3265 πέδαις
1829 3210 1921 3257 MU
1949 3225 2007 3256 m.
2037 3224 2106 3269 pr.
2252 3207 2380 3258 ἔστιν
2410 3207 2499 3259 οὐκ

390 3278 634 3344 ἀφεθῆναι
662 3286 712 3329 Μ
830 3290 883 3330 14
911 3283 1239 3345 κρατύνεσθαι
1269 3287 1320 3330 Μ
1469 3290 1518 3330 15
1550 3276 1917 3344 ἀπεργάζεσθαι
1946 3282 1997 3327 Μ
2146 3286 2194 3326 17
2227 3278 2350 3341 ἡμᾶς
2378 3282 2497 3334 libri,

386 3368 516 3401 corr.
547 3356 679 3412 Emp.
813 3358 932 3415 φασί
962 3357 1056 3412 UB,
1088 3372 1174 3404 om.
1205 3357 1256 3402 M
1391 3361 1442 3402 19
1473 3356 1542 3402 cf.
1575 3354 1659 3400 Od.
1690 3353 1801 3400 VIII
1833 3357 1930 3399 331.
1963 3356 2045 3398 280
2181 3357 2234 3398 20
2265 3349 2325 3401 τά
2354 3347 2408 3399 κ’
2440 3347 2497 3399 οὐ

393 3426 448 3473 κέ
477 3443 547 3480 τις
576 3426 681 3471 libri
709 3426 869 3472 Dionis
965 3431 1019 3472 22
1051 3425 1227 3483 αὖτοὺς
1256 3428 1295 3474 U
1327 3423 1500 3482 αὐτοὺς
1529 3425 1619 3470 ΒΜ
1706 3427 1762 3469 24
1795 3419 2060 3484 ὀριχάλκου
2087 3423 2177 3468 ΒΜ
2209 3418 2495 3483 ὀρειχάλκου

396 3502 455 3552 (ει
484 3509 513 3541 a
541 3501 674 3552 corr.)
692 3497 733 3542 U
831 3489 883 3545 εὖ
912 3500 1019 3544 secl.
1049 3499 1261 3546 Reiskius
1351 3502 1403 3544 25
1434 3493 1622 3558 ἧμῶνΒ
1739 3491 1938 3555 στεραιὰ
1968 3494 2020 3539 Μ
2115 3492 2170 3540 ἐκ
2197 3496 2283 3553 γῆς
2312 3493 2490 3550 scripsi,

391 3562 542 3627 ὀργῆς
571 3568 652 3614 ΠΒ
682 3572 767 3627 γῆς
796 3569 845 3613 Μ
996 3567 1237 3629 γεγονότα
1269 3570 1444 3627 scripsi,
1474 3569 1686 3629 γέμοντα
1715 3566 1818 3611 libri
1990 3568 2045 3609 26
2076 3555 2312 3611 τοιούτων
2341 3564 2489 3621 Emp.‚

392 3636 644 3685 τοσούτων
672 3640 776 3684 libri
901 3645 1049 3687 δεῖται
1081 3642 1276 3698 Geclius,
1307 3646 1379 3689 δεῖ
1405 3641 1509 3686 libri
1609 3633 1973 3699 ,κρατησάντων
2000 3635 2052 3681 Μ
2182 3639 2236 3679 27
2269 3632 2356 3682 οὐκ
2386 3636 2488 3680 add.

392 3710 575 3755 Geelius
727 3706 852 3758 κατὰ
884 3737 938 3744 -
970 3725 1015 3769 p.
1048 3716 1171 3767 225‚1
1207 3708 1359 3760 αὐτὸν
1389 3712 1476 3759 del.
1511 3711 1691 3758 Geclius
