2684 4140
407 279 472 325 16
1066 269 1272 316 DIONIS
1301 267 1842 314 BORYSTHENITICA

399 423 608 485 κόσμον
646 413 828 484 εὐειδῆ
866 414 960 464 καὶ
993 410 1163 463 καλὸν
1202 413 1526 481 ἀμηχάνως,
1567 410 1713 463 πολὺ
1754 411 1817 485 δὴ
1871 411 2261 487 λαμπρότερον
2298 421 2329 490 ἢ
2374 420 2494 483 οἷος

400 505 601 572 ὁρᾶται
626 506 735 551 νῦν.
799 499 987 547 πάντα
1024 497 1128 565 γάρ
1168 511 1281 546 που
1318 498 1412 547 καὶ
1437 494 1613 547 τᾶλλα
1642 499 1773 567 ἔργα
1813 506 1924 550 τῶν
1952 498 2302 572 δημιουργῶν
2327 507 2491 556 καινὰ

398 587 513 635 ἀπὸ
547 590 647 653 τῆς
672 585 864 650 τέχνης
899 581 994 631 καὶ
1018 585 1129 630 τῶν
1151 586 1356 650 χειρῶν
1384 589 1726 653 παραχρῆμα
1754 591 1857 635 τοῦ
1882 587 2231 655 ποιήσαντος
2258 591 2491 658 κρείττω

391 670 486 719 καὶ
535 663 925 733 στιλπνότερα.
1010 666 1106 716 καὶ
1148 670 1260 716 τῶν
1314 672 1505 736 φυτῶν
1553 668 1622 718 τὰ
1671 671 1914 739 νεώτερα
1954 664 2337 743 εὐθαλέστερα
2382 682 2493 727 τῶν

392 749 655 802 παλαιῶν
692 746 794 800 ὅλα
832 766 892 800 τε
929 746 1201 816 βλαστοῖς
1247 752 1488 803 ἐοικότα.
1572 755 1666 805 καὶ
1701 757 1809 826 μὴν
1857 758 1927 806 τά
1964 773 2024 824 γε
2064 753 2177 825 ζῷα
2227 751 2488 830 εὐχάριτα
2526 771 2551 812 5

391 838 486 887 καὶ
523 842 779 906 προσηνῆ
821 833 963 886 ἰδεῖν
1001 836 1144 901 μετὰ
1182 838 1281 907 τὴν
1320 840 1555 904 γένεσιν,
1597 832 1660 889 οὐ
1697 842 1870 905 μόνον
1897 842 1965 891 τὰ
1991 841 2263 895 κάλλιστα
2292 839 2494 902 αὐτῶν,

391 919 580 972 πῶλοί
616 938 676 972 τε
712 922 806 972 καὶ
841 919 1050 988 μόσχοι
1086 923 1180 973 καὶ
1220 920 1500 987 σκύλακες,
1541 922 1682 975 ἀλλά
1709 927 1803 976 καὶ
1839 927 2064 996 θηρίων
2106 932 2337 995 σκύμνοι
2374 938 2486 982 τῶν
2512 946 2591 987 (100
2614 945 2683 982 R]

307 1003 374 1055 59
393 1008 771 1077 ἀγριωτάτων.
834 1010 866 1076 ἡ
915 1009 1017 1073 μὲν
1053 1007 1157 1077 γὰρ
1198 1008 1514 1078 ἀνθρώπου
1556 1012 1729 1081 φύσις
1766 1013 1944 1081 νηπία
1984 1015 2114 1064 τότε
2143 1016 2245 1066 ’καὶ
2281 1013 2489 1086 ὑδαρὴς

392 1093 560 1159 ὁμοία
596 1093 900 1163 Δήμητρος
937 1090 1132 1144 ἀτελεῖ
1157 1090 1324 1163 χλόῃ,
1365 1092 1734 1161 προελθοῦσα
1777 1094 1835 1148 δὲ
1876 1099 1958 1159 εἰς
1996 1101 2059 1149 τὸ
2098 1103 2302 1169 μέτρον
2343 1102 2491 1169 ὥρας

389 1179 484 1229 καὶ
519 1175 784 1248 νεότητος
822 1180 1036 1240 παντὸς
1074 1179 1316 1244 ἀτεχνῶς
1367 1188 1549 1250 φυτοῦ
1591 1185 1844 1250 κρεῖττον
1893 1185 1986 1244 καὶ
2039 1186 2488 1256 ἐπιφανέστερον
2528 1194 2676 1242 lo(454

389 1261 703 1333 βλάστημα.
778 1264 810 1314 ό
848 1260 907 1314 δὲ
948 1260 1171 1330 ξύμπας
1211 1258 1450 1334 οὐρανός
1485 1284 1545 1317 τε
1571 1268 1664 1318 καὶ
1688 1265 1917 1333 κόσμος,
1956 1271 2047 1320 ὅτε
2075 1275 2302 1339 πρῶτον
2344 1284 2496 1322 συνε-

389 1346 653 1418 τελέσθη,
679 1348 993 1418 κοσμηθεὶς
1018 1350 1130 1400 ὑπὸ
1158 1356 1257 1420 τῆς
1286 1353 1627 1422 σοφωτάτης
1652 1369 1711 1402 τε
1738 1353 1832 1404 καὶ
1857 1354 2093 1423 ἀρίστης
2118 1358 2326 1424 τέχνης,
2366 1357 2496 1424 ἄρτι

394 1440 506 1484 τῶν
556 1440 659 1483 τοῦ
695 1430 1035 1503 δημιουργοῦ
1067 1440 1272 1504 χειρῶν
1311 1433 1773 1505 ἀπηλλαγμένος,
1827 1435 2087 1507 λαμπρὸς
2134 1442 2228 1491 καὶ
2267 1438 2496 1512 διαυγὴς
2572 1444 2575 1446 ’

391 1521 485 1578 καὶ
524 1525 671 1570 πᾶσι
706 1522 830 1579 τοῖς
866 1521 1065 1587 μέρεσι
1103 1522 1482 1590 παμφαίνων,
1521 1523 1728 1592 νήπιος
1765 1525 1866 1589 μὲν
1907 1522 2107 1575 οὐδένα
2141 1523 2343 1594 χρόνον
2382 1528 2495 1594 ἐγέ-

391 1620 516 1656 νετο
557 1598 686 1654 οὐδὲ
715 1604 966 1673 ἀσθενὴς
990 1605 1131 1654 κατὰ
1157 1607 1256 1675 τὴν
1283 1607 1656 1677 ἀνθρωπίνην
1683 1625 1741 1658 τε
1767 1610 1861 1659 καὶ
1884 1609 2101 1680 θνητὴν
2126 1617 2225 1680 τῆς
2267 1613 2491 1681 φύσεως
2530 1623 2575 1664 15

306 1700 375 1751 60
397 1690 731 1752 ἀσθένειαν,
782 1691 907 1748 νέος
955 1685 1014 1738 δὲ
1052 1691 1147 1741 καὶ
1183 1687 1443 1756 ἀκμάζων
1482 1682 1658 1753 εὐθύς
1708 1694 1823 1743 ἀπὸ
1874 1701 1974 1764 τῆς
2022 1695 2207 1765 ἀρχῆςζ
2286 1699 2378 1748 ὅτε
2428 1694 2490 1766 δὴ

392 1776 485 1826 καὶ
524 1776 554 1824 ό
594 1772 931 1844 δημιουργὸς
971 1766 1147 1824 αὐτοῦ
1179 1777 1274 1826 καὶ
1313 1777 1499 1846 πατὴρ
1551 1774 1687 1827 ἰδὼν
1725 1779 1880 1847 ἥσθη
1920 1781 2021 1844 μὲν
2063 1771 2350 1845 οὐδαμῶς·
2401 1799 2495 1831 τα-

392 1861 589 1910 πεινὸν
636 1859 740 1928 γὰρ
791 1860 849 1908 ἐν
898 1863 1194 1921 ταπεινοῖς
1243 1867 1408 1911 τοῦτο
1471 1862 1696 1923 πάθος·
1758 1864 1924 1932 ἐχάρη
1990 1861 2047 1914 δὲ
2098 1866 2191 1915 καὶ
2239 1866 2493 1935 ἐτέρφθη

394 1943 784 2016 διαφερόντως

649 2033 853 2101 ἥμενος
898 2025 1204 2099 Οὐλύμπῳ,
1244 2028 1511 2099 ἐγέλασσε
1550 2029 1612 2083 δέ
1651 2033 1707 2083 οἱ
1749 2030 1916 2103 φίλον
1954 2030 2089 2103 ἦτορ
2530 2047 2578 2088 20

650 2118 961 2187 γηθοσύνῃ,
1001 2110 1100 2169 ὅθ’
1147 2119 1317 2187 ὁρᾶτο
1357 2118 1532 2178 θεούς
2230 2172 2237 2182 V

394 2206 526 2266 τούς
565 2206 823 2266 ἅπαντας
860 2202 965 2275 ἤδη
1004 2206 1304 2272 γεγονότας
1339 2205 1434 2255 καὶ
1473 2197 1778 2272 παρόντας.
1866 2207 1965 2274 τὴν
2007 2202 2066 2255 δὲ
2105 2203 2233 2257 τότε
2270 2211 2496 2280 μορφην

393 2297 496 2340 τοῦ
529 2288 770 2356 κόσμου,
822 2287 960 2357 λέγω
1003 2287 1062 2340 δὲ
1101 2292 1201 2360 τὴν
1239 2306 1299 2340 τε
1340 2290 1489 2358 ὥραν
1526 2290 1620 2340 καὶ
1656 2291 1720 2339 τὸ
1759 2286 1962 2351 κάλλος
2001 2291 2090 2341 ἀεὶ
2126 2288 2301 2342 καλοῦ
2337 2295 2496 2355 ὄντος

394 2377 717 2445 ἀμηχάνως,
770 2370 954 2437 οὐδεὶς
994 2367 1213 2426 δύναιτ’
1269 2375 1336 2425 ἂν
1376 2375 1704 2443 ἀνθρώπων
1745 2372 2125 2446 διανοηθῆναι
2172 2378 2266 2427 καὶ
2312 2379 2496 2429 εἰπεῖν

394 2459 567 2524 ἀξίως
623 2462 747 2512 οὔτε
805 2467 916 2512 τῶν
965 2467 1058 2512 νῦν
1107 2461 1234 2511 οὔτε
1282 2465 1393 2510 τῶν
1446 2461 1749 2529 πρότερον,
1797 2461 1847 2511 εἰ
1895 2462 1967 2531 μὴ
2010 2462 2249 2512 Μοῦσαί
2298 2480 2357 2512 τε
2401 2466 2493 2514 καὶ
2532 2472 2579 2512 25

388 2541 684 2598 Ἀπόλλων
722 2549 780 2598 ἐν
818 2548 963 2614 θείῳ
1005 2545 1211 2616 ῥυθμῷ
1250 2553 1349 2617 τῆς
1387 2543 1720 2614 εἰλικρινοῦς
1769 2563 1827 2596 τε
1865 2548 1960 2597 καὶ
1997 2548 2171 2615 ἄκρας
2208 2550 2496 2617 ἁρμονίας.

308 2637 373 2688 61
397 2634 535 2684 ὅθεν
576 2630 638 2703 δὴ
679 2634 774 2683 καὶ
795 2636 958 2702 ἡμεῖς
984 2633 1238 2697 ἐάσωμεν
1277 2631 1346 2680 τὰ
1385 2637 1495 2694 νῦν,
1535 2633 1667 2681 ὅσον
1705 2635 1838 2700 ημῖν
1879 2629 2113 2683 δυνατὸν
2152 2634 2366 2702 ἐπᾶραι
2403 2635 2499 2683 τὸν

395 2717 559 2786 λόγον
619 2711 715 2770 οὐκ
772 2719 1119 2787 ὀκνήσαντες.
1213 2718 1264 2768 εἰ
1321 2714 1380 2766 δὲ
1438 2717 1681 2781 ἀτεχνῶς
1727 2714 1950 2786 ὑψηλόν
2001 2735 2061 2768 τε
2107 2719 2202 2772 καὶ
2247 2715 2500 2787 ἐξίτηλον

395 2806 578 2875 ἀπέβη
631 2806 694 2854 τὸ
743 2810 846 2854 τοῦ
895 2797 1060 2870 λόγου
1115 2810 1327 2872 σχῆμα,
1381 2803 1572 2870 ὥσπερ
1615 2803 1670 2852 οἱ
1710 2800 1885 2853 δεινοὶ
1923 2805 2055 2871 περὶ
2092 2805 2223 2864 τούς
2262 2805 2500 2872 ὄρνιθάς

397 2905 543 2961 φασι
589 2892 686 2940 τὸν
737 2886 961 2959 σφόδρα
1011 2889 1127 2938 ἄνω
1172 2888 1508 2957 χωρήσαντα
1558 2888 1652 2937 καὶ
1689 2891 1810 2948 τοῖς
1859 2891 2091 2957 νέφεσιν
2139 2889 2494 2957 ἐγκρύψαντα
2532 2898 2580 2938 30

396 2978 563 3027 αὐτὸν
604 2972 769 3045 ἀτελῆ
809 2976 908 3043 τὴν
947 2974 1216 3040 μαντείαν
1258 2976 1464 3035 ποιεῖν,
1507 2965 1604 3022 οὐκ
1629 2974 1725 3037 ἐμὲ
1755 2969 1914 3034 ἀξιον
1953 2973 2275 3035 αἰτιᾶσθαι,
2315 2975 2414 3043 την
2443 2971 2501 3023 δὲ

397 3062 836 3130 Βορυσθενιτῶν
878 3056 1131 3122 ἀξίωσιν,
1173 3059 1250 3119 ὡς
1289 3053 1419 3108 τότε
1456 3059 1660 3108 ἐκεῖνοι
1701 3054 1877 3124 λέγειν
1918 3055 2290 3126 προσέταξαν.

540 3201 564 3240 2
598 3191 746 3256 δρᾶτε
776 3197 825 3240 Μ
912 3191 1053 3243 καινὰ
1084 3194 1312 3249 Reiskius,
1345 3196 1425 3240 καὶ
1455 3188 1515 3240 τὰ
1536 3193 1639 3239 libri
1728 3197 1752 3236 3
1782 3196 1863 3240 καὶ
1895 3197 1993 3240 τῶν
2013 3196 2192 3252 χειρῶν
2223 3208 2310 3240 om.
2335 3194 2416 3239 UT

400 3273 425 3311 5
460 3259 551 3314 ὅλα
582 3284 635 3314 τε
665 3267 781 3320 libri,
815 3259 909 3313 ὅσα
940 3283 993 3313 τε
1022 3266 1233 3311 Reiskius
1385 3258 1641 3324 εὐχάριστοι
1675 3264 1795 3309 ΠΒΤ
1955 3268 1980 3309 6
2012 3268 2109 3311 δεῖν
2140 3264 2188 3307 Μ
2333 3268 2357 3310 8
2389 3262 2504 3312 τότε

404 3338 582 3395 scripsi,
613 3353 666 3384 τε
695 3337 799 3383 libri
939 3342 983 3381 ll
1019 3333 1045 3383 ὃ
1079 3336 1127 3383 δὲ
1158 3336 1334 3393 scripsi,
1366 3331 1393 3382 ὃ
1426 3332 1478 3395 δὴ
1508 3335 1614 3380 libri
1733 3340 1784 3380 14
1815 3333 1985 3395 νήπιος
2012 3337 2048 3380 Β
2078 3332 2251 3396 ῥήπιος
2280 3336 2410 3382 MUT

407 3412 460 3453 16
491 3405 543 3466 δὴ
577 3411 658 3454 καὶ
690 3405 719 3454 o‘
752 3421 839 3454 om.
869 3408 936 3463 M,
966 3407 1086 3464 quod
1115 3407 1224 3452 ferri
1251 3419 1388 3463 posse
1419 3407 1458 3451 si
1490 3398 1519 3453 ὅ
1549 3422 1601 3453 τε
1631 3407 1859 3451 scribatur
1889 3412 2043 3452 censet
2066 3408 2199 3463 Emp.
2264 3410 2341 3465 ‚20
2371 3406 2502 3451 Hom.

403 3480 456 3524 ΙΙ.
486 3483 556 3536 21,
590 3482 674 3524 389
690 3491 771 3535 sq.,
802 3478 884 3524 ubi
911 3474 1056 3533 θεοὺς
1086 3473 1201 3535 ἔριδι
1231 3474 1499 3532 ξυνιόνταςὶ
1646 3481 1700 3522 23
1731 3477 1884 3536 λέγων
1913 3475 1998 3535 τήν
2029 3494 2079 3524 τε
2110 3477 2194 3523 ΠΤ
2299 3480 2352 3521 25
2384 3493 2504 3535 προ-

407 3550 562 3611 τέρων
594 3549 714 3594 UBT
889 3551 943 3593 26
973 3541 1076 3595 θύω
1107 3547 1157 3591 Μ
1331 3552 1383 3593 27
1412 3547 1622 3606 ἐάσομεν
1652 3548 1700 3591 Μ
1874 3551 1928 3593 28
1958 3545 2184 3606 ἐξὴτηλον
2212 3547 2261 3591 Μ
2288 3544 2504 3604 ἐξήτιλον

404 3620 442 3666 U
472 3634 530 3665 m.
562 3633 630 3678 pr.
749 3623 803 3664 30
835 3614 1220 3678 ἀναχωρήσαντα
1252 3619 1373 3663 UBT
1509 3624 1559 3663 31
1595 3613 1746 3666 αὐτὸν
1774 3618 1825 3663 Μ
1947 3621 2000 3663 32
2030 3621 2424 3678 βωρυσθενειτῶν
2455 3619 2504 3662 Μ

399 3693 776 3751 βωρυσθενιτῶν
806 3690 844 3735 U
962 3688 1115 3748 λέγειν
1146 3687 1322 3736 ἐκεῖνοι
1352 3689 1459 3743 (hoc
1489 3689 1603 3743 ord.)
1634 3688 1758 3736 UBT
