2684 4140
998 276 1224 323 ORATIO
1256 276 1511 325 XXXVIII.
2221 273 2291 322 39

209 426 303 476 καὶ
351 425 554 495 φόβος,
603 425 699 475 ἐὰν
748 422 958 475 ἀδικεῖν
1006 420 1272 474 θέλωσιν.
1346 426 1409 475 τὸ
1451 422 1509 475 δὲ
1560 431 1653 475 νῦν
1702 425 1825 489 ἔχον
1877 424 1937 474 αἱ
1973 424 2074 488 μὲν
2124 419 2292 472 ἄλλαι

214 508 410 572 πόλεις
453 511 564 560 ὑπὸ
614 517 711 580 τῆς
754 511 1022 577 ὑμετέρας
1074 510 1324 570 στάσεώς
1373 510 1516 560 εἰσιν
1562 511 1900 580 ἐπηρμέναι·
1947 508 2139 577 χρείαν
2187 507 2290 574 γὰρ

21 605 116 642 473
139 605 191 646 11)
215 596 395 646 αὐτῶν
453 593 663 646 δοκεῖτε
719 595 861 660 ἔχειν
917 595 1010 644 καὶ
1073 597 1199 654 ταῖς
1262 591 1564 663 ἀληθείαις
1625 596 1774 660 ἔχετε
1837 592 1930 645 διὰ
1989 594 2085 642 τὸν
2147 593 2291 660 πρὸς

211 677 483 749 ἀλλήλους
520 681 704 747 ἀγῶνα
741 681 834 730 καὶ
871 681 1114 743 πάσχετε
1154 678 1272 728 οἶόν
1298 696 1354 729 τι
1381 681 1712 744 πάσχουσιν,
1752 676 1986 729 ἐπειδὰν
2026 674 2124 727 δύο
2163 677 2290 726 ἐπι-

155 772 181 812 5
220 768 417 834 φανεῖς
445 765 655 829 ὁμοίιος
680 761 877 832 ἄνδρες
904 760 1412 814 διαπολιτεύωνται
1440 767 1584 830 πρὸς
1611 762 1908 834 ἀλλήλους·
1972 758 2030 825 ἐξ
2056 763 2293 830 ἀνάγκης

214 850 470 910 ἅπαντας
507 849 903 918 θεραπεύουσι·
933 849 1026 897 καὶ
1062 849 1193 908 τοὺς
1232 845 1500 898 πλεῖστον
1539 851 1671 899 ὅσον
1710 846 2063 908 ἀποδέοντας
2091 847 2287 896 αὐτῶν.

214 935 357 984 ὥστε
395 936 453 984 ἐν
492 926 553 1001 ᾧ
575 935 707 1002 περὶ
742 939 845 983 τοῦ
879 934 1159 1001 πρωτείου
1197 933 1451 998 μάχεσθε
1488 934 1661 998 ὑμεῖς,
1699 931 2006 984 κινδυνεύει
2042 933 2105 981 τὸ
2134 946 2286 999 πρω-
2311 930 2377 981 35

210 1022 361 1068 τεῖον
399 1011 539 1086 παρ’
593 1019 826 1078 ἐκείνοις
872 1015 1019 1068 εἶναι
1065 1021 1187 1077 τοῖς
1233 1018 1720 1085 θεραπευομένοις
1766 1009 1871 1087 ὑφ’
1915 1019 2084 1082 ὑμῶν.
2164 1012 2290 1064 οὐδὲ

211 1102 313 1171 γὰρ
353 1103 565 1153 ἔνεστιν
604 1102 700 1151 οὐκ
736 1103 879 1165 ἔχειν
916 1106 1080 1150 τοῦτο
1121 1098 1302 1151 δοκεῖν
1339 1118 1524 1163 τινας,
1574 1101 1605 1150 ὃ
1644 1094 1786 1169 παρ’
1841 1101 2022 1150 αὐτῶν
2067 1100 2292 1149 ἐκείνων

131 1193 178 1235 10
215 1188 372 1252 ὑμεῖς
411 1184 715 1252 λαμβάνειν
753 1183 989 1248 ἀξιοῦτε.
1062 1186 1156 1235 καὶ
1191 1185 1293 1245 τὰς
1330 1182 1527 1246 πόλεις
1567 1185 1663 1235 οὖν
1702 1190 1857 1234 πᾶσα
1897 1186 2100 1252 ἀνάγκη
2140 1184 2293 1251 γενή-

215 1284 374 1322 σεται
406 1267 504 1340 τὴν
529 1267 688 1332 τάξιν
713 1271 811 1340 τὴν
840 1273 1051 1319 ἑαυτῶν
1077 1266 1406 1335 ἀπολαβεῖν,
1433 1268 1527 1319 καὶ
1554 1270 1745 1337 ὥσπερ
1773 1270 1921 1330 εἰκός
1947 1270 2070 1318 ἐστι
2094 1268 2188 1317 καὶ
2214 1265 2295 1317 δί-

210 1372 386 1418 καιον,
413 1356 625 1415 ἐκείνας
649 1355 802 1422 ὑμῶν
822 1349 1059 1422 χρῄζειν,
1090 1354 1185 1418 οὐχ
1210 1355 1350 1419 ὑμᾶς
1374 1355 1614 1404 ἐκείνων.
1672 1355 1765 1404 καὶ
1793 1354 1913 1418 οὐχὶ
1941 1353 2096 1421 παρὰ
2124 1357 2290 1402 τοῦτο

210 1437 436 1502 ἀξιώσω
485 1444 821 1507 τυραννικῶς
867 1439 1011 1503 ὑμᾶς
1061 1439 1253 1499 αὐτοῖς
1301 1439 1770 1509 προσφέρεσθαι,
1830 1437 2030 1508 πρᾴως
2087 1434 2146 1487 δὲ
2202 1438 2296 1487 καὶ

208 1524 464 1591 μετρίως,
505 1524 696 1591 ὥσπερ
734 1517 1107 1593 ὑφηγησάμην
1144 1525 1342 1593 μικρὸν
1380 1524 1739 1593 ἔμπροσθεν,
1781 1524 1871 1575 ἵνα
1908 1524 1981 1593 μὴ
2027 1523 2294 1593 φορτικὸν

129 1613 178 1656 15
213 1610 439 1678 γένηται
475 1609 538 1658 τὸ
578 1612 858 1677 πρωτεῖον
894 1609 1064 1673 ὑμῶν,
1105 1605 1245 1658 ἀλλὰ
1271 1609 1365 1659 καὶ
1390 1613 1671 1678 πρωτεῖον
1707 1592 1744 1678 ᾗ
1780 1610 1875 1660 καὶ
1912 1605 2162 1679 φιλῆται.
2226 1606 2294 1656 τὰ
2317 1607 2384 1660 36

209 1689 268 1742 δὲ
307 1698 418 1743 τῶν
455 1695 738 1762 ἡγεμόνων
778 1699 871 1743 νῦν
907 1694 1008 1758 μὲν
1046 1695 1204 1755 ὅπως
1253 1694 1392 1759 ἔχει,
1443 1695 1502 1744 τί
1552 1691 1647 1745 δεῖ
1687 1695 1831 1763 πρὸς
1881 1696 2294 1758 ἐπισταμένους

209 1774 415 1844 λέγειν,·
461 1779 493 1848 ἢ
532 1778 635 1847 γὰρ
675 1779 771 1828 οὐκ
819 1779 1258 1829 ἐπαισθάνεσθε
1308 1786 1406 1848 τῆς
1443 1777 1796 1849 τυραννίδος,
1847 1780 1912 1848 ἢν
1949 1782 1980 1849 ἡ
2025 1780 2223 1839 στάσις
2260 1781 2291 1847 ἠ

207 1863 443 1931 ὑμετέρα
494 1859 698 1912 δίδωσι
741 1866 864 1924 τοῖς
912 1864 1177 1931 ἄρχουσιν
1224 1861 1407 1929 ὑμῶν,·
1455 1864 1673 1925 εὐθέως
1719 1864 1822 1933 γὰρ
1876 1865 1906 1914 ὁ
1955 1860 2295 1931 βουλόμενος

209 1944 477 2015 ἀδικῆσαι
513 1948 576 1997 τὸ
616 1947 788 2008 ἔθνος
826 1944 992 2009 εἰδώς
1028 1949 1149 2017 ἥκει
1186 1949 1244 1998 τί
1281 1946 1375 1999 δεῖ
1410 1950 1731 2019 ποιήσαντα
1780 1949 1947 1999 αὐτὸν
1984 1950 2056 2019 μὴ
2100 1946 2295 1999 δοῦναι

0 2039 107 2084 1911)
128 2038 178 2081 20
218 2028 388 2101 δίκην.
462 2032 494 2101 ἢ
534 2032 637 2101 γὰρ
676 2038 746 2101 τῇ
783 2035 1042 2083 Νικαέων
1080 2034 1330 2102 ἑταιρείᾳ
1370 2034 1754 2103 προστίθεται
1789 2034 1883 2084 καὶ
1920 2036 1982 2084 τὸ
2026 2037 2197 2102 μέρος
2234 2034 2297 2082 τὸ

209 2118 432 2168 ἐκείνων
457 2118 570 2182 ἔχει
594 2117 847 2186 βοηθοῦν
871 2118 902 2187 ἢ
926 2119 1056 2178 τούς
1076 2116 1421 2188 Νικομηδεῖς
1447 2116 1710 2184 ἐλόμενος
1730 2112 1834 2189 ὑφ’
1866 2119 2019 2187 ὑμῶν
2043 2113 2296 2185 σῴζεται.

207 2203 300 2252 καὶ
340 2198 504 2271 φιλεῖ
530 2203 632 2267 μὲν
671 2199 1010 2271 οὐδετέρους,
1052 2200 1212 2253 δοκεῖ
1242 2201 1301 2254 δὲ
1329 2205 1460 2265 τούς
1492 2207 1716 2273 ἑτέρους
1757 2201 1973 2273 φιλεῖν·
2015 2201 2205 2254 ἀδικεῖ
2239 2199 2297 2252 δὲ

209 2289 440 2347 πάντας.
516 2284 723 2357 ἀδικῶν
762 2285 821 2338 δὲ
863 2284 1100 2355 σῴζεται
1139 2286 1233 2338 διὰ
1272 2291 1403 2351 τοὺς
1427 2292 1634 2354 μόνους
1662 2291 1953 2355 οἰομένους
1979 2281 2083 2339 ὑπ’
2129 2288 2300 2338 αὑτοῦ

210 2368 529 2441 φιλεῖσθαι.
614 2374 992 2439 κατεγνώκασι
1042 2370 1100 2423 δὲ
1148 2375 1302 2440 ὑμῶν
1350 2375 1548 2425 ἄνοιαν
1597 2372 1869 2444 δημοσίᾳ,
1919 2375 2013 2425 καὶ
2050 2378 2297 2442 χρῶνται
2317 2372 2383 2424 37

0 2435 86 2523 {R
117 2464 165 2506 25
203 2457 469 2526 καθάπερ
508 2461 630 2519 τοῖς
667 2455 927 2519 παιδίοις
950 2459 1097 2525 ὑμῖν,
1139 2458 1225 2521 οἷς
1253 2457 1526 2521 πολλάκις
1565 2461 1689 2511 ἀντὶ
1714 2466 1824 2510 τῶν
1850 2461 2129 2527 μεγίστων
2160 2474 2300 2526 προ-

208 2542 450 2593 τείνεται
485 2542 554 2592 τά
591 2545 927 2612 μικρότατα·
974 2545 1199 2595 κάκεῖνα
1251 2542 1344 2595 διὰ
1383 2547 1482 2616 τὴν
1521 2547 1752 2613 ἄγνοιαν
1790 2551 1901 2595 τῶν
1943 2546 2019 2605 ὡς
2064 2541 2299 2612 ἀληθῶς

206 2625 460 2694 μεγάλων
495 2629 589 2679 καὶ
627 2626 720 2679 διὰ
757 2630 856 2699 τὴν
895 2631 1039 2698 πρὸς
1075 2630 1144 2680 τὰ
1184 2628 1449 2696 ἐλάχιστα
1487 2628 1691 2702 ἡδονὴν
1724 2632 1914 2700 χαίρει
1950 2628 2029 2696 τῴ
2068 2625 2299 2697 μηδενί·

206 2713 300 2763 καὶ
335 2714 464 2778 ὑμῖν
504 2714 679 2774 οὕτως
717 2714 841 2765 ἀντὶ
868 2711 1240 2785 δικαιοσύνης,
1281 2717 1405 2767 ἀντὶ
1429 2722 1532 2766 τοῦ
1552 2718 1625 2786 μὴ
1659 2713 1946 2766 συλᾶσθαι
1972 2715 2073 2775 τὰς
2101 2710 2298 2772 πόλεις

209 2794 348 2866 μηδὲ
378 2798 763 2868 ἀφαιρεῖσθαι
787 2801 918 2861 τοὺς
948 2801 1295 2869 ἀνθρώπους
1319 2807 1430 2851 τῶν
1459 2799 1637 2864 ἰδίων,
1678 2802 1803 2851 ἀντὶ
1827 2806 1931 2851 τοῦ
1952 2801 2024 2869 μὴ
2054 2793 2295 2865 ὑβρίζειν

126 2889 176 2932 80
214 2883 414 2943 αὐτούς
451 2884 533 2944 εἰς
569 2884 738 2948 ὑμᾶς,
789 2885 913 2935 ἀντὶ
960 2891 1063 2935 τοῦ
1104 2887 1178 2955 μὴ
1234 2890 1555 2954 παροινεῖν,
1606 2886 2000 2954 προτείνουσιν
2050 2884 2297 2946 ὀνόματα

86 2958 89 2960 ’
207 2969 302 3018 καὶ
345 2969 377 3037 ἢ
429 2967 592 3019 εἶπον
639 2970 779 3034 ὑμᾶς
826 2971 1087 3038 πρώτους
1130 2971 1162 3039 ἢ
1214 2971 1496 3039 ἔγραψαν·
1547 2969 1669 3021 εἶτά
1720 2971 1864 3020 εἰσιν
1913 2964 2197 3026 ἀκίνδυνοι
2234 2966 2296 3014 τὸ

213 3049 414 3102 λοιπὸν
451 3054 580 3118 ὑμῖν
619 3055 695 3114 ὡς
732 3055 992 3118 ἐσχάτοις
1012 3056 1307 3123 χρώμενοι.
1370 3056 1439 3105 τὰ
1466 3056 1568 3123 γὰρ
1596 3060 1846 3116 τοιαῦτα,
1888 3045 1985 3123 ἐφ’
2030 3051 2116 3112 οἷς
2153 3053 2292 3117 μέγα
2317 3049 2382 3102 38

214 3139 499 3203 φρονεῖτε,
549 3138 705 3206 παρὰ
756 3144 900 3189 πᾶσι
948 3141 1048 3203 μὲν
1097 3143 1218 3200 τοῖς
1269 3140 1462 3207 ὀρθῶς
1509 3141 1895 3203 ἐννοουμένοις
1945 3135 2300 3197 διαπτύεται,

362 3373 376 3414 1
413 3371 592 3418 θέλωσι
621 3371 660 3416 Τ
775 3375 800 3416 2
829 3367 950 3431 ὑπὲρ
981 3374 1018 3417 Β
1133 3379 1158 3419 5
1190 3371 1598 3422 διαπολιτεύονται
1628 3374 1718 3419 MU
1849 3378 1872 3417 ’7
1904 3370 2147 3433 μάχεσθαι
2177 3373 2215 3417 Τ

214 3439 432 3496 πρωτίον
459 3438 505 3481 Μ
621 3442 647 3482 9
678 3435 854 3485 τούτου
882 3441 933 3486 Μ
1080 3446 1130 3486 15
1161 3446 1340 3500 φιλεῖτε
1367 3443 1418 3487 Μ
1535 3447 1583 3487 17
1616 3434 1647 3501 ἧ
1675 3441 1769 3502 γὰρ
1802 3441 1920 3488 UBT
1950 3440 1978 3504 ἢ
2010 3443 2104 3505 γὰρ
2134 3445 2185 3490 Μ

212 3505 593 3556 ἐπαισθάνεσθαι
623 3509 674 3554 Μ
848 3514 898 3555 19
929 3527 973 3556 τι
1003 3511 1053 3555 Μ
1081 3513 1126 3557 τί
1159 3512 1236 3557 UT
1269 3505 1344 3560 ὅτι
1375 3514 1413 3558 Β
1612 3517 1667 3558 20
1698 3515 1894 3560 νικαίων
1926 3515 1965 3559 Τ
2129 3517 2297 3574 προτί-

213 3580 357 3626 θεται
388 3580 424 3623 Β
513 3583 562 3624 21
597 3578 785 3628 ἐκεῖνον
814 3582 852 3626 Β
882 3579 1080 3628 ἐκείνων
1109 3594 1137 3626 a
1165 3595 1298 3639 corr.,
1327 3584 1415 3628 fuit
1444 3581 1632 3631 ἐκεῖνον
1659 3585 1728 3630 vel
1756 3583 1945 3632 ἐκείνου
1975 3586 2015 3631 U
2140 3589 2194 3630 24
2223 3604 2296 3645 φι-

210 3654 397 3697 δεῖσθαι
428 3651 478 3694 Μ
507 3664 563 3695 m.
596 3665 663 3708 pr.
781 3656 833 3696 26
865 3653 1166 3712 σμικρότατα
1196 3655 1234 3698 Β
1350 3659 1402 3700 27
1435 3654 1494 3704 τά
1526 3668 1613 3701 om.
1645 3655 1694 3699 M
1825 3661 1875 3701 31
1910 3659 1994 3703 καὶ
2025 3656 2068 3703 εἰ
2095 3657 2132 3700 Β
2161 3658 2241 3702 καὶ
2269 3657 2298 3714 ἢ

216 3721 291 3765 UT
321 3724 401 3767 καὶ
429 3718 458 3781 ἡ
491 3722 539 3765 Μ
670 3726 723 3766 32
755 3719 821 3777 ὡς
849 3723 1092 3780 (Μυσῶν)
1119 3722 1341 3783 ἐσχάτοις
1370 3726 1582 3782 CobetuS‚
1613 3726 1776 3772 collato
1807 3727 1899 3773 Cic.
1933 3741 2017 3786 pro
2045 3726 2213 3772 Flacco
2244 3730 2297 3770 27
