2684 4140
954 1015 1664 1098 PRAEFATIO.

267 1171 475 1226 (Adiecta
490 1173 558 1216 est
574 1171 627 1216 de
643 1170 811 1215 Geticis
830 1169 989 1214 Dionis
1004 1170 1231 1226 inquisitio
1249 1180 1331 1212 nec
1354 1181 1442 1213 non
1462 1168 1680 1213 librorum
1703 1167 2035 1224 deperditorum
2053 1172 2360 1226 conspectus.)

411 1369 497 1422 Ex
522 1385 627 1437 quo
653 1368 800 1436 prius
827 1367 1018 1423 Dionis
1043 1369 1294 1423 volumen
1320 1368 1470 1424 edidi
1494 1372 1601 1422 tres
1626 1367 1754 1421 anni
1780 1371 1928 1428 sunt,·
1953 1367 2074 1435 plus
2101 1369 2357 1436 temporis

273 1459 644 1522 consumptum
683 1457 765 1508 est
806 1453 861 1506 in
898 1453 1140 1522 parando
1179 1455 1452 1509 volumine
1490 1453 1677 1522 altero,
1705 1468 1865 1521 quam
1891 1457 2015 1507 tunc
2041 1453 2153 1507 fore
2180 1453 2362 1507 existi-

270 1538 497 1592 mabam.
561 1536 679 1602 Quo
717 1539 917 1592 factum
958 1543 1056 1607 est,
1086 1543 1145 1593 ut
1181 1538 1576 1610 prolegomenis
1612 1537 1879 1607 prioribus
1917 1554 2091 1606 pauca
2127 1538 2235 1591 iam
2274 1553 2360 1591 me

269 1624 469 1679 addere
508 1628 768 1692 oporteat.

413 1709 730 1777 Complures
768 1708 871 1762 viri
909 1707 1078 1776 docti,
1104 1714 1389 1778 postquam
1415 1709 1562 1778 prius
1587 1707 1840 1763 volumen
1865 1707 2130 1776 apparuit,
2156 1712 2361 1762 textum

270 1794 461 1848 Dionis
501 1793 786 1848 emendare
834 1794 924 1848 vel
972 1810 1121 1848 meos
1171 1811 1375 1849 errores
1425 1808 1716 1861 coarguere
1766 1791 2095 1847 studuerunt.
2169 1792 2360 1861 Itaque

267 1895 405 1947 quae
442 1893 573 1932 vera
615 1878 703 1931 vel
741 1877 1049 1946 probabilia
1085 1879 1354 1934 invenisse
1391 1878 1702 1933 viderentur
1738 1878 1983 1945 congessi
2020 1877 2075 1930 in
2102 1876 2360 1946 „Addita-

266 1968 446 2017 menta
487 1962 559 2016 ad
596 1962 712 2017 Vol.
753 1960 816 2016 I“
856 1979 994 2032 quae
1033 1963 1158 2018 inde
1195 1981 1229 2017 a
1265 1981 1388 2034 pag.
1430 1966 1531 2018 337
1571 1962 1727 2017 11111118
1765 1961 2052 2016 voluminis
2096 1962 2358 2028 leguntur.

265 2047 479 2102 Gratias
517 2064 621 2116 ago
658 2048 775 2101 viro
803 2047 1117 2102 doctissimo
1145 2048 1332 2115 Paton,
1360 2049 1453 2116 qui
1481 2047 1894 2101 Wilamowitzio
1920 2047 1976 2099 in
2001 2061 2179 2099 meum
2204 2062 2359 2101 usum

267 2131 410 2185 haud
447 2147 648 2200 paucas
685 2132 830 2185 misit
855 2133 1204 2186 coniecturas.
1264 2133 1485 2186 Praeter
1511 2131 1651 2186 hunc
1675 2132 1908 2202 plurima
1935 2127 2362 2186 subministravit

263 2215 657 2270 Herwerdenus
692 2216 747 2269 in
784 2216 1160 2286 Mnemosynes
1203 2222 1330 2271 tom.
1368 2217 1556 2286 XXII;
1607 2216 1753 2271 haud
1799 2233 1974 2285 pauca
2010 2214 2359 2272 Enthovenus

261 2301 490 2369 ibidem,
540 2299 929 2357 Wendlandius
978 2302 1033 2355 in
1081 2300 1276 2356 Philol.
1316 2301 1749 2357 Wochenschrift
1789 2303 1927 2355 1894
1964 2319 2016 2371 p.
2060 2303 2179 2371 321,
2219 2302 2264 2355 Β
2303 2302 2358 2355 in

262 2387 504 2443 Zarnkes
540 2386 922 2442 litterarisches
952 2387 1305 2441 Oentralblatt
1346 2389 1481 2442 1893
1507 2405 1558 2456 p.
1587 2390 1672 2456 44,
1711 2385 1985 2441 Vahlenus
2012 2388 2067 2440 in
2094 2386 2204 2440 ind.
2234 2388 2354 2441 lect.

263 2474 438 2527 Berol.
483 2475 618 2526 1895
657 2478 711 2528 et
746 2474 800 2526 in
837 2473 1070 2527 Hermae
1109 2477 1236 2527 tom.
1274 2473 1453 2526 XXX.

413 2559 858 2613 Wilamowitzius
896 2559 950 2611 in
988 2557 1091 2612 hoc
1129 2574 1338 2627 quoque
1364 2558 1634 2612 volumine
1660 2557 2012 2628 perpoliendo
2040 2562 2252 2612 strenue
2277 2574 2361 2611 me

262 2643 484 2697 adiuvit.
559 2644 622 2697 In
660 2642 976 2698 Schwartzii
1025 2659 1154 2697 vero
1205 2644 1379 2698 locum
1418 2644 1674 2698 successit
1709 2643 1896 2698 Ericus
1933 2642 2133 2711 Bethe,
2173 2643 2264 2711 qui
2303 2643 2356 2695 in

260 2728 494 2796 plagulis
562 2728 890 2798 corrigendis
954 2745 1173 2797 operam
1231 2735 1283 2783 et
1338 2730 1617 2783 consilium
1671 2730 1845 2783 amice
1900 2728 2032 2782 mihi
2090 2729 2353 2798 praebuit.

261 2813 450 2881 Itaque
487 2814 699 2882 utrique
725 2814 842 2868 viro
881 2813 1038 2868 docto
1077 2814 1306 2882 gratiam
1344 2813 1518 2868 debeo
1557 2830 1716 2882 quam
1755 2815 2076 2881 maximam3
2117 2829 2217 2867 nec
2249 2829 2356 2867 non

261 2897 542 2952 Graeveno
592 2900 683 2967 (1111
731 2900 896 2954 libros
935 2899 1205 2954 Parisinos
1255 2904 1307 2953 et
1343 2899 1641 2967 Romanos,
1691 2900 1899 2966 quoties
1947 2897 2016 2951 de
2064 2898 2247 2965 aliqua
2295 2914 2353 2952 re

260 2999 448 3051 parum
486 2983 619 3037 mihi
662 2985 956 3053 constabat,
995 3001 1029 3038 a
1064 3000 1152 3038 me
1189 2989 1405 3052 rogatus
1442 2984 1591 3037 adiit.

403 3061 712 3123 Orationem
750 3067 1148 3122 Corinthiacam
1186 3067 1491 3130 (XXXVII)
1538 3084 1572 3120 a
1609 3065 1891 3121 Dindorfio
1933 3066 2004 3123 ad
2041 3066 2200 3121 finem
2241 3066 2356 3122 edi-

262 3151 422 3205 tionis
472 3153 766 3219 relegatam
815 3152 869 3205 in
918 3169 1071 3206 suum
1119 3153 1295 3206 locum
1344 3152 1589 3220 reposui,
1639 3156 1698 3205 ut
1746 3151 1987 3205 ordinem
2028 3152 2098 3206 ab
2136 3158 2353 3207 auctore

263 3233 419 3288 huius
469 3236 801 3291 collectionis
850 3237 1146 3291 institutum
1183 3236 1239 3289 in
1278 3236 1521 3290 omnibus
1559 3252 1838 3305 sequerer,
1880 3254 1999 3291 cum
2037 3239 2353 3306 praesertim

264 3319 404 3372 aliae
442 3335 654 3387 quoque
690 3321 955 3374 orationes
982 3320 1195 3389 spuriae
1221 3321 1466 3388 genulnis
1490 3321 1788 3388 permixtae
1815 3322 2132 3390 legerentur.
2196 3321 2352 3386 Quod

263 3419 390 3457 vero
419 3403 813 3458 Corinthiacam
840 3405 1108 3474 Anonymi
1146 3421 1263 3460 esse
1289 3407 1479 3475 scripsi
1503 3423 1644 3461 nunc
1669 3409 1922 3475 paenitet.
1980 3408 2119 3462 Nam
2145 3410 2352 3463 coniec-

263 3493 382 3542 tura
419 3488 487 3542 de
526 3490 795 3544 Favorino
836 3491 952 3544 eius
990 3495 1207 3545 auctore
1244 3491 1375 3546 satis
1412 3490 1578 3546 firmis
1615 3493 1942 3560 argumentis
1981 3493 2219 3547 stabilita
2257 3498 2352 3547 est.

403 3574 661 3628 Encomio
700 3574 927 3643 Comae,
980 3575 1124 3643 quod
1160 3576 1304 3644 apud
1344 3574 1626 3645 Synesium
1663 3578 1860 3645 legitur
1897 3578 1952 3630 in
1990 3577 2211 3632 Calvitii
2248 3578 2350 3631 En-

263 3660 436 3714 comio
476 3664 528 3714 et
561 3660 627 3714 iis
655 3677 792 3729 quae
820 3677 888 3715 ex
915 3660 1130 3730 Synesii
1156 3661 1332 3715 Dione
1357 3667 1612 3730 excerpta
1636 3662 1952 3716 testimoniis
1981 3661 2247 3731 (Append.
2274 3662 2356 3714 III

261 3761 313 3813 p.
355 3745 477 3809 313)
516 3745 731 3814 inserui,
770 3747 1086 3801 varietatem
1123 3746 1370 3802 lectionis
1399 3746 1589 3801 addidi
1620 3762 1689 3802 ex
1714 3746 2072 3801 Laurentiano
2099 3747 2164 3815 A,
2193 3762 2351 3816 quem
