2684 4140
341 232 446 282 204
1125 218 1334 271 DIONIS
1363 223 1449 269 DE
1479 222 1649 270 LEGE

347 377 676 445 κηρύττεται
712 377 823 422 τῶν
871 371 1134 438 ἀγαθῶν,
1185 367 1425 431 πολλοῖς
1473 370 1780 440 ἀποφήνας
1827 376 1930 421 τοῦ
1974 366 2068 442 ζῆν
2116 374 2442 440 τιμιώτερα.

278 465 309 516 8
349 458 512 518 οὗτός
547 459 702 507 ἐστιν
741 457 772 506 6
807 456 910 516 τὰς
948 456 1289 525 πανηγύρεις
1317 456 1585 522 συνάγων,
1626 456 1657 504 6
1681 455 1813 517 τοὺς
1837 455 2015 518 θεοὺς
2040 460 2235 523 τιμῶν,
2276 459 2307 508 6
2343 460 2442 530 τὴν

343 542 544 612 ἀρετὴν
584 537 794 603 αὔξων·
834 537 999 601 οὗτος
1038 540 1069 589 6
1105 541 1205 610 τὴν
1242 536 1539 590 θάλατταν
1576 539 1890 610 καθαίρων,
1932 541 1964 593 6
1987 542 2086 612 τὴν
2111 549 2211 612 γῆν
2237 544 2443 612 ἥμερον

337 631 550 688 ποιῶν,
590 626 622 674 6
658 629 762 675 τοῦ
795 625 940 686 Διὸς
976 625 1152 686 θετὸς
1188 626 1328 688 υἱός,
1369 625 1401 675 6
1436 626 1536 695 τὴν
1574 625 1851 696 ἀήττητον
1887 627 1982 677 καὶ
2025 626 2447 698 ἀνυπέρβλητον

338 714 494 778 ἰσχύν
532 712 699 777 ἔχων·
745 716 1017 762 τοσοῦτον
1056 712 1326 762 ἁπάντων
1368 713 1708 782 σωφροσύνῃ
1745 713 1841 764 καὶ
1887 713 2084 764 πίστει
2134 711 2439 784 διαφέρων,
2475 724 2500 766 5

339 799 484 848 ὥστε
532 798 626 848 καὶ
673 802 947 864 γυναικῶν
994 797 1294 848 κοινωνίαν
1342 797 1437 848 καὶ
1485 797 1796 867 παρθένων
1857 798 2007 867 ὥραν
2065 799 2160 850 καὶ
2221 797 2446 851 παίδων

340 884 517 953 ἀκμὴν
566 883 745 950 τούτῳ
798 883 1009 943 πάντες
1057 883 1530 949 πεπιστεύκαμεν.
1617 883 1704 934 ἔτι
1752 880 1811 934 δὲ
1859 884 1954 935 καὶ
2003 884 2300 954 παρθένου
2350 891 2449 956 τῆς

270 973 302 1024 9
341 969 520 1038 Δίκης
560 968 731 1038 ούσης
766 970 940 1034 μόνος
979 968 1119 1039 αὐτῇ
1159 965 1252 1019 διά
1294 969 1670 1039 σωφροσύνην
1699 970 1973 1020 σύνεστιν.
2122 968 2286 1031 οὗτος
2324 971 2449 1022 ἐπί-

332 1070 536 1124 κουρος
554 1055 755 1124 γήρως,
785 1051 1126 1116 διδάσκαλος
1146 1056 1426 1125 νεότητος,
1450 1055 1652 1116 πενίας
1674 1057 1952 1125 συνεργός,
1976 1051 2162 1126 φύλαξ
2181 1052 2448 1120 πλούτου,

336 1147 406 1210 τῇ
443 1142 545 1207 μὲν
584 1141 773 1211 εἰρήνῃ
817 1143 1132 1207 σύμμαχος,
1184 1138 1263 1208 τῴ
1306 1138 1365 1191 δὲ
1405 1138 1636 1208 πολέμῳ
1677 1142 1947 1203 ἐναντίος.
2035 1141 2098 1192 οὐ
2148 1142 2257 1212 μὴν
2308 1138 2450 1191 ἀλλά
2489 1149 2536 1192 10
2682 1203 2684 1206 ⁴

333 1227 428 1277 καὶ
464 1227 523 1277 ἐν
563 1223 713 1294 αὐτῷ
752 1227 931 1293 τούτῳ
973 1223 1244 1277 πλεῖστον
1284 1227 1479 1291 ἰσχύει.
1543 1228 1641 1277 τὸν
1666 1231 1799 1293 γοῦν
1826 1226 1984 1295 παρὰ
2022 1230 2134 1277 τῶν
2161 1226 2446 1292 ἐχθίστων
2467 1237 2656 1284 (409an

336 1312 543 1381 κήρυκα
583 1314 951 1378 πεμπόμενον
979 1310 1142 1373 οὗτός
1168 1313 1323 1363 ἐστιν
1351 1313 1382 1362 6
1423 1307 1616 1380 σῴζων
1640 1313 1735 1364 καὶ
1774 1309 2190 1383 διαφυλάττων,
2230 1314 2448 1375 παντὸς

335 1397 604 1466 θώρακος
641 1399 735 1449 καὶ
761 1400 952 1467 πάσης
979 1395 1228 1459 ἀσπίδος
1255 1398 1613 1467 ἰσχυρότερον
1651 1395 1802 1466 αὐτῷ
1831 1396 1964 1460 δούς
1989 1395 2167 1450 ὅπλον
2194 1400 2258 1449 τὸ
2285 1400 2448 1469 κηρύ-

333 1493 515 1534 κειον·
555 1483 679 1534 ἔστι
719 1481 778 1534 δὲ
817 1490 921 1533 τοῦ
955 1485 1128 1549 νόμου
1171 1481 1468 1551 σύμβολον.
1534 1482 1628 1535 διὰ
1655 1490 1854 1535 τοῦτον
1880 1486 2012 1546 τοὺς
2043 1484 2452 1546 ἀποθανόντας

336 1565 520 1630 οὐδεὶς
556 1569 642 1619 ἔτι
679 1570 856 1638 κρίνει
894 1566 1204 1634 πολεμίους
1243 1566 1371 1620 οὐδὲ
1409 1570 1509 1639 τὴν
1547 1569 1761 1639 ἔχθραν
1796 1569 1891 1621 καὶ
1915 1571 2014 1641 τὴν
2053 1569 2214 1640 ὕβριν
2251 1570 2336 1631 εἰς
2371 1570 2441 1621 τὰ
2482 1575 2529 1618 15

344 1655 579 1720 σώματα
620 1646 804 1705 αὐτῶν
843 1649 1275 1705 ἐπιδείκνυνται.

253 1754 319 1805 10
486 1741 739 1806 τοσούτῳ
788 1736 847 1791 δὲ
886 1744 1014 1801 ταῖς
1052 1737 1261 1790 πόλεσι
1294 1741 1720 1810 χρησιμώτερός
1745 1741 1901 1791 ἐστιν
1926 1741 2071 1810 ἤπερ
2100 1740 2170 1790 τά
2199 1738 2452 1810 πηδάλια

336 1827 464 1886 ταῖς
501 1826 726 1888 ναυσίν,
780 1826 925 1875 ὥστε
975 1829 1007 1895 ή
1058 1827 1160 1891 μὲν
1210 1822 1584 1892 ἀποβαλοῦσα
1634 1826 1766 1886 τούς
1817 1824 2016 1887 οἴακας
2061 1831 2195 1887 ναῦς
2251 1818 2349 1876 οὐκ
2386 1827 2454 1877 ἀν

338 1908 619 1962 ἀπόλοιτο
658 1913 731 1982 μὴ
768 1916 1048 1976 χειμῶνος
1084 1908 1530 1978 καταλαβόντος,
1581 1908 1751 1962 πόλιν
1792 1901 1848 1961 δ’
1903 1904 2002 1961 οὐκ
2050 1911 2134 1962 ἔνι
2187 1911 2450 1983 σωθῆναι

334 2002 438 2047 τοῦ
489 1999 662 2063 νόμου
726 1994 1025 2060 λυθέντος,
1086 1989 1209 2048 οὐδ’
1274 1998 1342 2048 ἀν
1399 1995 1575 2067 μηδὲν
1632 1994 1850 2060 ἔξωθεν
1909 1997 2186 2067 συμβαίνῃ
2245 1994 2445 2049 δεινόν.
2483 2003 2532 2046 2⁰

345 2083 539 2152 ὥσπερ
581 2080 639 2133 δὲ
678 2083 791 2132 ὑπὸ
831 2089 930 2152 τῆς
968 2083 1026 2133 ἐν
1066 2075 1220 2150 αὐτῷ
1262 2080 1519 2143 διανοίας
1570 2079 1871 2133 διοικεῖται
1915 2084 2011 2134 καὶ
2061 2078 2302 2151 σῴζεται
2337 2087 2450 2134 τῶν

342 2167 671 2237 ἀνθρώπιον
711 2169 960 2230 ἕκαστος,
999 2171 1031 2238 ή
1074 2165 1133 2218 δὲ
1172 2169 1379 2238 ταύτης
1419 2165 1718 2238 διαφθορὰ
1756 2168 1964 2233 μανίαν
1988 2169 2083 2219 καὶ
2109 2170 2451 2239 παρακοπὴν

343 2255 521 2323 φέρει,
562 2250 999 2322 παραπλησίως,
1039 2254 1107 2304 ἄν
1145 2270 1233 2314 τις
1271 2250 1436 2322 ἀνέλῃ
1465 2255 1562 2303 τὸν
1588 2255 1760 2318 νόμον
1787 2254 1846 2303 ἐκ
1871 2258 1974 2303 τοῦ
1996 2253 2138 2320 βίου,
2175 2253 2444 2323 καθάπερ
2477 2262 2624 2306 (64811)

346 2337 510 2405 οἶμαι
566 2340 663 2390 τὸν
720 2345 849 2390 νοῦν
908 2336 1286 2400 ἀπολωλεκώς
1343 2340 1425 2400 εἰς
1482 2335 1729 2409 παντελῆ
1785 2339 1992 2405 μανίαν
2058 2341 2153 2390 καὶ
2208 2341 2452 2409 ταραχὴν

342 2426 765 2495 περιστήσεται.

488 2640 515 2679 4
545 2639 634 2683 τοῦ
653 2649 738 2682 om.
760 2636 796 2680 P
888 2632 1037 2691 θετὸς
1066 2631 1189 2689 Wil.‚
1220 2633 1371 2690 ἑστώς
1389 2631 1560 2680 ΡΗΒΜ
1590 2632 1726 2689 ἐτεὸς
1745 2634 1789 2681 U
1876 2640 1901 2679 5
1918 2631 2169 2682 τοσούτων
2187 2634 2231 2680 U
2249 2648 2307 2679 m.
2324 2648 2394 2692 pr.

346 2711 369 2751 7
402 2702 504 2755 ἔστι
534 2709 583 2756 δὲ
613 2704 650 2752 P
766 2712 819 2764 11
854 2708 1004 2755 πλέον
1032 2707 1200 2753 PHUB
1231 2710 1400 2753 πλεῖον
1428 2706 1492 2761 Μ,
1523 2718 1639 2751 corr.
1672 2706 1803 2763 Emp.
1893 2710 1946 2751 12
1975 2703 2077 2753 ἐστι
2107 2706 2144 2750 Ρ
2251 2709 2301 2750 13
2333 2700 2452 2753 αὐτὸ

344 2807 425 2853 UB
458 2780 519 2856 og)
549 2808 585 2852 P
700 2804 928 2868 κηρύκιον
957 2807 1052 2863 ΗΡ,
1085 2820 1200 2852 corr.
1231 2807 1275 2853 U
1425 2811 1476 2851 14
1508 2803 1766 2864 σύμβωλον
1794 2805 1843 2850 Μ
1875 2802 2149 2866 σύμβουλον
2176 2805 2214 2848 Ρ
2348 2822 2376 2851 ν
2404 2806 2453 2850 in

342 2883 521 2927 τοῦτον
550 2880 655 2925 add.
687 2892 716 2924 a
747 2892 861 2925 corr.
892 2879 928 2922 P
1052 2883 1100 2924 15
1133 2877 1181 2925 οἳ
1210 2878 1260 2925 δὲ
1288 2878 1330 2924 U
1360 2892 1418 2923 m.
1449 2892 1518 2936 pr.
1550 2878 1642 2923 ΒΜ
1771 2872 1955 2936 ἔχθραν
1982 2872 2078 2936 γὰρ
2107 2876 2150 2922 U
2177 2889 2237 2921 m.
2267 2889 2336 2933 pr.

351 2954 402 2995 16
435 2945 804 2999 ἀποδείκνυνται
833 2950 873 2996 U
904 2964 964 2995 m.
995 2964 1064 3007 pr.
1095 2950 1186 2994 ΒΜ
1276 2954 1326 2994 17
1359 2954 1568 2996 τοσοῦτο
1600 2948 1730 2993 ΗΜΡ
1831 2955 1937 3001 ταῖς
1966 2960 2053 2992 om.
2086 2945 2248 2991 UBHP
2279 2944 2336 2993 τὸ
2368 2960 2453 3004 pro

344 3030 451 3077 ταῖς
470 3023 540 3078 Μ,
572 3035 690 3068 corr.
713 3021 824 3067 editi
916 3025 966 3067 18
1000 3016 1350 3082 ἀποβάλλουσα
1379 3020 1499 3077 libri,
1531 3033 1648 3065 corr.
1667 3019 1827 3076 Pflugk
1916 3022 1968 3062 19
2000 3015 2264 3066 ἀπόλλοιτο
2287 3017 2367 3061 ΗΡ

346 3090 442 3153 ἔχει
473 3096 697 3139 mutatum
726 3095 774 3138 in
803 3090 871 3141 ἔνι
903 3106 931 3138 a
959 3105 1019 3138 m.
1049 3107 1119 3152 pr.
1152 3094 1206 3148 (2)
1234 3092 1278 3137 H
1398 3096 1452 3137 20
1485 3093 1744 3153 συμβαίνοι
1773 3090 1824 3136 Μ
1855 3091 2154 3150 συμβαίνεεη
2185 3094 2228 3148 (η
2257 3101 2285 3133 a
2317 3093 2455 3144 corr.)

346 3166 388 3211 U
420 3167 670 3226 συμβαίνει
700 3166 735 3210 Ρ
853 3169 906 3210 22
939 3162 1132 3220 ταύταις
1161 3164 1198 3209 Ρ
1314 3159 1522 3225 διαφορὰ
1553 3164 1603 3208 Μ
