2684 4140
1034 309 1259 355 ORATIO
1289 309 1498 356 XXXVI.
2279 306 2310 354 9

363 461 425 510 τὸ
452 460 553 525 μὲν
581 456 643 529 δὴ
674 465 771 528 τῆς
798 454 1024 518 πόλεως
1054 458 1249 520 οὕτως,
1276 458 1435 527 ἔφην,
1465 454 1559 507 δεῖ
1577 457 1800 507 ἀκούειν
1827 457 1904 516 ὡς
1931 446 2029 505 οὑκ
2056 455 2313 521 ἄντικρυς

14 556 69 595 (88
90 555 124 590 R
147 555 199 598 11)
222 549 332 595 τῶν
368 547 650 614 ἡμετέρων
676 545 771 593 τὸν
796 544 1009 607 κόσμον
1039 542 1517 610 ἀποφαινομένων
1545 537 1713 591 πόλιν
1730 551 1740 563 ·
1780 541 2031 591 ἐναντίον
2057 538 2160 606 γὰρ
2185 531 2315 603 (ἂν)

224 630 435 699 ὑπῆρχε
461 634 625 678 τοῦτο
653 626 734 694 τῷ
761 625 900 694 λόγῳ
930 625 1010 692 τῷ
1037 627 1169 694 περὶ
1193 633 1291 696 τῆς
1317 622 1554 688 πόλεως,
1591 620 1733 695 <ἥν>,
1773 626 1966 694 ὥσπερ
2005 623 2100 674 οὖν
2129 620 2311 684 εἶπον,

227 715 479 782 σύστημα
507 712 831 779 ἀνθρώπων
854 711 1159 780 ὡρίσαντο·
1200 712 1314 775 ἅμα
1341 727 1401 761 τε
1429 710 1525 760 οὐκ
1549 707 1615 779 ἦν
1643 709 1782 771 ἴσως
1808 713 2031 775 πρέπον
2059 703 2186 758 οὐδὲ
2216 721 2310 756 πι-

166 804 191 845 5
227 798 407 848 θανὸν
426 797 629 865 κυρίως
650 797 916 857 εἰπόντας
937 795 1082 846 εἶναι
1102 797 1198 845 τὸν
1216 797 1426 860 κόσμον
1448 790 1588 862 ζῷον
1608 789 1807 845 ἔπειτα
1831 796 2067 864 φάσκειν
2088 792 2166 852 ὡς
2185 790 2308 841 ἔστι
2329 792 2396 844 30

223 878 418 942 πόλις·
445 882 507 931 τὸ
534 881 636 948 γὰρ
667 881 800 931 αὐτὸ
829 877 997 931 πόλιν
1023 897 1082 930 τε
1107 880 1200 930 καὶ
1226 875 1367 946 ζῷον
1395 880 1490 929 οὐκ
1517 880 1584 929 ἂν
1613 878 1773 944 οἶμαι
1798 875 2012 947 ῥᾳδίως
2036 878 2314 941 ὑπομένοι

222 983 308 1027 τις
334 963 657 1032 ὑπολαβεῖν.
712 962 852 1015 ἀλλά
884 966 981 1035 τὴν
1012 970 1105 1015 νῦν
1130 961 1517 1032 διακόσμησιν,
1546 963 1786 1032 ὁπηνίκα
1815 960 2078 1031 διῄρηται
2101 961 2196 1011 καὶ
2220 977 2315 1025 με·

222 1053 486 1118 μέρισται
511 1052 573 1100 τὸ
605 1054 716 1100 πᾶν
744 1050 825 1110 εἰς
845 1046 1061 1109 πολλάς
1081 1065 1238 1108 τινας
1256 1048 1484 1117 μορφὰς
1507 1052 1696 1116 φυτῶν
1718 1063 1777 1096 τε
1797 1047 1890 1096 καὶ
1911 1041 2066 1113 ζῴων
2087 1045 2315 1114 θνητῶν

223 1136 316 1185 καὶ
353 1135 673 1198 ἀθανάτων,
714 1135 798 1185 ἔτι
837 1131 895 1184 δὲ
924 1134 1089 1200 ἀέρος
1115 1133 1208 1183 καὶ
1231 1139 1330 1202 γῆς
1354 1133 1448 1182 καὶ
1472 1130 1677 1191 ὕδατος
1702 1131 1796 1181 καὶ
1836 1132 2031 1198 πυρός,
2071 1130 2128 1180 ἓν
2157 1126 2315 1179 οὐδὲν

145 1227 191 1268 10
227 1219 393 1288 ἧττον
425 1220 677 1289 πεφυκὸς
706 1219 764 1268 ἐν
796 1218 981 1267 ἅπασι
1010 1217 1233 1276 τούτοις
1257 1217 1351 1266 καὶ
1389 1214 1494 1283 μιᾷ
1535 1221 1689 1284 ψυχῇ
1719 1215 1812 1264 καὶ
1850 1212 2082 1279 δυνάμει
2123 1212 2314 1264 διεπό-

223 1319 406 1368 μενον,
445 1304 702 1371 ἁμῃγέπῃ
742 1299 909 1351 πόλει
948 1295 1385 1367 προσεικάζουσι
1426 1297 1519 1349 διὰ
1557 1301 1621 1350 τὸ
1662 1296 1890 1369 πλῆθος
1928 1304 2039 1349 τῶν
2077 1301 2136 1349 έν
2176 1289 2317 1366 αὑτῇ

224 1390 559 1455 γιγνομένων
579 1403 639 1436 τε
658 1386 752 1436 καὶ
777 1386 1251 1451 ἀπογιγνομένων,
1279 1384 1364 1433 ἔτι
1388 1381 1564 1454 δὲτὴν
1584 1380 1743 1446 τάξιν
1768 1384 1862 1434 καὶ
1886 1384 1985 1453 τὴν
2013 1376 2315 1449 εὐκοσμίαν

225 1478 322 1541 τῆς
361 1468 703 1539 διοικήσεως.
781 1471 812 1519 o‘
850 1467 908 1520 δὲ
941 1466 1102 1535 λόγος
1131 1466 1293 1529 οὗτος
1320 1468 1566 1537 ἔμβραχυ
1604 1464 1922 1518 ἐσπούδακε
1967 1465 2317 1537 ξυναρμόσαι
2336 1463 2398 1514 31

225 1553 302 1622 τῷ
350 1555 494 1621 θείῳ
545 1556 608 1604 τὸ
662 1554 1027 1621 ἀνθρώπειον
1076 1557 1233 1620 γένος
1278 1555 1372 1603 καὶ
1420 1554 1502 1604 ἑνὶ
1550 1550 1691 1620 λόγῳ
1734 1549 2063 1618 περιλαβεῖν
2103 1558 2214 1603 πᾶν
2253 1554 2316 1602 τὸ

13 1649 193 1692 9R11115
232 1636 473 1706 λογικόν,
521 1639 818 1699 κοινωνίας
855 1640 1025 1708 ἀρχὴν
1074 1639 1167 1688 καὶ
1216 1635 1573 1706 δικαιοσύνης
1621 1639 1795 1706 μόνην
1844 1639 2050 1707 ταύτην
2090 1637 2319 1706 ἰσχυρὰν

226 1725 319 1775 καὶ
357 1721 558 1774 ἄλυτον
597 1724 880 1792 εὑρίσκων.
958 1720 1127 1783 πόλις
1164 1725 1264 1788 μὲν
1302 1723 1405 1792 γὰρ
1447 1719 1509 1793 δὴ
1548 1722 1689 1772 κατὰ
1728 1728 1894 1772 τοῦτο
1934 1723 2002 1773 ἂν
2041 1720 2125 1791 εἴη
2169 1718 2319 1788 λεγο-

228 1812 362 1878 μένη
401 1809 478 1874 μά
516 1801 615 1858 Δί’
662 1801 723 1858 οὗ
767 1804 996 1876 φαύλων
1037 1800 1163 1857 οὐδὲ
1201 1813 1412 1876 μικρῶν
1450 1813 1691 1872 τυχοῦσα
1717 1809 1999 1874 ἡγεμόνιον
2041 1799 2168 1856 οὐδὲ
2206 1807 2318 1855 ὑπὸ

230 1896 510 1962 τυράννων
549 1909 608 1943 τε
644 1894 738 1943 καὶ
776 1890 964 1961 δήμων
989 1892 1083 1942 καὶ
1110 1889 1411 1961 δεκαρχιῶν
1441 1889 1503 1961 δὴ
1531 1891 1626 1941 καὶ
1653 1889 1985 1960 ὀλιγαρχιῶν
2022 1892 2118 1941 καί
2154 1907 2322 1941 τινων

233 1975 416 2029 ἄλλων
464 1979 735 2028 τοιούτων
789 1976 1245 2046 ἀρρωστημάτων
1308 1975 1725 2046 διαφορουμένη
1788 1978 1882 2027 καὶ
1942 1971 2322 2037 στασιάζουσα

154 2072 201 2113 20
237 2064 332 2113 τὸν
373 2063 595 2112 ἅπαντα
638 2063 867 2131 χρόνον,
917 2057 1058 2109 ἀλλὰ
1097 2066 1165 2128 τῇ
1216 2063 1652 2131 σωφρονεστάτῃ
1690 2062 1784 2111 καὶ
1822 2062 2021 2130 ἀρίστῃ
2062 2057 2324 2127 βασιλείᾳ

230 2150 627 2216 κεκοσμημένη,
666 2145 746 2212 τῷ
785 2147 903 2195 όντι
933 2141 1337 2214 βασιλευομένη
1364 2145 1505 2195 κατὰ
1533 2147 1704 2210 νόμον
1739 2146 1880 2211 μετὰ
1908 2147 2097 2215 πάσης
2126 2142 2322 2215 φιλίας

230 2233 323 2282 καὶ
375 2231 666 2296 ὁμονοίας·
723 2232 861 2298 ὅπερ
904 2226 966 2299 δὴ
1017 2230 1047 2278 ὁ
1087 2231 1422 2299 σοφώτατος
1458 2231 1552 2280 καὶ
1591 2223 1655 2300 [ὁ]
1702 2231 2090 2299 πρεσβύτατος
2138 2231 2321 2298 όίρχων
2345 2231 2411 2285 32

233 2317 326 2366 καὶ
364 2315 680 2384 νομοθέτης
719 2316 904 2364 ἅπασι
943 2315 1287 2382 προστάττει
1334 2315 1574 2383 θνητοῖς
1621 2316 1715 2366 καὶ
1765 2316 2108 2378 ἀθανάτοις,
2161 2316 2190 2364 ὁ
2228 2320 2330 2364 τοῦ

234 2397 554 2466 ξύμπαντος
590 2401 807 2470 ἡγεμὼν
848 2392 1090 2468 οὐρανοῦ
1122 2400 1216 2449 καὶ
1252 2405 1350 2468 τῆς
1387 2396 1518 2468 ὅλης
1558 2396 1840 2470 δεσπότης
1881 2394 2108 2463 οὐσίας,
2161 2390 2329 2460 αὐτὸς

24 2496 133 2538 4721)
157 2494 204 2535 25
244 2485 420 2545 οὕτως
458 2482 822 2554 ἐξηγούμενος
859 2485 952 2533 καὶ
989 2480 1348 2552 παράδειγμα
1387 2488 1648 2553 παρέχων
1684 2487 1782 2555 τὴν
1837 2487 2009 2536 αὑτοῦ
2052 2483 2328 2554 διοίκησιν

240 2576 337 2639 τῆς
388 2559 719 2635 εὐδαίμονος
765 2570 859 2620 καὶ
895 2569 1175 2637 μακαρίας
1211 2571 1635 2630 καταστάσεως·
1688 2569 1752 2620 ὃν
1802 2572 1858 2620 οἱ
1894 2571 2054 2621 θεῖοι
2093 2572 2331 2640 ποιηταὶ

239 2654 524 2719 μαθόντες
561 2655 620 2704 ἐκ
657 2654 909 2704 Μουσῶν
947 2655 1214 2719 ὑμνοῦσιν
1255 2655 1368 2719 ἅμα
1407 2655 1501 2704 καὶ
1539 2650 1879 2720 ὀνομάζουσι
1917 2658 2136 2724 πατέρα
2175 2656 2330 2706 θεῶν

388 2852 405 2891 1
442 2850 511 2893 δεῖ
538 2846 716 2901 Reiske‚
748 2844 800 2906 δὴ
831 2847 879 2891 Μ
911 2851 1007 2894 δεῖν
1037 2847 1158 2893 UBT
1285 2843 1351 2902 ὡς
1381 2843 1469 2895 οὐκ
1497 2849 1546 2892 Μ
1575 2851 1657 2894 καὶ
1689 2842 1775 2895 οὐκ
1804 2845 1926 2893 UBT
2043 2853 2067 2893 2
2100 2854 2198 2896 τῶν
2226 2846 2334 2910 ἦμε-

243 2917 396 2975 τὲρων
425 2918 572 2975 Εωρ.,
604 2920 701 2964 τῶν
729 2913 921 2977 ἡμερῶν
949 2919 998 2962 Μ
1029 2922 1126 2964 τῶν
1154 2910 1336 2979 ἥμερον
1365 2921 1511 2975 ζῶιον
1539 2918 1660 2963 UBT
1840 2914 1869 2976 ἢ
1898 2916 2040 2965 πόλιν
2071 2920 2192 2965 UBT
2291 2956 2294 2962 ,

245 2985 305 3035 ἂν
344 2988 444 3034 add.
476 2989 606 3045 Emp.
753 2994 777 3032 3
809 2993 953 3036 τοῦτο
985 2990 1183 3040 Selden.‚
1225 2986 1380 3050 τούτῳ
1419 2990 1520 3034 libri
1691 2983 1746 3047 ἢν
1783 2989 1886 3034 add.
1927 2990 2061 3046 Emp.
2209 2983 2332 3051 ὅπερ

247 3052 332 3106 οὖν
361 3059 442 3104 UT
529 3063 557 3103 4
589 3055 807 3117 ὃρίσαντι
837 3060 982 3115 Seld.;
1014 3060 1151 3104 malui
1180 3060 1313 3116 Emp.
1345 3060 1472 3115 sequi
1503 3059 1561 3104 cf.
1594 3059 1652 3104 ad
1674 3064 1699 3103 3
1786 3051 1887 3116 ἅμα
1918 3076 1971 3106 τε
1999 3057 2094 3120 γὰρ
2125 3062 2247 3107 UBT

249 3135 273 3173 5
306 3127 425 3176 εἶναι
455 3143 542 3174 om.
572 3129 652 3174 UT
817 3135 838 3173 7
873 3127 1206 3188 διακοσμήσειν
1235 3130 1284 3173 Μ
1457 3133 1481 3174 8
1510 3127 1704 3189 μορφάς
1733 3147 1864 3184 τινας
1892 3130 1996 3185 (hoc
2014 3132 2140 3187 ord.)
2169 3133 2219 3177 M

250 3204 274 3243 9
305 3196 455 3254 πυρὸς
484 3199 536 3245 ἕν
557 3195 692 3246 οὐδὲν
721 3191 865 3257 ἧττον
894 3201 943 3244 Μ
972 3196 1126 3260 πυρὸς
1154 3199 1206 3246 ἐν
1228 3194 1381 3246 οὐδενὶ
1401 3190 1545 3258 ἦττον
1567 3200 1700 3254 UBT,
1732 3197 1784 3247 ἓν
1813 3214 1895 3257 pro
1925 3200 1980 3247 ἐν
2010 3202 2186 3259 scrIpsi‚
2216 3203 2333 3249 idem

252 3269 330 3312 alii
358 3269 646 3324 invenerunt3
676 3273 763 3315 νοῦ
791 3269 840 3315 δὲ
867 3261 1014 3328 ἦττον
1043 3270 1173 3326 Emp.
1301 3274 1352 3314 10
1382 3270 1605 3327 πεφυκώς
1634 3270 1673 3314 Τ
1790 3272 2085 3328 διεπομὲνων
2112 3273 2215 3319 libri
2244 3278 2333 3321 διε-

253 3336 469 3394 πόμενον
497 3338 735 3394 Emporius
852 3335 1069 3398 ἁμῃγέπῃ
1099 3339 1217 3396 Emp
1246 3355 1257 3396 3
1296 3336 1325 3386 ἃ
1356 3337 1474 3398 μήτε
1504 3343 1562 3398 τῇ
1590 3341 1693 3385 libri
1822 3346 1872 3386 13
1903 3340 1956 3389 ἐν
1985 3339 2142 3403 βραχὺ
2172 3344 2221 3387 Μ

258 3413 307 3452 14
336 3410 454 3470 θείῳ
484 3409 677 3465 GeeHus,
707 3412 809 3471 θεῷ
837 3410 939 3453 libri
1055 3413 1125 3456 τῶ
1152 3424 1235 3467 pro
1265 3406 1322 3457 τὸ
1355 3411 1392 3454 Τ
1514 3416 1564 3456 15
1596 3406 1714 3471 ἀρχὴ
1747 3415 1845 3466 (om.
1877 3417 1974 3470 καὶ)
2000 3414 2049 3457 Μ
2165 3419 2337 3462 δικαιο·

254 3478 392 3538 σύνης
427 3479 613 3534 Reiske3
656 3477 952 3538 δικαιοσύνην
989 3480 1093 3525 libri
1239 3485 1290 3524 16
1321 3473 1543 3540 εὕρισκον
1578 3482 1617 3526 Τ
1760 3482 1898 3540 μόλις
1936 3486 1974 3528 Β
2151 3490 2200 3530 17
2234 3501 2336 3542 σμι-

253 3553 385 3606 κρῶν
413 3550 451 3593 Β
570 3554 620 3595 18
653 3554 975 3609 δεκαδαρχιῶν
1003 3552 1052 3595 Μ
1223 3555 1277 3596 20
1309 3544 1408 3609 ἅμα
1437 3566 1520 3609 pro
1550 3548 1669 3600 ἀλλὰ
1701 3554 1748 3598 Μ
1896 3559 1949 3601 21
1979 3559 2060 3603 καὶ
2088 3561 2337 3617 βασιλευο-

255 3620 370 3679 μένη
399 3621 438 3665 Β
554 3623 607 3664 22
642 3613 791 3680 ὅνπερ
821 3622 1008 3676 Reiske,
1046 3613 1212 3682 ὥσπερ
1242 3623 1400 3681 Emp.;
1438 3624 1545 3668 mihi
1574 3624 1747 3669 Reiskii
1778 3627 2036 3672 coniectura
2064 3629 2340 3685 praeplacet,

257 3693 444 3748 propter
472 3688 782 3750 ἐξηγούμενος
811 3693 842 3736 l.
875 3696 927 3737 25
1047 3688 1072 3738 ὃ
1107 3694 1191 3738 del.
1223 3693 1330 3738 Wil.
1448 3698 1499 3738 25
1532 3694 1616 3753 τὴν
1646 3691 1794 3742 αὑτοῦ
1823 3699 2053 3757 διοίκησιν
2071 3699 2229 3755 Emp.;
2260 3702 2343 3757 τῆς

259 3757 406 3808 αὑτοῦ
434 3760 707 3820 διοικήσεως
734 3763 837 3808 libri
