2684 4140
431 287 532 337 106
978 273 1181 319 DIONIS
1209 270 1292 314 DE
1323 264 1752 312 PHILOGTETAE
1783 264 1946 309 ARGU

363 432 395 482 6
429 426 593 495 μενος
637 423 747 473 ὑπὸ
796 424 898 469 τοῦ
934 413 1294 483 Φιλοκτήτου.
1381 411 1499 474 ἔχοι
1550 401 1604 458 δ’
1647 409 1714 458 ἂν
1753 405 2094 474 ἀπολογίαν,
2150 409 2227 469 ὡς
2273 392 2504 475 ἐγῷμαι,

424 511 567 579 πρὸς
602 507 664 555 τὸ
702 507 981 553 τοιοῦτον·
1022 500 1053 548 ό
1086 499 1187 563 μὲν
1223 496 1326 564 γὰρ
1361 496 1562 562 χρόνος
1601 494 1764 557 τυχὸν
1805 486 1901 542 οὐκ
1938 489 2004 561 ἦν
2032 499 2320 556 τοσοῦτος,
2362 489 2506 544 ὥστε

423 594 495 662 μή
536 589 836 654 ἀνενεγκεῖν
873 586 968 634 τὸν
1000 587 1337 651 χαρακτῆρα,
1379 577 1509 629 δέκα
1537 579 1677 627 ἐτῶν
1706 575 2127 644 διαγεγονότων,
2163 581 2194 648 ή
2238 575 2297 628 δὲ
2337 581 2506 641 νόσος

419 681 451 746 ή
491 679 592 724 τοῦ
627 667 969 737 Φιλοκτήτου
1018 667 1110 716 καὶ
1154 667 1399 724 κάκωσις
1446 663 1540 713 καὶ
1587 663 1650 712 τὸ
1698 663 1756 712 ἐν
1795 663 2000 732 ἐρημίᾳ
2038 662 2372 729 βεβιωκέναι
2408 666 2505 714 τὸν

376 797 378 799 ,
417 754 621 825 μεταξύ
652 756 851 823 χρόνον
890 745 986 802 οὐκ
1023 748 1295 800 ἀδύνατον
1342 753 1507 797 τοῦτο
1556 747 1760 798 ἐποίει.
1849 745 2054 798 πολλοὶ
2104 748 2207 818 γὰρ
2256 746 2390 819 ἤδη,
2442 750 2498 799 οἱ
2535 758 2560 798 5

417 843 518 908 μὲν
553 841 663 890 ὑπὸ
703 837 1022 897 ἀσθενείας,
1058 835 1120 884 -οί
1158 831 1216 884 δὲ
1255 833 1368 883 ὑπὸ
1402 829 1723 896 δυστυχίας,
1764 832 1994 883 ἔπαθον
2034 822 2187 883 αὐτό.
2270 834 2365 884 καὶ
2400 835 2508 904 μήν

420 926 451 976 ό
481 925 647 993 χορὸς
674 915 823 987 αὐτῷ
852 919 1264 988 παραιτήσεως,
1309 917 1502 984 ὥσπερ
1531 917 1562 966 ὁ
1586 922 1690 966 τοῦ
1712 910 2046 986 Εὐριπίδου,
2088 910 2249 968 οὐδὲν
2276 916 2508 989 ἐδεήθη.

356 1013 384 1062 7
423 1011 593 1079 ἄμφω
631 1006 732 1075 γὰρ
771 1007 830 1055 ἐκ
855 1009 965 1054 τῶν
990 1003 1266 1072 Λημνίων
1292 1002 1572 1071 ἐποίησαν
1609 1003 1706 1052 τὸν
1727 1004 1912 1071 χορόν.
1977 995 2104 1052 ἀλλ’
2149 1004 2181 1052 ὁ
2216 1005 2318 1069 μὲν
2344 997 2509 1074 Εὐρι-

420 1091 590 1162 πίδης
615 1084 787 1151 εὐθὺς
814 1086 1302 1155 ἀπολογουμένους
1327 1089 1608 1157 πεποίηκε
1636 1089 1769 1158 περὶ
1795 1095 1894 1158 τῆς
1921 1091 2199 1158 πρότερον
2226 1086 2506 1154 ἀμελείας,

419 1178 505 1230 ὅτι
553 1175 615 1247 δή
664 1177 945 1226 τοσούτων
990 1175 1129 1224 ἑτῶν
1179 1173 1305 1223 οὔτε
1364 1171 1749 1242 προσέλθοιεν
1802 1176 1947 1243 πρὸς
2005 1176 2102 1226 τὸν
2155 1171 2504 1244 Φιλοκτήτην
2543 1182 2590 1225 10
2610 1171 2684 1252 (αξξ

422 1263 545 1313 οὔτε
603 1261 951 1330 βοηθήσειαν
1010 1252 1171 1309 οὐδὲν
1219 1249 1388 1326 αὐτῷ.
1476 1260 1507 1309 ό
1557 1251 1612 1309 δ’
1656 1257 1949 1324 Αἰσχύλος
1998 1248 2198 1321 ἁπλῶς
2247 1260 2505 1329 εἰσήγαγε

420 1351 516 1399 τὸν
547 1349 729 1416 χορόν,
769 1345 798 1394 ὃ
842 1342 918 1411 τῴ
958 1345 1130 1394 παντὶ
1166 1345 1575 1414 τραγικώτερον
1613 1345 1707 1395 καὶ
1743 1342 2163 1415 ἁπλούστερον·
2202 1347 2265 1396 τὸ
2301 1338 2355 1396 δ’
2398 1348 2510 1396 ἔτε-

421 1450 517 1502 ρον
568 1429 1000 1498 πολιτικώτερον
1048 1430 1142 1480 καὶ
1191 1429 1601 1499 ἀκριβέστερον.
1691 1431 1785 1481 καὶ
1832 1431 1936 1500 γὰρ
1989 1432 2039 1482 εἰ
2088 1433 2190 1497 μὲν
2243 1429 2508 1482 ἐδύναντο

383 1519 608 1579 ’πάσας
662 1514 981 1586 διαφεύγειν
1019 1514 1121 1576 τὰς
1160 1511 1392 1581 ἀλογίας
1430 1516 1488 1565 έν
1528 1519 1654 1576 ταῖς
1692 1513 2061 1585 τραγῳδίαις,
2114 1516 2253 1578 ἴσως
2291 1517 2358 1567 ἂν
2398 1516 2509 1582 εἶχε
2535 1529 2684 1574 (55011

421 1601 581 1670 λόγον
630 1599 767 1671 μηδὲ
817 1606 980 1651 τοῦτο
1029 1603 1449 1668 παραπέμψαι·
1500 1605 1595 1650 νῦν
1648 1597 1707 1650 δὲ
1759 1598 2034 1663 πολλάκις
2083 1604 2141 1653 ἐν
2189 1602 2297 1669 μιᾷ
2334 1606 2512 1673 ἡμέρᾳ
2550 1591 2597 1654 15

420 1690 930 1756 παραγιγνομένους
978 1691 1214 1735 ποιοῦσι
1263 1687 1395 1746 τοὺς
1452 1686 1691 1755 κήρυκας
1753 1683 2032 1737 πλειόνων
2091 1690 2313 1758 ήμερῶν
2363 1685 2508 1738 ὁδόν.

354 1773 383 1825 8
423 1774 618 1824 ἔπειτα
661 1765 786 1822 οὐδὲ
829 1768 890 1833 ἐξ
927 1771 1179 1831 ἅπαντος
1215 1766 1282 1839 ἧν
1319 1771 1459 1838 μήτε
1498 1767 1847 1839 προσελθεῖν
1897 1763 2048 1839 αὐτῷ
2094 1770 2307 1842 μηδένα
2345 1775 2512 1841 Λημ-

421 1860 552 1910 νίων
588 1859 725 1927 μήτε
764 1849 1184 1926 ἐπιμεληθῆναι
1219 1852 1421 1924 μηδέν·
1475 1852 1636 1906 δοκεῖ
1675 1857 1780 1925 γάρ
1819 1873 1920 1922 μοι
1961 1849 2084 1907 οὐδ’
2128 1858 2195 1907 ἂν
2236 1854 2510 1924 διεγένετο

419 1945 487 1994 τά
531 1942 659 1994 δέκα
699 1943 792 2012 ἔτη
831 1939 1108 2011 μηδεμιᾶς
1144 1942 1426 2007 τυγχάνων
1464 1941 1771 2014 βοηθείας·
1822 1932 1948 1991 ἀλλ’
1994 1943 2142 2004 εἰκὸς
2179 1944 2280 2008 μὲν
2319 1946 2512 2010 τυγχά-

419 2047 532 2081 νειν
572 2019 752 2091 αὐτόν,
794 2028 1047 2088 σπανίως
1086 2024 1144 2077 δὲ
1170 2027 1264 2077 καὶ
1291 2018 1518 2088 οὐδενὸς
1542 2024 1801 2094 μεγάλου,
1840 2030 1934 2078 καὶ
1957 2026 2170 2098 μηδένα
2210 2029 2510 2098 αἱρεῖσθαι
2545 2038 2595 2080 20
2638 2092 2641 2094 μ

425 2116 573 2182 οἰκίᾳ
609 2110 1006 2175 ὐποδέξασθαι
1041 2113 1134 2162 καὶ
1170 2109 1492 2181 νοσηλεύειν
1544 2110 1638 2163 διὰ
1687 2115 1786 2183 τήν
1828 2109 2151 2183 δυσχέρειαν
2190 2121 2289 2184 τῆς
2326 2116 2511 2164 νόσου.

427 2193 592 2260 αὐτὸς
640 2205 769 2265 γοῦν
817 2199 847 2247 ὁ
883 2191 1195 2266 Είριπίδης
1241 2199 1338 2247 τὸν
1367 2189 1606 2266 Ἄκτορα
1656 2199 1895 2266 εἰσάγει,
1946 2201 2041 2249 ἕνα
2079 2200 2383 2268 Λημνίων,
2437 2200 2514 2260 ὡς
2631 2189 2636 2192 ’

425 2288 700 2354 γνώριμον
747 2281 824 2350 τῷ
876 2280 1186 2352 Φιλοκτήτῃ
1238 2284 1553 2351 προσιόντα
1599 2283 1694 2333 καὶ
1741 2280 2017 2344 πολλάκις
2069 2267 2546 2353 συμβεβληκότα.’

359 2370 390 2419 9
431 2363 493 2421 οὗ
542 2370 725 2420 τοίνυν
775 2362 899 2419 οὐδὲ
938 2370 1111 2418 ἐκεῖνο
1154 2365 1313 2418 δοκεῖ
1340 2384 1441 2434 μοι
1482 2366 1714 2430 δικαίως
1751 2370 1819 2419 ἄν
1857 2387 1945 2430 τις
1984 2370 2396 2432 αἰτιάσασθαι,
2447 2371 2511 2419 τὸ

427 2455 751 2525 διηγεῖσθαι
787 2456 929 2523 πρὸς
966 2456 1060 2504 τὸν
1093 2455 1260 2521 χορὸν
1300 2455 1377 2515 ὡς
1414 2454 1719 2521 ἀγνοοῦντα
1759 2455 1827 2504 τὰ
1880 2456 2012 2522 περὶ
2049 2457 2147 2526 τήν
2186 2451 2500 2521 ἀπόλειψιν
2539 2463 2589 2505 25

424 2543 522 2609 τήν
559 2544 668 2590 τῶν
699 2533 934 2604 Ἀχαιῶν
971 2541 1063 2589 καὶ
1099 2539 1166 2588 τὰ
1204 2536 1456 2589 καθόλου
1499 2540 1877 2606 συμβαίνοντα
1919 2533 2087 2607 αὐτῷ.
2166 2541 2221 2590 οἱ
2247 2540 2349 2609 γὰρ
2380 2537 2509 2590 δυσ-

423 2631 708 2690 τυχοῦντες
745 2625 1047 2692 ἄνθρωποι
1086 2621 1358 2686 πολλάκις
1395 2626 1646 2675 εἰώθασι
1680 2626 2012 2696 μεμνῆσθαι
2050 2631 2161 2676 τῶν
2204 2631 2510 2695 συμφορῶν

428 2712 520 2761 καὶ
557 2714 675 2770 τοῖς
713 2707 922 2759 εἰδόσιν
960 2711 1201 2779 ἀκριβῶς
1237 2712 1331 2761 καὶ
1365 2708 1538 2780 μηδὲν
1591 2709 1880 2776 δεομένοις
1930 2712 2151 2762 ἀκούειν
2191 2708 2510 2775 ἐνοχλοῦσιν

431 2797 517 2847 ἀεὶ
567 2794 932 2865 διηγούμενοι.
1017 2798 1110 2847 καὶ
1154 2798 1261 2866 μήν
1310 2800 1341 2864 ή
1392 2797 1582 2866 ἀπάτη
1634 2801 1666 2867 ή
1717 2803 1820 2847 τοῦ
1859 2790 2173 2858 Ὀδυσσέως
2221 2798 2366 2864 πρὸς
2415 2797 2510 2845 τὸν

575 3037 593 3075 1
627 3035 723 3077 τῶν
750 3045 831 3087 pro
865 3035 949 3078 τοῦ
981 3032 1022 3075 Η
1137 3034 1415 3091 φιλοκτίτου
1444 3032 1484 3078 U
1514 3047 1571 3079 m.
1603 3047 1671 3090 pr.
1762 3036 1798 3089 „2
1829 3030 1918 3078 τὸν
1948 3032 2108 3091 habuit
2139 3031 2176 3076 U
2197 3046 2237 3076 'a
2267 3047 2324 3078 m.
2356 3047 2424 3089 pr.

435 3106 651 3154 τοιοῦτος
681 3102 808 3146 BMU
897 3107 920 3146 3
953 3098 1030 3160 ἔτη
1059 3102 1233 3148 HUBM
1262 3102 1387 3149 ἐτῶν
1406 3105 1441 3148 Ρ
1472 3107 1519 3148 et
1549 3106 1828 3148 correctores
1851 3103 1959 3159 HU3
1989 3106 2139 3160 potest
2169 3104 2330 3148 scribi:
2363 3100 2442 3161 ἔτη
2464 3129 2519 3136 —

435 3168 742 3230 διαγεγονότα
855 3175 934 3218 καὶ
961 3168 987 3232 ἦ
1018 3173 1053 3216 P
1170 3180 1193 3218 5
1225 3178 1368 3221 τοῦτο
1402 3175 1487 3219 fuit
1518 3178 1694 3222 τοῦτον
1722 3175 1770 3219 in
1798 3175 1838 3220 U
1987 3178 2011 3218 8
2042 3173 2332 3235 ἐποιήσαντο
2362 3170 2519 3233 χορόν

435 3241 565 3287 UBM
595 3243 729 3296 (vulg.
760 3243 894 3286 etiam
924 3256 1038 3290 corr.
1068 3244 1124 3297 U)
1256 3250 1280 3288 9
1311 3243 1733 3305 ἀπολογουμένους
1764 3246 1849 3291 UH
1879 3241 2274 3305 ἀπολογούμενος
2305 3244 2430 3288 ΒΜΡ

442 3316 492 3355 10
522 3328 566 3356 τι
594 3311 639 3354 in
671 3303 745 3356 ὅτι
775 3325 801 3355 a
830 3325 942 3356 corr.
974 3313 1015 3357 U
1159 3320 1207 3359 11
1241 3314 1511 3376 εἰσήγαγεες
1543 3322 1588 3371 (ν
1618 3320 1750 3373 eras.)
1779 3318 1820 3363 U
1967 3321 2017 3362 12
2041 3315 2202 3376 χορὸν
2233 3312 2365 3379 αὐτῷ
2394 3312 2518 3362 πάνυ

440 3398 574 3440 τραγ.
605 3380 708 3424 libri
736 3376 779 3434 (ὃ
812 3377 856 3427 δ’
888 3381 1115 3440 Αἰσχύλος
1146 3412 1198 3418 —
1221 3383 1350 3449 αὐτῷ
1381 3402 1466 3433 om.
1488 3389 1557 3444 P),
1589 3403 1705 3434 corr.
1728 3389 1859 3445 Emp.
1947 3389 2004 3435 τὸ
2037 3389 2087 3436 δὲ
2108 3389 2189 3433 UB
2281 3391 2331 3432 16
2361 3402 2516 3445 παρα-

441 3451 715 3510 γινομένους
743 3451 778 3494 P
925 3458 971 3496 17
1006 3455 1117 3512 μηδὲ
1145 3456 1261 3510 libri,
1294 3471 1408 3503 corr.
1440 3460 1572 3516 Emp.
1751 3464 1800 3504 18
1829 3460 1945 3519 μηδὲ
1973 3460 2090 3514 libri,
2123 3472 2238 3504 corr.
2269 3458 2400 3512 Emp.

442 3525 495 3565 22
528 3517 553 3567 ὁ
587 3534 671 3566 om.
700 3521 794 3577 PH,
824 3524 959 3567 erasit
988 3537 1101 3570 corr.
1132 3526 1173 3571 U
1287 3525 1318 3575 ἄ
1347 3531 1392 3573 in
1423 3528 1611 3589 ἄκτορα
1642 3542 1670 3575 a
1700 3543 1817 3576 corr.
1848 3531 1889 3576 U
1920 3527 2096 3589 ἕκτορα
2127 3529 2166 3573 Τ
2294 3530 2347 3571 23
2378 3523 2516 3573 ἰόντα

441 3591 531 3636 MU
562 3592 653 3643 (hic
681 3592 728 3635 in
756 3605 864 3647 mrg.
896 3599 1056 3652 προσι)
1199 3600 1250 3641 25
1281 3595 1339 3645 τὰ
1374 3613 1462 3646 om.
1496 3601 1584 3645 ΒΜ
1744 3597 1830 3660 τὴν
1859 3615 1946 3647 om.
1977 3601 2017 3646 U
2047 3614 2104 3646 m.
2136 3613 2205 3657 pr.
2350 3601 2402 3642 26
2433 3593 2518 3655 τὴν

445 3675 529 3706 om.
564 3663 597 3705 P
710 3659 768 3708 τὰ
800 3676 883 3707 om.
914 3663 952 3708 U
982 3678 1038 3710 m.
1061 3679 1127 3722 pr.
1151 3667 1207 3712 cf.
1238 3669 1295 3713 ad
1324 3670 1352 3715 l.
1377 3675 1454 3715 25:
1487 3677 1566 3716 aut
1597 3685 1676 3728 ego
1709 3672 1854 3717 erravi
1883 3675 1962 3716 aut
1992 3671 2231 3728 Emperius
2351 3671 2402 3712 27
2437 3670 2518 3725 τῆς

444 3735 691 3792 συμφορᾶς
719 3733 753 3775 P
868 3737 919 3777 29
953 3733 978 3791 ἡ
1008 3739 1110 3791 post
1141 3731 1295 3797 ἀπάτη
1327 3753 1412 3786 om.
1443 3742 1521 3785 PH
