2684 4140
411 253 510 301 116
913 238 1117 286 DIONIS
1148 236 1230 281 DE
1260 231 1518 279 HOMERO
1549 229 1630 274 ET
1661 227 1940 274 SOGRATE

404 387 675 446 δάσκαλον
709 387 802 437 καὶ
840 385 1132 450 προσέχων
1170 375 1552 442 ἀναλαμβάνει
1588 375 1686 443 τὴν
1724 375 1932 441 τέχνην.
2017 371 2080 419 τὸ
2123 367 2180 420 δὲ
2221 370 2351 439 όρᾶν
2388 373 2482 423 καὶ

404 475 642 539 ξυνεῖναι
680 466 838 519 οὐδέν
875 467 997 516 ἐστι
1023 465 1168 530 πρὸς
1193 463 1256 511 τὸ
1282 460 1625 526 μανθάνειν·
1667 453 1872 505 πολλοὶ
1897 454 1999 522 γὰρ
2027 455 2121 504 καὶ
2148 455 2325 523 ὁρῶσι
2349 457 2481 517 τούς

400 553 636 622 αὐλητάς
659 552 752 602 καὶ
777 547 987 613 ξύνεισι
1011 549 1104 598 καὶ
1131 547 1430 596 ἀκούουσιν
1459 545 1751 611 ὁσημέραι,
1778 541 1871 590 καὶ
1900 531 2026 589 οὐδ’
2059 539 2126 590 ἂν
2153 540 2482 610 ἐμφυσῆσαι

397 641 515 698 τοῖς
542 633 731 695 αὐλοῖς
758 632 1031 694 δύναιντο,
1061 632 1118 681 οἱ
1141 631 1209 680 ἂν
1233 631 1307 699 μὴ
1336 630 1435 679 ἐπὶ
1460 630 1618 694 τέχνῃ
1646 623 1786 695 μηδὲ
1823 627 2198 693 προσέχοντες
2225 621 2476 687 ξυνῶσιν.
2503 638 2583 680 (284
2603 639 2676 676 ΕΙ

398 714 520 770 ἀλλ’
562 717 695 784 εἴγε
723 715 958 785 δυσωπῇ
981 715 1246 784 μαθητὴν
1266 706 1507 782 Ὁμήρου
1536 713 1632 761 τὸν
1661 711 1961 780 Σωκράτην
1987 705 2192 774 καλεῖν,
2232 705 2479 783 ζηλωτὴν
2516 721 2540 760 5

331 808 361 856 6
401 803 457 854 δὲ
493 804 689 868 μόνον,
740 798 899 851 οὐδέν
945 815 1046 865 μοι
1095 796 1317 849 διοίσει.
1357 824 1427 832 -
1458 790 1611 862 Ἐμοὶ
1646 796 1748 861 μὲν
1799 795 1895 860 οὐχ
1942 794 2108 865 ἦττον
2158 793 2484 864 παράδοξον

396 892 558 937 τοῦτο
596 886 805 936 ἐκείνου
834 883 1000 935 δοκεῖ.
1051 877 1297 952 Ὅμηρος
1332 883 1434 948 μὲν
1472 882 1575 950 γάρ
1610 881 1853 950 ποιητὴς
1879 883 2099 947 γέγονεν
2141 879 2262 943 οῑος
2303 879 2485 945 οὐδεὶς

395 968 588 1031 ἄλλος·
626 971 923 1039 Σωκράτης
962 966 1021 1018 δὲ
1051 965 1388 1038 φιλόσοφος.
1413 994 1481 1002 -
1505 967 1574 1016 Δ.
1603 964 1759 1016 Εἶεν·
1801 966 1979 1026 οὕτως
2002 967 2104 1030 μὲν
2144 963 2271 1017 οὐδὲ
2304 959 2484 1037 Ἀρχί-

397 1054 556 1120 λοχον
593 1053 782 1116 εἴποις
807 1046 1131 1123 ἂνὉμήρου
1161 1048 1424 1122 ζηλωτήν,
1465 1054 1554 1102 ὅτι
1589 1053 1663 1121 μὴ
1705 1049 1784 1119 τῷ
1814 1049 1965 1118 αὐτῷ
2000 1054 2184 1120 μέτρῳ
2223 1054 2485 1122 κέχρηται

396 1141 476 1200 εἰς
513 1136 643 1208 ὅλην
690 1140 787 1209 τὴν
836 1139 1097 1208 ποίησιν,
1149 1129 1276 1186 ἀλλ’
1319 1139 1535 1206 ἑτέροις
1583 1137 1647 1186 τὸ
1698 1132 1900 1199 πλέον,
1953 1133 2079 1186 οὐδὲ
2118 1137 2479 1206 Στησίχορον,
2516 1147 2563 1188 10
2635 1185 2638 1188 .

331 1226 360 1275 7
399 1227 486 1275 ὅτι
521 1225 728 1284 ἐκεῖνος
762 1225 863 1288 μὲν
901 1223 1008 1291 ἔπη
1049 1221 1253 1284 ἐποίει,
1293 1222 1638 1291 Στησίχορος
1679 1218 1737 1272 δὲ
1777 1217 2090 1287 μελοποιὸς
2127 1217 2210 1290 ἦν.
2243 1247 2312 1255 —-
2339 1223 2484 1272 Ναί·

395 1311 559 1359 τοῦτό
606 1324 665 1375 γε
713 1309 958 1368 ἅπαντές
1013 1319 1189 1376 φασιν
1229 1307 1286 1356 οἱ
1311 1300 1597 1376 Ἕλληνες,
1646 1307 1990 1376 Στησίχορον
2022 1296 2262 1376 Ὁμήρου
2314 1303 2485 1377 ζηλω-

395 1395 492 1464 τὴν
527 1393 795 1460 γενέσθαι
830 1393 922 1443 καὶ
961 1389 1184 1461 σφόδρα
1222 1406 1282 1458 γε
1309 1392 1555 1442 ἐοικέναι
1579 1392 1720 1442 κατὰ
1746 1388 1845 1461 τὴν
1873 1393 2124 1461 ποίησιν.
2186 1394 2488 1462 Σωκράτης

400 1475 458 1527 δὲ
495 1478 633 1527 κατὰ
671 1478 730 1527 τί
766 1491 858 1528 σοι
897 1474 1055 1527 δοκεῖ
1078 1468 1296 1545 Ὁμήρῳ
1338 1477 1613 1538 ἑοικέναι,·
1650 1504 1722 1511 -—
1758 1478 1827 1528 A.
1873 1479 1950 1527 Τὸ
1988 1478 2090 1542 μὲν
2130 1482 2358 1546 πρῶτον
2394 1479 2489 1528 καὶ

396 1565 655 1629 μέγιστον
702 1562 841 1612 κατὰ
890 1563 952 1611 τὸ
991 1557 1161 1629 ἦθος.
1242 1558 1535 1631 οὐδέτερος
1585 1562 1688 1631 γὰρ
1741 1562 1933 1613 αὐτοῖν
1982 1558 2200 1624 ἀλαζὼν
2247 1559 2312 1632 ἧν
2354 1560 2481 1613 οὐδὲ
2522 1572 2569 1614 15

398 1644 644 1715 ἀναιδής,
686 1647 876 1714 ὥσπερ
918 1646 973 1695 οἱ
1012 1646 1411 1711 ἀμαθέστατοι
1442 1652 1554 1697 τῶν
1596 1652 1904 1717 σοφιστῶν.
1963 1640 2209 1716 Ὅμηρος
2244 1650 2346 1713 μὲν
2382 1649 2485 1718 γὰρ
2511 1659 2590 1702 (560
2613 1658 2663 1701 Μ)

399 1729 523 1782 οὐδὲ
562 1732 778 1781 ὁπόθεν
827 1728 892 1799 ἢν
930 1732 1112 1782 εἰπεῖν
1150 1728 1390 1801 ἠξίωσεν
1431 1729 1557 1783 οὐδὲ
1610 1731 1856 1783 ὧντινων
1905 1736 2114 1800 γονέων
2165 1730 2292 1784 οὐδὲ
2331 1735 2489 1794 ὅστις

399 1810 562 1878 αὐτὸς
599 1813 863 1867 ἐκαλεῖτο.
904 1814 1043 1866 ἀλλὰ
1083 1819 1216 1868 ὅσον
1254 1809 1353 1867 ἐπ’
1396 1818 1587 1884 ἐκείνῳ
1627 1818 1721 1868 καὶ
1757 1819 1820 1868 τὸ
1863 1818 2040 1884 ὄνομα
2083 1814 2383 1887 ἠγνοοῦμεν
2422 1819 2489 1869 ἂν

335 1898 364 1949 8
404 1906 504 1951 τοῦ
524 1903 848 1970 γράψαντος
873 1897 970 1971 τὴν
990 1894 1200 1952 Ἰλιάδα
1225 1903 1320 1953 καὶ
1344 1898 1444 1972 τὴν
1465 1894 1812 1953 Ὀδύσσειαν.
1851 1904 2152 1973 Σωκράτης
2179 1900 2238 1953 δὲ
2266 1899 2364 1972 τὴν
2388 1904 2489 1968 μὲν

399 1983 646 2052 πατρίδα
670 1980 792 2051 ὀὐχ
842 1986 962 2048 οἶός
999 1980 1049 2037 τ’
1103 1984 1167 2056 ἧν
1218 1988 1686 2057 ἀποκρύψασθαι
1737 1985 1831 2039 διὰ
1881 1990 1944 2039 τὸ
1994 1988 2241 2056 μέγεθος
2288 1989 2381 2039 καὶ
2428 1990 2491 2038 τὸ
2530 1995 2579 2038 2⁰

403 2068 621 2140 σφόδρα
658 2069 917 2135 ἐνδόξους
956 2071 1102 2123 εἶναι
1139 2073 1240 2134 τὰς
1261 2066 1514 2143 Ἀθήνας
1548 2075 1644 2124 καὶ
1680 2078 1792 2124 τῶν
1825 2065 2093 2143 Ἑλλήνων
2132 2074 2322 2142 ἄρχειν
2359 2066 2485 2124 κατ’

402 2156 608 2206 ἐκεῖνον
645 2157 740 2207 τὸν
772 2159 999 2226 χρόνον·
1041 2155 1199 2209 οὐδὲν
1239 2156 1298 2209 δὲ
1327 2159 1567 2210 πώποτε
1605 2157 1766 2210 εἶπεν
1803 2160 1946 2228 ὑπὲρ
1987 2160 2160 2210 αὑτοῦ
2181 2162 2322 2226 μέγα
2364 2154 2490 2208 οὐδὲ

404 2245 806 2307 προσεποιεῖτο
848 2243 1056 2312 σοφίαν
1097 2241 1389 2309 οὐδεμίαν,
1427 2245 1616 2295 καίτοι
1654 2250 1758 2294 τοῦ
1785 2236 2146 2305 Ἀπόλλωνος
2178 2244 2491 2313 χρήσαντος

406 2325 482 2385 ὡς
519 2323 603 2394 εἴη
657 2328 988 2396 σοφώτατος
1031 2321 1297 2399 Ἑλλήνων
1347 2330 1442 2381 καὶ
1488 2329 1806 2399 βαρβάρων.
1892 2326 2213 2380 τελευταῖον
2263 2325 2321 2378 δε
2363 2325 2489 2378 οὐδὲ

406 2410 537 2469 τούς
577 2406 771 2476 λόγους
810 2413 974 2474 αὐτὸς
1010 2411 1277 2465 κατέλιπε
1315 2416 1562 2484 γράψας,
1600 2416 1695 2466 καὶ
1732 2416 1904 2483 ταύτῃ
1943 2429 2002 2482 γε
2040 2410 2353 2483 ὑπερέβαλε
2396 2415 2491 2463 τὸν
2530 2421 2579 2462 25

393 2486 648 2561 Ὅμηρον.
726 2496 913 2566 ὥσπερ
952 2498 1054 2566 γάρ
1093 2500 1156 2548 τὸ
1197 2500 1371 2565 ὄνομα
1411 2501 1474 2550 τὸ
1515 2500 1726 2550 ἐκείνου
1767 2491 1909 2569 παρ’
1954 2502 2158 2569 ἑτέρων
2197 2498 2493 2559 ἀκούοντες

407 2574 581 2641 ἴσμεν,
621 2579 762 2629 οὕτω
800 2583 892 2632 καὶ
927 2585 1056 2644 τοὺς
1096 2581 1291 2651 λόγους
1323 2586 1455 2647 τούς
1479 2587 1812 2655 Σωκράτους
1838 2582 2022 2636 ἄλλων
2047 2580 2491 2634 καταλιπόντων.

410 2661 583 2722 οὕτως
621 2664 758 2730 ἄγαν
794 2664 1176 2734 κεκολασμένω
1216 2671 1390 2740 ἤστην
1415 2672 1509 2721 καὶ
1534 2671 1953 2741 ἐσωφρονείτην
1992 2671 2166 2740 ἄμφω
2192 2670 2268 2719 τὼ
2310 2666 2491 2738 ἄνδρε.

550 2746 746 2798 ἔπειτα
784 2749 1079 2818 ὑπερεῖδον
1113 2755 1360 2823 κτήσεως
1391 2757 1692 2825 χρημάτων
1731 2756 1941 2820 ὁμοίως
1971 2756 2271 2823 Σωκράτης
2307 2771 2366 2804 τε
2403 2755 2497 2804 καὶ

396 2821 650 2898 Ὅμηρος.
692 2835 835 2902 πρὸς
857 2833 914 2885 δὲ
935 2839 1156 2899 τούτοις
1176 2840 1318 2909 ὑπὲρ
1341 2846 1452 2890 τῶν
1473 2841 1654 2890 αὐτῶν
1675 2835 2092 2908 ἐσπουδαζέτην
2111 2840 2205 2889 καὶ
2225 2836 2492 2907 ἐλεγέτην,
2531 2845 2579 2887 30
2599 2831 2679 2909 (²⁸1f}

411 2914 440 2961 ὁ
475 2916 575 2979 μὲν
602 2913 694 2966 διὰ
721 2925 818 2988 τῆς
844 2923 1146 2991 ποιήσεως,
1187 2926 1218 2974 ό
1244 2922 1303 2975 δὲ
1329 2922 1743 2994 καταλογάδην·
1783 2925 1915 2994 περὶ
1941 2925 2140 2995 ἀρετῆς
2167 2923 2494 2992 ἀνθρώπων

409 2999 500 3047 καὶ
543 3002 735 3062 κακίας
780 3006 872 3055 καὶ
930 3009 1061 3075 περὶ
1109 3009 1525 3079 ἁμαρτημάτων
1571 3011 1665 3061 καὶ
1712 3010 2175 3079 κατορθωμάτων
2223 3010 2317 3059 καὶ
2365 3009 2497 3076 περὶ

342 2742 373 2792 9

457 3255 467 3265 .
558 3193 577 3232 1
609 3193 687 3236 καὶ
715 3188 775 3250 μὴ
806 3195 1002 3247 ξυνιέναι
1032 3198 1066 3242 Ρ
1211 3205 1235 3244 2
1270 3196 1450 3260 ὁρῶσιν
1480 3198 1684 3261 αὐλητὰς
1713 3207 1818 3256 (om.
1850 3200 1981 3256 τοὺς)
2009 3201 2142 3246 UBM
2273 3206 2296 3245 3
2328 3176 2499 3255 ξύνειιοᾶι

418 3257 533 3309 (8101)
562 3259 604 3302 Η
717 3266 740 3306 5
771 3262 971 3313 δυσώπει
999 3268 1048 3314 Μ
1156 3269 1378 3332 σωκράτη
1406 3273 1450 3317 Η
1563 3270 1626 3332 μὴ
1656 3274 1852 3319 καλεῖνῗ
1971 3277 2023 3317 10
2053 3269 2178 3333 πρὸς
2210 3264 2323 3331 ὅλην
2354 3271 2497 3326 ΡΗΜ,

420 3326 496 3369 Sed
525 3327 590 3381 εἰς
617 3335 916 3380 necessarium
1056 3337 1222 3401 ἓτέρωι
1251 3343 1287 3386 Ρ
1437 3348 1489 3388 14
1518 3346 1591 3399 τίς
1622 3345 1872 3403 οἰκοδομεῖ
1897 3346 1946 3388 Μ
2108 3348 2159 3387 16
2191 3342 2499 3386 scribendum:

421 3387 738 3455 ἄμαθέστεροι
826 3406 874 3446 18
904 3399 965 3450 ἄν
992 3405 1038 3449 in
1058 3407 1100 3450 H
1119 3421 1343 3466 superscr.
1365 3425 1421 3456 m.
1445 3426 1513 3468 pr.
1545 3417 1597 3457 ut
1624 3413 1812 3469 videtur,
1844 3425 1929 3458 om.
1950 3413 1987 3457 P
2078 3415 2129 3455 19
2158 3413 2247 3469 μὲν
2266 3426 2352 3457 om.
2377 3412 2411 3455 P

423 3465 475 3506 20
506 3461 562 3510 τὸ
592 3478 675 3510 om.
704 3468 753 3512 M
838 3475 890 3516 25
921 3469 1064 3530 αὐτὸς
1093 3480 1267 3536 scripsi,
1298 3476 1446 3529 αὐτοῦ
1466 3483 1604 3528 UMH
1625 3480 1775 3531 αὑτοῦ
1796 3485 1870 3528 ΡΒ
1958 3488 2011 3528 26
2042 3487 2140 3530 τῶν
2167 3481 2351 3530 ἐκείνου
2371 3482 2413 3528 U

425 3533 643 3592 πατέρων
670 3537 801 3583 ΒΜΠ
830 3545 1121 3601 (compendio)
1255 3553 1306 3594 27
1340 3544 1493 3607 οὕτως
1523 3554 1566 3597 Η

425 3611 680 3723 ἱρρονεῖτοὲ
707 3607 748 3652 U
776 3622 832 3654 m.
863 3625 930 3667 pr.
961 3615 1049 3659 ΒΜ
1076 3614 1414 3681 ἐσωφρονήτην
1445 3624 1485 3667 H

482 3703 494 3726 ,
523 3685 607 3718 om.

1682 3557 1769 3602 τοῦ
1797 3568 1879 3612 pro
1911 3551 2023 3608 τοὺς
2052 3554 2182 3599 MUP
2299 3557 2352 3597 28
2382 3551 2496 3599 ἐσω-

1592 3623 1761 3684 ἄνδρες
1791 3626 1841 3669 Μ
1928 3628 1980 3668 29
2011 3619 2236 3683 ὑπερίδον
2265 3623 2308 3669 U
2337 3637 2394 3668 m.
2427 3638 2495 3680 pr.

796 3682 849 3722 32
880 3685 986 3741 περὶ
1015 3697 1100 3730 om.
1132 3687 1181 3743 P,
1211 3690 1299 3735 huc
1328 3695 1601 3752 transposui,
1630 3697 1678 3740 in
1706 3696 1831 3742 libris
1860 3696 2022 3753 legitur
2051 3698 2157 3740 ante
2185 3695 2356 3748 κακίας
