2684 4140
349 291 452 341 362
1273 287 1538 334 mmons.

408 431 557 476 stituit
587 433 654 483 33,
687 433 753 473 25.
785 453 838 461 —-
873 441 974 473 cum
1002 432 1108 485 post
1139 429 1383 486 Olynthum
1429 427 1584 473 Crates
1615 429 1661 473 II
1686 433 1780 486 109,
1797 433 1865 476 24.

406 500 710 556 expugnatam
739 499 797 543 ab
818 498 1077 544 Alexandro
1109 503 1153 544 et
1173 500 1381 558 Philippo
1427 497 1634 544 Cratinus
1648 498 2194 554 299‚29.-fr.287'K0ck
2224 503 2376 559 11121,
2395 509 2462 552 11.

403 571 713 626 impetrasset,
751 573 804 614 ut
833 569 1010 625 Stagira
1049 572 1381 630 restitueretur,

403 639 592 685 fuerunt
619 640 739 685 inter
766 641 889 697 ipsos
920 641 1157 698 Stagiritas
1188 642 1265 699 qui
1293 642 1380 687 hoc

404 710 676 767 impedirent
705 710 751 755 II
781 714 861 768 82,
894 714 961 756 29.
1002 737 1058 744 -
1098 713 1145 757 in
1185 713 1380 770 epistula

405 781 610 838 queritur
665 782 720 828 de
770 782 985 840 impedita
1037 795 1065 827 a
1109 784 1380 840 quibusdam

405 852 580 909 patriae
599 852 904 897 restitutione:
940 847 970 900 ὃ
1001 849 1047 899 δ’
1069 846 1154 901 οὖν
1173 849 1378 915 Ἀριστο-

404 923 539 982 τέλης
568 921 857 971 ἐπιστέλλων
894 924 1137 985 γέγραφεν
1174 922 1240 980 ὡς
1278 934 1381 981 τοῖς

401 991 678 1054 πράγμασιν
689 989 960 1056 ἀπειρηκώς
973 1008 983 1018 ·
1002 998 1114 1055 φησὶ
1123 996 1216 1055 γὰρ
1229 993 1381 1059 αἶ’ρειν

399 1061 513 1120 τοὺς
541 1063 799 1120 δακτύλους
829 1070 912 1111 etc.
935 1066 981 1110 ΙΙ
1004 1071 1073 1124 83,
1099 1073 1162 1113 10.
1198 1094 1253 1101 —
1284 1063 1379 1127 ἀφ’

404 1127 460 1184 οὗ
492 1153 608 1195 φασι
640 1132 727 1195 τὴν
754 1133 967 1196 κριτικήν
987 1154 1039 1183 τε
1059 1142 1141 1185 καὶ
1161 1157 1378 1199 γραμμα-

402 1202 536 1265 τικὴν
576 1201 730 1266 ἀρχὴν
778 1211 968 1268 λαβεῖν,
1019 1208 1081 1255 ἐν
1126 1215 1380 1266 πολλοῖς

398 1282 448 1324 δι
462 1281 529 1324 αλ
542 1275 570 1324 ό
580 1295 609 1337 γ
623 1295 648 1324 ο
661 1295 709 1332 ις
729 1281 839 1337 περὶ
859 1282 948 1326 τοῦ
963 1284 1167 1340 ποιητοῦ
1181 1282 1378 1338 διέξεισι,

401 1346 666 1406 θαυμάζων
710 1344 862 1395 αὐτὸν
913 1345 979 1404 ὡς
1022 1347 1078 1398 τὸ
1129 1351 1251 1399 πολὺ
1299 1356 1380 1400 καὶ

403 1422 555 1476 τιμῶν
583 1420 629 1463 II
664 1423 758 1473 110,
791 1424 830 1465 3.

343 1491 663 1536 Athenodorus
695 1491 933 1537 Tarsensis
964 1493 1288 1549 philosophus,
1320 1496 1377 1540 ab

399 1563 605 1618 Augusto
652 1563 800 1617 magni
851 1562 1002 1608 factus
1048 1564 1199 1617 (Tarsi
1242 1566 1378 1610 vitam

405 1632 565 1688 degere
594 1631 769 1686 maluit)
802 1636 898 1688 311,
935 1638 972 1679 1.

339 1730 461 1775 Bion
482 1729 803 1787 Borysthenita
821 1727 884 1789 μὴ
907 1728 1111 1779 δυνατὸν
1133 1729 1254 1779 εἶναι
1276 1742 1379 1788 τοῖς

399 1804 598 1855 πολλοῖς
628 1795 873 1861 ἀρέσκειν,
915 1803 960 1849 εἰ
993 1798 1055 1863 μὴ
1100 1806 1376 1852 πλακοῦντα

396 1865 663 1931 γενόμενον
693 1868 722 1931 ἢ
756 1869 939 1920 Θάσιον
969 1874 1013 1918 11
1049 1877 1142 1931 168,
1165 1879 1204 1921 5.

339 1983 504 2030 Carion
535 1997 688 2030 servus
721 1986 765 2029 in
798 1987 1031 2032 comoedia
1062 1988 1213 2033 ebrius
1244 1989 1376 2033 iudu-

397 2057 517 2100 citur
550 2059 647 2113 29-1,
681 2059 748 2100 23.

340 2126 619 2184 Chrysippus
641 2127 685 2171 II
713 2131 781 2184 81,
806 2133 845 2174 7.
869 2154 916 2161 -
955 2129 1195 2174 Tarsensis
1227 2129 1376 2174 cinae-

400 2197 506 2240 dum
564 2197 873 2243 subrusticum
934 2212 989 2243 ex
1048 2201 1378 2245 sternutatione

401 2268 607 2323 agnoscit
637 2282 703 2312 or.
737 2268 937 2313 XXXIII
969 2272 1086 2324 ι853.
1118 2272 1187 2313 54.

341 2337 583 2382 Cleanthes
621 2338 666 2382 II
698 2342 775 2395 81,
810 2345 847 2384 7.
888 2366 944 2373 ——
983 2334 1145 2392 αὐτοῖς
1187 2334 1378 2391 τούτοις

398 2417 501 2463 τοῖς
526 2406 688 2456 ἔπεσιν
717 2410 831 2465 (scil.
855 2410 967 2454 Eur.
990 2410 1176 2454 Electra
1197 2413 1278 2453 425
1291 2413 1376 2466 sq.)

396 2474 647 2539 άντείρηκε
689 2484 788 2526 τῶν
828 2477 953 2527 πάνυ
995 2477 1280 2540 φιλοσόφων
1309 2497 1378 2534 τις

398 2576 456 2584 -
484 2554 565 2597 καὶ
595 2559 699 2605 τοῖς
729 2546 822 2597 ὕπὸ
850 2549 1163 2610 Σοφοκλέους
1193 2551 1258 2605 εἰς
1288 2546 1378 2596 τὸν

397 2626 608 2669 πλοῦτον
639 2621 903 2681 εἰρημένοις
935 2620 1138 2676 ἐκείνοις
1166 2622 1255 2679 μὲν
1294 2616 1376 2667 ἐπ’

398 2689 580 2751 ὀλίγον,
612 2700 716 2746 τοῖς
746 2692 795 2739 δὲ
825 2695 915 2739 τοῦ
951 2693 1265 2751 Σοφοκλέους
1299 2690 1378 2738 ἐπὶ

396 2763 544 2810 πλέον
575 2789 627 2795 -
662 2761 716 2810 ἐν
745 2765 935 2824 βίβλοις
971 2765 1174 2824 γράφων
1206 2767 1305 2820 208,
1339 2767 1376 2810 9.

341 2836 509 2880 Comici
525 2835 687 2879 incerti
703 2836 786 2891 frg.
804 2835 870 2879 111
886 2849 930 2892 p.
947 2838 1028 2880 269
1047 2836 1178 2881 Kock
1194 2839 1292 2891 273,
1310 2838 1377 2880 22.

393 2932 447 2938 —-
492 2906 654 2952 incerti
689 2907 775 2963 frg.
815 2908 835 2951 ‘?
872 2902 1134 2954 κατακάειν
1173 2905 1250 2952 ἐπὶ
1291 2923 1378 2963 φα-

397 2969 554 3035 λήτων
585 2979 793 3024 συκίνων
823 2976 1074 3026 ἑκκαίδεκα
1107 2982 1207 3035 315,
1231 2981 1299 3021 15.
1323 3002 1376 3009 -

395 3048 556 3093 incerti
571 3048 655 3105 frg.
674 3048 740 3093 111
763 3062 809 3106 p.
826 3054 901 3093 471
925 3049 1057 3096 Kock
1095 3048 1141 3092 11
1162 3051 1255 3104 152,
1273 3050 1374 3103 3sq.

396 3143 449 3149 —
481 3119 646 3162 incerti
664 3119 748 3175 frg.
771 3119 828 3165 τὸ
851 3116 946 3179 γὰρ
967 3117 1093 3178 πρὸς
1113 3114 1226 3172 τοὺς
1250 3113 1377 3177 Ἀθη-

398 3191 563 3243 ναίους
593 3188 753 3249 ῥηθέν,
787 3182 871 3237 ὅτε
900 3189 954 3237 ἐν
982 3187 1204 3249 ἐσχάτοις
1241 3186 1378 3244 ὄντες

395 3254 559 3318 ἠξίουν
581 3277 623 3306 τι
646 3264 755 3318 περὶ
774 3258 960 3318 Σάμου,
983 3265 1141 3316 καλῶς
1159 3257 1222 3308 ἄν
1244 3256 1376 3318 οἶμαι

397 3333 590 3390 λεχθείη
621 3329 746 3389 πρὸς
776 3329 888 3386 τοὺς
919 3334 1080 3391 φιλίαν
1109 3329 1374 3391 ὑπερχομέ-

399 3417 510 3455 νους
526 3406 623 3447 τῶν
639 3399 834 3460 φαύλων
859 3398 947 3458 ,,ὃ“ς
974 3398 1123 3457 αὐτὸς
1148 3398 1298 3449 αὑτὸν
1319 3396 1375 3448 οὐ

397 3476 535 3529 φιλεῖ,
551 3475 653 3526 πῶς
670 3469 818 3519 ἄλλον
836 3469 896 3519 ἂν
907 3476 1068 3533 φιλοίη
1075 3477 1118 3531 ,·“
1135 3474 1180 3517 II
1196 3476 1371 3529 194,11.

341 3542 582 3588 Comoedia
599 3547 725 3587 vetus
742 3542 901 3588 Dionis
925 3544 978 3588 de
1000 3557 1054 3588 ea
1073 3544 1288 3589 iudicium
1309 3557 1372 3589 or·

395 3612 631 3668 XXXIII§
648 3617 712 3658 10.
726 3639 779 3645 -
801 3613 1060 3658 comoediae
1078 3617 1250 3660 veteres
1262 3616 1372 3660 Dio-

395 3682 466 3727 nis
483 3687 631 3727 aetate
648 3683 694 3727 in
715 3694 881 3728 scaena
905 3688 1103 3739 aguntur
1122 3685 1283 3743 11258,
1304 3690 1370 3731 19.

341 3753 499 3799 Conon
530 3755 689 3799 rhetor
718 3755 763 3798 II
795 3756 894 3811 254,
921 3758 986 3799 14.

1422 640 1552 686 Daus
1570 653 1725 685 servus
1741 642 1787 686 in
1809 643 2037 689 comoedia
2056 644 2207 690 ebrius
2230 645 2461 691 inducitur

1483 713 1581 767 294,
1613 715 1686 756 23.

1425 780 1708 828 Democritus
1737 783 1955 829 Abderita
1983 785 2104 829 bona
2135 798 2218 830 sua
2246 786 2462 843 perdidit,

1481 852 1588 896 dum
1618 853 1963 912 philosophatur
2002 855 2048 898 II
2083 860 2177 911 113,
2208 859 2277 901 21.
2321 882 2373 890 —
2408 858 2463 902 de

1482 923 1676 969 Homero
1709 925 1835 970 dicit:
1855 918 2060 985 (Όμηρος
2082 922 2269 983 φύσεως
2299 924 2462 986 λαχὼν

1480 993 1747 1055 θεαζούσης
1767 994 1924 1043 ἐπέων
1952 995 2143 1054 κόσμον
2173 994 2458 1055 ἐτεκτήνατο

1481 1067 1729 1112 παντοίων
1759 1067 1804 1111 ΙΙ
1838 1071 1931 1124 109,
1962 1071 2031 1112 21.

1424 1135 1754 1182 Demosthenes
1802 1149 1942 1193 quare
1991 1140 2153 1184 ceteris
2201 1141 2460 1184 oratoribus

1480 1208 1724 1252 antecellat
1743 1208 1788 1251 11
1809 1212 1906 1262 254,
1929 1213 1964 1253 1.
1988 1234 2039 1240 -
2062 1209 2246 1254 fortuna
2266 1211 2460 1254 Athenis

1480 1278 1668 1323 adversa
1685 1281 1741 1324 ad
1759 1280 2030 1337 supplicium
2048 1280 2210 1325 ductus
2221 1280 2267 1324 11
2285 1285 2377 1335 145,
2390 1284 2458 1325 23.

1480 1373 1534 1381 —·-
1565 1349 1747 1406 Olynth.
1780 1351 1823 1394 11
1857 1354 1959 1404 §22
2010 1351 2055 1395 11
2092 1356 2183 1407 154,
2220 1355 2286 1398 19.
2317 1377 2371 1382 —
2402 1353 2460 1396 de

1481 1432 1648 1464 corona
1680 1423 1705 1476 ξ
1740 1423 1821 1465 298
1851 1421 1897 1465 11
1927 1425 2024 1475 273,
2061 1426 2126 1466 10.

1422 1488 1646 1546 Diogenes
1678 1492 1940 1548 Sinopensis
1971 1493 2077 1536 exul
2108 1495 2261 1549 56,13.
2295 1496 2364 1549 95,
2389 1496 2456 1537 25.

1482 1586 1535 1592 -
1566 1562 1612 1605 in
1653 1561 1830 1607 Cretam
1870 1563 2075 1607 venditus
2115 1563 2160 1607 II
2195 1566 2296 1617 153,
2329 1567 2368 1607 8.
2401 1588 2458 1596 -—

1479 1630 1739 1687 Sinopensis
1755 1634 1860 1677 exul
1878 1636 2051 1679 aestate
2070 1633 2288 1689 Corinthi,
2312 1634 2458 1678 hieme

1478 1702 1671 1747 Athenis
1691 1703 1823 1759 degit,
1839 1704 2040 1749 imitatus
2057 1716 2206 1760 regem
2217 1704 2458 1749 Persarum

1480 1784 1544 1818 or.
1560 1773 1625 1817 VI
1644 1775 1669 1829 ξ
1690 1777 1796 1817 1-—3
1829 1774 2104 1819 luxuriosius
2135 1787 2184 1819 se
2213 1775 2363 1819 vivere
2396 1776 2461 1819 ait

1480 1854 1613 1898 quam
1630 1855 1779 1898 regem
1798 1844 2039 1888 Persarum
2056 1847 2124 1900 85,
2145 1847 2183 1887 5.
2202 1845 2458 1889 —Athenis

1480 1912 1733 1971 Platonem,
1751 1915 2046 1971 Aristippum,
2061 1915 2346 1972 Aeschinem,
2364 1917 2458 1959 An-

1479 1983 1732 2042 tisthenem‚
1755 1984 1991 2029 Euclidem
2008 1985 2268 2031 Socraticos
2289 1986 2460 2031 invenit

1480 2057 1557 2110 95,
1599 2058 1650 2098 27
1693 2055 1976 2101 Antisthenis
2017 2056 2266 2114 discipulus
2308 2060 2378 2112 96,
2415 2060 2450 2100 1.

1480 2149 1533 2156 -
1586 2139 1688 2170 cum
1732 2127 1991 2171 Alexandro
2038 2140 2141 2183 rege
2186 2127 2458 2184 colloquitur

1479 2208 1543 2240 or.
1574 2195 1653 2240 IV.
1687 2222 1742 2228 —-
1771 2197 1962 2241 Isthmia
1990 2197 2249 2255 frequentat
2279 2201 2348 2253 96,
2383 2200 2450 2242 25.

1483 2270 1577 2322 103,
1613 2271 1648 2311 1.
1682 2292 1735 2299 -
1767 2268 1871 2323 quia
1901 2280 2003 2312 cum
2040 2268 2270 2313 laboribus
2303 2272 2347 2311 et
2378 2281 2453 2312 vo-

1477 2337 1651 2393 luptate
1682 2340 1866 2383 strenue
1885 2339 2152 2395 pugnaverit
2173 2338 2371 2382 Isthmiis
2404 2350 2452 2382 se

1479 2408 1689 2452 coronari
1726 2410 1943 2465 postulat.
1992 2410 2068 2456 Or.
2109 2409 2218 2454 VHI
2258 2413 2282 2462 ς·
2324 2413 2453 2464 llsq.

1480 2478 1555 2523 Or.
1587 2479 1650 2522 IX
1681 2481 1775 2535 §10
1789 2494 1854 2536 sq.
1895 2506 1950 2513 —-
2001 2480 2199 2525 Isthmiis
2241 2493 2455 2524 coronam

1478 2550 1656 2605 pineam
1695 2550 1844 2596 induit
1887 2555 1979 2604 105,
2013 2556 2052 2596 7.
2096 2578 2150 2583 -
2190 2564 2351 2609 equum
2391 2547 2456 2604 ὡς

1427 2619 1432 2626 ’
1478 2616 1793 2681 Ἰσθμιονίκην
1831 2626 2043 2679 coronat,
2095 2615 2167 2668 ὅτι
2216 2623 2455 2678 λακτίζων

1479 2689 1697 2751 ἐνίκησεν
1720 2697 1816 2750 107,
1841 2697 1906 2737 10.
1928 2718 1983 2725 -
2006 2695 2106 2738 cani
2135 2694 2232 2749 ipse
2253 2705 2302 2736 se
2333 2704 2453 2735 com-

1477 2768 1611 2820 parat
1644 2767 1739 2817 103,
1774 2768 1840 2809 12.
1880 2788 1935 2796 -
1975 2765 2022 2808 in
2061 2765 2246 2809 deorum
2276 2763 2453 2818 templis

1477 2837 1718 2890 pernoctat
1757 2839 1827 2890 58,
1863 2839 1912 2878 10
1954 2835 2002 2879 in
2044 2835 2209 2879 Granio
2251 2838 2453 2878 moratur

1480 2908 1550 2961 58,
1575 2908 1640 2949 12.
1674 2908 1743 2961 96,
1768 2908 1835 2950 19.
1871 2908 1966 2961 103,
1992 2907 2058 2949 19.
2084 2931 2130 2935 -
2158 2903 2319 2950 ἑστίαν
2347 2899 2453 2949 ἐνό-

1477 2978 1583 3033 μιζε
1604 2972 1688 3035 τὴν
1709 2979 1796 3035 γῆν
1816 2967 2025 3029 ἅπασαν,
2054 2968 2176 3034 ἥπερ
2197 2973 2296 3021 ἐστὶ
2316 2973 2450 3032 κοινη

1478 3050 1577 3093 τῶν
1629 3042 1906 3104 ἀνθρώπων
1954 3044 2088 3093 ἑστία
2135 3048 2215 3091 καὶ
2269 3042 2454 3104 τροφός

1479 3122 1549 3175 58,
1575 3123 1641 3164 11.
1660 3145 1712 3150 -
1730 3132 1821 3163 non
1842 3118 2035 3174 neglegit
2053 3130 2216 3173 corpus
2234 3119 2304 3172 85,
2325 3120 2452 3171 llsq.

1478 3190 1659 3235 suavius
1698 3189 1811 3241 vivit,
1841 3202 1974 3246 quam
2010 3189 2212 3245 plerique
2250 3187 2452 3231 homines

1476 3261 1584 3306 ibid.
1618 3286 1668 3293 -
1710 3257 1870 3318 ἔλεγεν
1909 3254 2194 3317 ἁπανταχοῦ
2230 3264 2454 3317 παρεῖναι

1478 3326 1608 3395 αὐτῷ
1657 3328 1744 3391 τὴν
1778 3325 2055 3391 Ἀφροδίτην
2102 3335 2281 3388 προῖκα
2322 3331 2395 3379 87,
2427 3331 2450 3370 5

1475 3402 1528 3449 ἐν
1565 3406 1635 3465 τῷ
1674 3406 1872 3464 φανερῷ
1908 3400 2082 3462 ἐχρῆτο
2127 3402 2208 3446 καὶ
2257 3394 2452 3445 πάντων

1478 3469 1709 3532 ὁρώντων
1751 3474 1860 3517 ibid.
1907 3498 1962 3505 —-
2008 3470 2137 3532 ηὔχει
2190 3465 2312 3516 κατὰ
2368 3471 2451 3526 τῆς

1475 3541 1614 3602 τύχης
1643 3539 1770 3602 (ὡς)
1797 3539 1951 3592 πολλὰ
1982 3543 2070 3600 μὲν
2098 3541 2213 3602 βέλη
2242 3538 2451 3598 ἐφιείσης

1475 3609 1606 3677 αὐτῷ
1636 3610 1701 3669 ὡς
1732 3616 1924 3676 σκοπῷ,
1955 3621 2114 3671 τυχεῖν
2144 3611 2193 3658 δὲ
2220 3608 2284 3668 μὴ
2315 3613 2448 3655 δυνα-

1473 3687 1615 3746 μένης
1643 3685 1689 3730 II
1721 3689 1817 3741 152,
1849 3688 1918 3730 22.
1958 3709 2012 3716 -—
2050 3679 2110 3730 τὰ
2147 3681 2238 3740 μὲν
2275 3677 2450 3727 τούτου

1473 3760 1553 3803 καὶ
1592 3752 2043 3815 διαμνημονεύουσιν
2082 3752 2128 3800 οἳ
2158 3753 2351 3805 πολλοί,
2390 3747 2448 3798 τὰ

2638 749 2641 793 A..-
2637 734 2641 740 ,
2629 584 2640 725 -.ψ-’.σεμνὴ
