2684 4140
1009 285 1235 332 ORATIO
1264 284 1449 330 XLVII.
2201 283 2267 331 81

192 435 393 503 σμικρὰ
440 436 533 485 καὶ
581 430 756 495 ἄδοξα
806 434 1152 501 πράττομεν·
1199 432 1291 481 καὶ
1339 435 1503 480 τοῦτο
1558 428 1695 490 ἴσως
1745 429 2042 495 ἀναγκαῖόν
2093 430 2262 479 ἐστιν.
2304 428 2336 477 2

188 520 266 578 ὡς
312 520 417 585 ἐγὼ
468 521 742 587 πρότερον
788 519 889 581 μὲν
939 511 1262 581 ἐθαύμαζον
1310 520 1420 565 τῶν
1473 511 1808 583 φιλοσόφων
1865 515 1995 575 τοὺς
2042 510 2267 563 καταλι-

187 604 401 663 πόντας
424 604 525 667 μὲν
551 602 652 662 τὰς
679 603 860 652 αὐτῶν
888 598 1168 669 πατρίδας
1196 597 1420 660 οὐδενὸς
1445 593 1864 665 ἀναγκάζοντος,
1898 591 2040 667 παρ’
2073 594 2268 659 ἀλλοις

187 682 246 733 δὲ
286 680 381 754 ζῆν
418 682 741 750 ἑλομένους,
791 686 885 735 καὶ
921 690 1094 734 ταῦτα
1134 685 1632 754 ἀποφαινομένους
1682 683 1883 744 αὐτούς
1919 685 2007 733 ὅτι
2046 679 2140 732 δεῖ
2168 683 2266 752 τὴν

128 778 152 818 5
188 765 436 836 πατρίδα
475 774 641 832 τιμᾶν
678 770 771 818 καὶ
809 770 942 837 περὶ
978 765 1246 818 πλείστου
1286 768 1595 818 ποιεῖσθαι
1634 768 1728 817 καὶ
1765 769 1853 817 ὅτι
1891 768 2160 835 πράττειν
2197 767 2266 816 τὰ

181 851 340 901 κοινοὶ
378 852 472 901 καὶ
508 848 922 901 πολιτεύεσθαι
959 850 1038 918 τῶ
1077 852 1368 920 ἀνθρώπῳ
1408 852 1548 901 κατὰ
1590 853 1761 921 φύσιν
1795 847 1960 902 ἐστίν.
2028 848 2166 918 λέγω
2208 848 2266 900 δὲ

1 947 159 989 221311)
181 937 277 986 τὸν
325 935 584 1004 Ζήνωνα,
644 937 740 984 τὸν
789 937 1168 1003 Χρύσιππον,
1229 937 1325 985 τὸν
1374 933 1702 1004 Κλεάνθην,
1764 935 1838 986 ὧν
1891 929 2074 995 οὐδεὶς
2123 933 2269 985 οἴκοι

180 1020 361 1085 ἔμεινε
398 1025 571 1069 ταῦτα
612 1016 898 1086 λέγοντων.
976 1012 1073 1069 οὐκ
1110 1021 1218 1088 ἄρα
1257 1021 1532 1089 ἐφρόνουν
1571 1021 1606 1068 ἃ
1636 1017 1823 1085 ἔλεγον
1834 1037 1854 1080 ,·
1892 1021 2119 1070 πάντων
2157 1021 2260 1084 μά-
2300 1019 2331 1070 3

176 1101 373 1166 λιστα,
423 1104 500 1164 ὡς
548 1104 675 1167 ἐμοὶ
727 1100 1002 1153 δοκοῦσιν.
1090 1100 1231 1152 ἀλλὰ
1278 1100 1447 1153 καλὸν
1493 1105 1595 1168 μὲν
1631 1106 1862 1169 ἡγοῦντο
1901 1105 1994 1153 καὶ
2031 1101 2108 1169 τῷ
2149 1105 2270 1153 ὄντι

106 1199 152 1241 10
185 1190 458 1257 μακάριον
504 1188 598 1237 καὶ
646 1190 868 1254 πρέπον
918 1184 1158 1255 ἀνδράσι
1210 1190 1416 1255 σοφοῖς
1466 1181 1571 1253 [τὸ]
1635 1192 1860 1254 πρᾶγμα
1923 1194 2021 1257 τῆς
2069 1191 2273 1237 ἑαυτοῦ

183 1270 403 1334 πόλεως
429 1268 758 1337 ἐπιμέλειαν
777 1283 788 1293 ·
827 1271 928 1332 τὰς
956 1268 1014 1321 δὲ
1042 1272 1277 1331 ἐνούσας
1305 1267 1603 1331 δυσκολίας
1626 1272 1720 1320 καὶ
1745 1270 1846 1331 τὰς
1878 1268 2269 1340 χαλεπότητας

181 1360 516 1428 ὑφεωρῶντο
552 1358 647 1406 καὶ
683 1362 794 1407 τῶν
830 1357 933 1422 μὲν
972 1357 1220 1423 ἄγνοιαν,
1260 1361 1371 1406 τῶν
1411 1352 1469 1405 δὲ
1512 1355 1751 1424 φθόνον,
1790 1361 1902 1406 τῶν
1929 1353 1988 1405 δὲ
2019 1356 2268 1422 ἀγνωμο-

185 1445 365 1512 σύνην,
404 1443 454 1492 εἰ
490 1443 565 1511 μή
605 1459 692 1503 τις
732 1442 914 1511 σοφὸς
952 1442 1029 1490 ὢν
1069 1441 1183 1505 ἅμα
1224 1437 1451 1491 δύναιτο
1487 1442 1588 1510 >τὴν
1626 1446 1729 1490 τοῦ
1756 1432 2089 1509 Ἡρακλέους
2127 1441 2270 1505 ἔχειν

183 1529 338 1592 ἰσχύν
361 1527 454 1577 καὶ
480 1523 739 1591 δύναμιν·
778 1531 943 1576 τοῦτο
973 1523 1032 1576 δὲ
1060 1523 1334 1576 ἀδύνατον
1359 1529 1607 1593 ἡγοῦντο.
1667 1525 1857 1576 καίτοι
1881 1527 1978 1576 τὸν
1995 1520 2266 1596 Ἡρακλέα
2306 1529 2339 1578 4

106 1621 151 1662 15
188 1605 353 1662 αὐτὸν
391 1612 663 1677 ἀκούομεν
700 1617 799 1681 τῆς
835 1613 937 1676 μὲν
975 1609 1279 1678 Αἰγύπτου
1320 1617 1597 1681 κρατῆσαι
1631 1612 1725 1662 καὶ
1761 1617 1860 1681 τῆς
1896 1612 2147 1681 Λιβύης,
2187 1613 2271 1662 ἔτι

180 1694 239 1747 δὲ
295 1702 405 1747 τῶν
470 1698 603 1765 περὶ
660 1697 756 1746 τὸν
808 1692 1070 1758 Εὔξεινον
1119 1697 1342 1746 Πόντον
1393 1697 1693 1746 οἰκούντων
1746 1697 1840 1746 καὶ
1891 1695 2124 1765 Θρᾳκῶν
2179 1698 2272 1747 καὶ

177 1781 440 1844 Σκυθῶν,
489 1782 583 1830 καὶ
630 1782 693 1830 τὸ
724 1773 895 1831 Ἴλιον
934 1778 1080 1831 έλεῖν
1117 1779 1296 1849 μικρῷ
1338 1778 1516 1847 στόλῳ
1558 1778 1961 1850 παραβαλόντα
1999 1782 2093 1832 καὶ
2130 1783 2269 1831 πάν-

177 1883 288 1916 των
327 1863 572 1935 ἄρξαντα
611 1871 723 1916 τῶν
761 1864 948 1916 ἐθνῶν
986 1867 1200 1916 τούτων
1242 1859 1373 1933 [καὶ]
1411 1872 1763 1936 καταστῆσαι
1796 1863 2033 1932 βασιλέα
2075 1868 2268 1917 αὐτόν·

178 1952 350 2000 ὁπότε
390 1948 448 2000 δὲ
488 1951 570 2011 εἰς
599 1942 799 2019 Ἄργος
845 1950 1137 2019 ἀφίκοιτο,
1188 1951 1286 2020 τὴν
1324 1943 1551 2017 Αὐγέου
1599 1952 1812 2019 κόπρον
1860 1954 2198 2020 μεταφέρειν
2234 1952 2266 2020 ἢ

0 2067 1 2106 {
98 2041 145 2084 20
181 2037 311 2096 τοὺς
351 2037 514 2105 ὄφεις
550 2035 734 2104 θηρᾶν
772 2035 803 2104 ἢ
844 2035 947 2095 τὰς
996 2035 1234 2103 ὄρνιθας
1263 2032 1533 2103 διώκειν,
1585 2035 1674 2085 ἵνα
1711 2038 1785 2106 μὴ
1826 2033 2097 2100 ἐνοχλῶσι
2139 2037 2270 2097 τοὺς

0 2111 28 2176 δ’
63 2128 85 2168 1,-
180 2123 239 2172 ἐν
275 2117 592 2190 Στυμφάλῳ
632 2122 925 2189 γεωργούς,
963 2121 995 2189 ἢ
1037 2117 1178 2170 ἄλλα
1205 2125 1438 2171 τοιαῦτα
1467 2124 1656 2171 ποιεῖν
1685 2117 1872 2190 φαῦλα
1898 2122 1992 2170 καὶ
2028 2121 2268 2170 ταπεινὰ

177 2207 698 2275 προσταττόμενον·
744 2201 1065 2255 τελευταῖον
1105 2202 1163 2255 δὲ
1205 2206 1287 2266 εἰς
1325 2198 1465 2272 ᾅδου
1508 2206 1651 2275 φασὶ
1691 2205 2036 2274 πεμφθῆναι
2074 2196 2268 2255 αὐτόν·

7 2298 155 2342 sun)
179 2291 322 2341 οὕτω
367 2287 588 2360 σφόδρα
628 2287 896 2350 ἐπιεικῶς
935 2282 1088 2357 αὐτῷ
1120 2290 1378 2360 χρῆσθαι
1415 2291 1511 2340 τὸν
1551 2287 1806 2359 πολίτην.
1882 2291 2014 2350 τοὺς
2053 2287 2111 2340 δὲ
2146 2283 2268 2357 Ἀρ-

176 2377 360 2443 γείους
379 2377 474 2426 καὶ
497 2374 784 2443 Θηβαίους
804 2376 1060 2425 ἐπαινεῖν
1079 2377 1180 2440 μὲν
1199 2376 1293 2425 καὶ
1313 2376 1539 2442 ἀγαπᾶν
1565 2377 1661 2425 τὸν
1680 2367 1968 2443 Ἡρακλέα,
1998 2379 2269 2443 περιορᾶν

97 2467 147 2509 25
184 2458 243 2510 δὲ
280 2455 654 2526 ὑβριζόμενον.
731 2460 767 2509 ἅ
802 2475 904 2525 μοι
942 2457 1102 2510 δοκεῖ
1133 2458 1462 2530 διανοηθεὶς
1486 2453 1747 2529 Ὅμηρος,
1789 2450 1851 2510 οὗ
1888 2461 2060 2525 μόνον
2099 2476 2265 2529 ποιη-
2305 2461 2335 2510 5

178 2547 276 2614 τὴς
313 2544 534 2611 ἀγαθὸς
561 2545 654 2607 ὤν,
694 2541 835 2594 ἀλλὰ
873 2545 967 2595 καὶ
1003 2543 1085 2612 τῷ
1121 2547 1314 2614 τρόπῳ
1359 2540 1696 2615 φιλόσοφος,
1734 2546 1830 2595 τὸν
1862 2546 2086 2595 ἅπαντα
2125 2546 2268 2594 ἀπο-

24 2637 84 2674 524
104 2638 156 2681 Μ)
183 2627 377 2698 δημεῖν
398 2624 614 2698 χρόνον,
657 2630 800 2679 ὥστε
826 2627 1038 2699 μηδένα
1063 2628 1272 2697 γνῶναι
1296 2631 1395 2700 τὴν
1422 2627 1672 2699 πατρίδα
1701 2622 1887 2693 αὐτοῦ,
1924 2631 2018 2680 καὶ
2039 2627 2266 2695 μᾶλλον,

180 2716 256 2775 ὡς
293 2714 497 2776 ἔοικεν,
549 2714 848 2782 αἱρεῖσθαι
898 2718 1068 2766 πέντε
1113 2716 1207 2766 καὶ
1244 2714 1424 2765 εἴκοσι
1477 2713 1726 2784 δραχμὰς
1764 2713 2092 2783 προσαιτῶν
2132 2711 2267 2779 λαμ-

177 2798 394 2864 βάνειν,
441 2799 535 2848 καὶ
586 2804 760 2848 ταῦτα
812 2800 889 2859 ὡς
936 2794 1302 2865 μαινόμενος,
1365 2800 1398 2868 ἢ
1458 2798 1605 2849 οἴκοι
1654 2797 1882 2865 διάγειν.
1971 2804 2267 2866 τοιγαροῦν

99 2889 146 2932 30
183 2884 428 2943 ἅπαντες
465 2884 697 2952 ὕστερον
735 2884 1177 2954 ἠμφεσβήτησαν
1214 2886 1356 2952 ὑπὲρ
1397 2876 1582 2934 αὐτοῦ.
1669 2885 1762 2933 καὶ
1807 2885 1869 2932 τὸ
1918 2885 2019 2948 μὲν
2057 2883 2266 2932 ἐκείνου

178 2968 350 3033 ὄνομα
390 2967 545 3036 παρὰ
586 2973 759 3018 πᾶσιν
785 2961 1015 3037 (Έλλησι
1050 2970 1144 3018 καὶ
1168 2968 1477 3037 βαρβάροις
1514 2969 1894 3034 γιγνώσκεται,
1933 2969 2031 3037 τὴν
2071 2965 2129 3017 δὲ
2157 2959 2267 3017 Ἴον

179 3043 306 3102 οὐδὲ
346 3047 647 3120 ἀκηκόασιν
688 3053 744 3101 οἱ
782 3049 988 3103 πολλοὶ
1026 3048 1248 3117 σχεδόν,
1301 3051 1461 3120 εἴπερ
1500 3048 1566 3120 ἦν
1599 3044 1801 3121 Ἰήτης,
1852 3053 1946 3102 καὶ
1982 3059 2080 3121 τῆς
2117 3053 2265 3102 Χίου

325 3248 345 3289 1
377 3236 567 3297 τούτοις
598 3241 662 3297 ὡς
690 3244 809 3298 libri,
839 3243 1044 3288 distinxit
1073 3243 1206 3300 Emp.
1325 3248 1348 3287 3
1381 3238 1541 3290 αὐτῶν
1571 3242 1677 3287 libri
1789 3248 1817 3288 4
1847 3241 2092 3301 ἑλομένοις
2120 3243 2265 3298 UBM,

181 3315 436 3372 ἑλομένους
463 3307 504 3357 Τ
636 3318 662 3358 6
692 3311 840 3360 ἐστίεε
874 3316 919 3367 (ν
947 3316 1141 3368 erasum)
1171 3313 1213 3359 U
1242 3311 1348 3360 ἐστί
1375 3314 1413 3357 Τ
1561 3318 1584 3357 7
1616 3310 1846 3373 κλιάνθην
1876 3314 1914 3358 Τ
2059 3318 2084 3359 8
2115 3314 2267 3375 λέγων

179 3386 305 3431 malit
334 3385 468 3442 Emp.
583 3375 680 3440 ἀρα
711 3384 749 3428 Β
868 3387 918 3428 10
950 3379 1007 3430 τὸ
1040 3384 1206 3429 seclusi
1333 3388 1381 3428 11
1414 3381 1654 3441 ἐπιμέλεια
1684 3385 1802 3440 libri,
1834 3398 1951 3429 corr.
1986 3385 2178 3430 Casaub.

185 3461 236 3502 13
266 3454 307 3504 εἰ
336 3455 399 3514 μή
430 3454 640 3509 Casaub.‚
673 3454 716 3501 εἰ
733 3453 783 3500 δέ
803 3454 907 3499 libri
998 3459 1050 3499 14
1078 3450 1285 3514 ἡγοῦντο
1318 3459 1389 3510 (το
1411 3468 1439 3500 a
1460 3468 1576 3500 corr.
1597 3458 1704 3509 rec.)
1723 3454 1765 3500 U
1857 3459 1905 3499 17
1938 3458 2123 3516 σμικρῷ
2143 3455 2181 3499 Β

182 3523 557 3588 παραβάλλοντα
589 3526 636 3568 Μ
757 3529 804 3569 18
835 3528 916 3572 καὶ
946 3526 1065 3570 delet
1094 3526 1261 3570 Reiske
1376 3520 1526 3573 αὐτὸν
1556 3526 1645 3570 ΜΤ
1790 3528 1841 3569 19
1873 3522 2076 3582 αὖγαίου
2104 3525 2153 3568 Μ

185 3601 238 3643 22
267 3593 693 3657 προσταττόμενος
721 3596 839 3650 libri,
871 3609 988 3641 corr.
1019 3596 1213 3642 Casaub.
1330 3600 1382 3641 23
1416 3589 1570 3651 οὕτως
1590 3596 1638 3640 Μ
1753 3598 1807 3640 28
1838 3595 1979 3642 πέντε
2007 3599 2089 3642 καὶ
2118 3593 2269 3643 εἴκοσι

174 3665 412 3727 γδηαχμὰςε
445 3681 534 3725 quo
554 3668 668 3712 haec
689 3668 895 3724 spectent
913 3668 1069 3723 ignoro
1164 3671 1217 3712 30
1247 3661 1607 3728 ἠμφισβήτησαν
1628 3666 1750 3713 UBT
1837 3669 1946 3727 περὶ
1977 3661 2125 3713 αὐτοῦ
2145 3667 2182 3710 Τ

187 3742 238 3782 31
269 3736 550 3798 γινώσκεται
581 3738 619 3782 Τ

271 3815 366 3851 DIO.
390 3816 438 3852 H.
1904 3810 1929 3850 6
