2684 4140
1071 266 1298 312 ORATIO
1327 266 1425 311 XX.
2178 266 2281 317 259

11 632 174 673 89R11)
591 620 713 685 (70)
761 617 1015 688 ΠΕΡΙ
1063 617 1879 692 ΑΝΑΧΩΡΗΣΕΩΣ.

1153 763 1319 771 ——-

341 858 414 908 Τί
447 860 552 926 γάρ
591 874 734 910 ποτε
773 861 836 910 τὸ
876 866 976 930 τῆς
1015 861 1420 932 ἀναχωρήσεώς
1457 862 1580 912 ἐστι
1615 863 1709 913 καὶ
1745 864 1902 925 τίνας
1922 866 2024 936 χρὴ
2053 867 2282 917 τιθέναι
2323 865 2347 914 1

187 944 320 1003 τοὺς
367 943 824 1012 ἀναχωροῦντας;
884 944 991 1014 ἆρά
1039 961 1099 1013 γε
1147 948 1278 1008 τοὺς
1338 948 1453 996 ἀπὸ
1501 952 1612 997 τῶν
1662 951 2061 1017 προσηκόντων
2109 951 2283 1019 ἔργων

190 1027 383 1088 αὐτοῖς
406 1029 500 1078 καὶ
525 1025 785 1097 πράξεων
816 1029 1254 1098 ἀφισταμένους,
1292 1032 1525 1091 τούτους
1545 1032 1647 1100 χρὴ
1681 1033 1918 1100 φάσκειν
1945 1034 2285 1103 ἀναχωρεῖν,·

189 1110 309 1162 οἷον
360 1111 418 1162 εἴ
456 1129 544 1173 τις
586 1105 897 1182 Ἀθηναῖος
947 1115 1050 1177 ὤν,
1112 1112 1238 1164 δέον
1299 1115 1466 1164 αὐτὸν
1529 1118 1944 1184 στρατεύεσθαι
1990 1119 2132 1184 ὑπὲρ
2186 1125 2285 1188 τῆς

133 1206 158 1248 5
195 1194 472 1266 πατρίδος
519 1195 992 1263 Λακεδαιμονίων
1043 1195 1483 1267 εἰσβεβληκότων
1533 1200 1616 1259 εἰς
1663 1201 1762 1268 τὴν
1803 1191 2060 1270 Ἀττικὴν
2105 1203 2138 1271 ἢ
2182 1204 2285 1252 Φι-

18 1287 99 1327 (262
119 1287 172 1330 Μ)
192 1277 412 1331 λίππου
439 1282 703 1342 ἐπιόντος
727 1282 760 1351 ἢ
789 1279 973 1332 ἄλλων
999 1279 1305 1347 πολεμίων,
1345 1283 1376 1331 ὁ
1404 1280 1462 1332 δὲ
1493 1283 1903 1353 ἀναχωρήσειεν
1931 1286 2013 1346 εἰς
2043 1287 2284 1354 Μέγαρα

188 1365 221 1434 ἢ
272 1364 520 1432 Αἴγιναν
569 1368 724 1416 ἕνεκα
773 1371 876 1415 τοῦ
918 1367 991 1436 μὴ
1046 1367 1462 1431 στρατεύεσθαι
1507 1364 1648 1435 μηδὲ
1699 1365 2063 1432 κινδυνεύειν,
2124 1368 2287 1430 οὗτος

184 1443 314 1516 (ἂν)
350 1451 828 1519 ἀνακεχωρηκέναι
866 1447 1083 1517 λέγοιτο
1096 1469 1116 1512 ;
1163 1451 1195 1520 ἢ
1247 1449 1306 1501 εἴ
1344 1468 1433 1511 τις
1483 1454 1680 1522 συχνὴν
1720 1453 1916 1505 οὐσίαν
1953 1458 2282 1524 κεκτημένος
2320 1453 2352 1503 2

186 1536 344 1584 ἕνεκα
383 1540 486 1584 τοῦ
523 1532 818 1605 διαφυγεῖν
854 1535 956 1596 τὰς
996 1532 1344 1605 λειτουργίας
1392 1533 1648 1586 ἀπέλθοι
1697 1538 1757 1587 ἐκ
1806 1545 1905 1608 τῆς
1944 1537 2204 1601 πόλεως,·
2250 1541 2282 1609 ἢ

109 1622 156 1667 10
192 1617 252 1668 εἴ
280 1635 368 1679 τις
407 1619 618 1670 ἰᾶσθαι
654 1622 786 1680 τούς
824 1626 1128 1682 νοσοῦντας
1170 1622 1356 1681 ἱκανὸς
1395 1622 1488 1683 ὤν,
1524 1622 1618 1671 καὶ
1658 1619 1840 1690 φίλων
1881 1620 1944 1692 δὴ
1972 1625 2066 1674 καὶ
2091 1625 2286 1693 ἐπιτη-
2341 1665 2343 1667 .

187 1701 353 1755 δείων
403 1703 552 1772 αὐτῷ
600 1707 951 1771 καμνόντων,
1014 1708 1172 1767 ὅπως
1219 1708 1292 1776 μὴ
1343 1706 1652 1775 κακοπαθῇ
1696 1707 1790 1757 καὶ
1840 1709 2143 1775 πράγματα
2192 1710 2285 1777 ἔχῃ

186 1791 420 1850 τούτους
468 1790 835 1858 θεραπεύων,
897 1789 1184 1841 ἀπολίποι
1236 1808 1295 1841 τε
1345 1792 1546 1852 αὐτούς
1592 1792 1686 1841 καὶ
1736 1789 2156 1861 ἀποδημήσειεν
2204 1795 2287 1854 εἰς

187 1875 375 1942 ἕτερον
414 1876 625 1936 τόπον,·
660 1875 692 1944 ἢ
734 1873 898 1935 εἴτις
929 1873 1114 1939 ἄλλος,
1155 1877 1213 1926 ἐν
1240 1872 1407 1925 πόλει
1436 1873 1562 1925 δέον
1588 1872 1958 1938 ἐξετάζεσθαι
1981 1877 2075 1927 καὶ
2102 1878 2285 1941 αὐτόν,

187 1958 376 2027 ἄρχειν
412 1960 507 2009 καὶ
545 1960 742 2027 ἀρχαῖς
779 1961 1079 2029 ὑπηρετεῖν
1115 1961 1210 2011 καὶ
1249 1957 1501 2029 φυλακάς
1539 1977 1696 2020 τινας
1733 1958 2034 2030 φυλάττειν
2073 1963 2287 2031 ἀγρυπ-

108 2049 155 2091 15
191 2048 300 2093 νῶν
337 2044 410 2112 μὴ
452 2041 733 2109 βούλοιτο,
774 2037 900 2094 ἀλλ’
943 2047 1101 2105 ὅπως
1138 2046 1352 2095 τούτων
1379 2042 1805 2112 ἀπηλλαγμένος
1833 2046 2101 2096 ἁπάντων
2127 2047 2289 2096 ἔσται

185 2129 280 2178 καὶ
303 2125 445 2197 μηδὲ
474 2128 555 2189 εἶς
594 2129 762 2179 αὐτὸν
801 2126 1073 2196 ἐξελέγξει
1109 2127 1249 2198 μηδὲ
1287 2127 1528 2179 κωλύσει
1554 2129 1792 2179 πίνοντα
1817 2130 1912 2179 καὶ
1935 2128 2287 2180 καθεύδοντα

185 2213 279 2262 καὶ
316 2213 712 2281 ῥᾳθυμοῦντα,
765 2217 1005 2282 ἑτέρωσε
1044 2215 1347 2283 ἀποχωροῖ
1376 2229 1509 2276 ποι,
1563 2213 1670 2282 ἄρα
1709 2215 1942 2274 τούτους
1981 2215 2288 2282 ἀναχωρεῖν

187 2298 415 2365 ρητέον,·
463 2291 589 2348 ἀλλ’
634 2297 793 2348 οὗτοι
829 2300 930 2364 μὲν
972 2295 1137 2369 δῆλον
1175 2300 1264 2349 ὅτι
1315 2299 1588 2368 φεύγουσί
1633 2315 1692 2348 τε
1729 2299 1823 2349 καὶ
1863 2296 2288 2366 δραπετεύουσι,

17 2383 282 2433 ΒΟΒΙΙΜιαὶ
331 2383 428 2432 οὐκ
472 2384 539 2433 ἂν
590 2382 674 2452 εἴη
727 2385 1023 2453 πρόφασις
1075 2384 1267 2444 αὐτοῖς
1321 2380 1447 2432 οὐδὲ
1511 2384 1798 2452 συγγνώμη
1865 2389 1963 2452 τῆς
2027 2386 2290 2453 τοιαύτης

109 2473 157 2515 20
196 2464 396 2537 σχολῆς
433 2485 493 2518 τε
529 2470 623 2519 καὶ
659 2466 1048 2537 ἀποδράσεως.
1111 2470 1184 2539 μὴ
1217 2468 1311 2518 οὖν
1336 2469 1468 2529 τοὺς
1494 2468 1609 2517 ἀπὸ
1637 2473 1747 2518 τῶν
1775 2465 2081 2537 ἀνωφελῶν
2109 2484 2282 2537 πραγ-
2324 2468 2356 2518 3

187 2553 381 2616 μάτων
418 2553 512 2603 καὶ
558 2558 669 2603 τῶν
722 2553 784 2602 οὐ
834 2558 1243 2622 προσηκουσῶν
1295 2553 1487 2613 αὐτοῖς
1537 2549 1815 2616 ἀσχολιῶν
1867 2553 2145 2614 ἀπιόντας
2191 2555 2284 2604 καὶ
2328 2541 2335 2546 ¹

192 2634 393 2706 σχολήν
431 2654 557 2688 τινα
600 2634 940 2707 πορίζοντας
982 2640 1174 2699 αὑτοῖς
1200 2639 1316 2688 ἀπὸ
1350 2643 1460 2688 τῶν
1486 2634 1858 2701 ἐνοχλούντων
1883 2639 2064 2707 μάτην
2089 2640 2287 2707 ῥητέον

189 2706 282 2790 <ᾗ>
321 2723 396 2783 ὡς
435 2723 875 2792 ἀναχωροῦντας.
954 2717 1080 2773 ἀλλ’
1128 2724 1305 2783 οὕτως
1341 2724 1442 2788 μὲν
1488 2723 1584 2787 οὐχ
1623 2723 1653 2771 ὁ
1682 2722 1931 2787 μεταβὰς
1969 2724 2028 2772 ἐκ
2071 2719 2292 2782 πόλεώς

190 2823 344 2868 τινος
393 2809 474 2869 εἰς
523 2811 716 2877 ἑτέραν
768 2806 937 2859 πόλιν
985 2809 1017 2878 ἢ
1069 2810 1128 2859 ἐκ
1175 2810 1355 2858 τόπου
1395 2808 1477 2867 εἰς
1513 2809 1702 2875 ἕτερον
1747 2808 1926 2855 τόπον
1977 2807 2282 2874 ἀναχωρεῖν

100 2881 162 2940 '25
203 2885 409 2959 λέγοιτ’
463 2894 558 2943 ἄν·
616 2895 759 2944 ὅπου
808 2894 912 2962 γὰρ
963 2894 1031 2944 ἂν
1070 2894 1370 2962 ἀφίκηται,
1423 2888 1606 2940 πολλοὶ
1655 2891 1722 2940 ἂν
1773 2889 1856 2958 εἴη
1907 2890 1975 2939 τὰ
2025 2886 2290 2954 ἐμποδὼν

195 2976 344 3044 αὐτῷ
382 2981 677 3044 γιγνόμενα
715 2980 810 3029 καὶ
851 2979 947 3028 οὐκ
984 2979 1163 3028 ἐῶντα
1201 2977 1269 3026 τὰ
1310 2976 1666 3044 προσήκοντα
1707 2976 1913 3024 ποιεῖν.
1973 2972 2194 3040 καὶγὰρ
2221 2974 2285 3022 τὸ

192 3064 292 3112 ἐπὶ
354 3060 500 3112 πολύ
550 3080 625 3129 τῳ
680 3060 925 3125 ξυνεῖναι
979 3064 1073 3112 καὶ
1131 3063 1194 3111 τὸ
1244 3062 1481 3111 πίνοντα
1529 3050 1563 3128 ἢ
1611 3058 1915 3124 κυβεύοντα
1965 3047 1998 3126 ἢ
2049 3053 2185 3106 ἄλλο
2232 3072 2290 3107 τι

339 3274 363 3313 2
397 3266 492 3330 ἄρα
522 3287 577 3330 γε
610 3270 649 3315 U
821 3273 847 3314 6
878 3263 1203 3329 ἀναχωρήσειε
1232 3269 1390 3325 Emp.,
1429 3262 1727 3325 ἀναχωρήσει
1765 3265 1869 3310 libri
2041 3269 2066 3310 8
2097 3261 2158 3312 ἂν
2187 3263 2289 3309 add.

195 3341 326 3398 Emp.
449 3345 499 3385 10
531 3341 723 3388 εἰᾶσθαι
752 3340 799 3383 Μ
915 3342 996 3386 καὶ
1029 3336 1054 3386 ὃ
1087 3340 1241 3398 φίλων
1271 3338 1308 3383 U
1428 3341 1475 3381 11
1509 3333 1768 3396 πράγματα
1800 3339 1913 3394 (γμα
1944 3347 1972 3380 a
2002 3340 2135 3389 corr.)
2164 3335 2207 3380 U

195 3436 291 3500 ἔχει
322 3440 360 3485 U
390 3454 448 3485 m.
479 3453 549 3497 pr.
699 3442 750 3483 12
782 3436 996 3496 ἀπολιπῆ
1025 3454 1077 3485 τε
1109 3438 1198 3482 ΒΜ
1227 3409 1448 3495 duona?
1470 3452 1522 3483 τε
1552 3438 1614 3489 (οι
1643 3448 1672 3480 a
1693 3438 1828 3488 corr.)
1848 3433 1890 3479 U
2002 3437 2054 3479 16
2082 3432 2293 3504 §gest-47&

193 3537 251 3544 —-
269 3509 458 3569 κωλύσῃ
487 3512 605 3565 libri,
630 3523 747 3555 corr.
771 3509 877 3555 Wil.
1032 3513 1081 3553 17
1114 3505 1349 3567 ἀποχωρῇ
1368 3507 1515 3560 UBM‚
1546 3501 1803 3565 ἀποχωροῖ
1831 3504 1869 3548 Τ
1985 3507 2039 3548 23
2070 3505 2099 3562 ᾑ
2129 3502 2294 3556 addidi,

196 3582 256 3628 cf.
279 3585 307 3639 ξ
331 3588 354 3628 8
378 3596 441 3627 or.
465 3582 701 3627 LXXVIII
724 3584 778 3625 30
798 3580 973 3625 XXXII
994 3584 1046 3624 77
1137 3582 1190 3623 26
1219 3576 1447 3638 γινόμενα
1475 3578 1515 3623 U
1637 3580 1706 3638 τῷ
1735 3589 1816 3633 pro
1846 3571 1905 3622 τὸ
1938 3574 2018 3619 BU
2134 3577 2185 3618 27
2217 3571 2294 3619 ἐπὶ

197 3650 334 3715 πότῳ
363 3657 464 3708 (om.
498 3652 637 3707 πολὺ)
657 3652 737 3697 UB
768 3650 846 3698 ἐπὶ
876 3650 998 3698 πολὺ
1029 3652 1098 3713 τῷ
1120 3651 1183 3705 Μ,
1214 3650 1332 3695 unde
1361 3647 1439 3696 ἐπὶ
1469 3653 1591 3696 πολυ
1614 3645 1750 3709 πότῳ
1781 3646 1984 3701 Geelius;
2015 3646 2064 3689 at
2092 3643 2296 3700 sequitur

199 3725 430 3782 πίνοντας
460 3724 538 3773 ἐπὶ
567 3725 771 3787 πορνείᾳ
802 3723 943 3768 Bethe
1865 3790 1912 3830 Π
1929 3788 1956 3817 *
