2684 4140
447 245 547 293 114
1146 228 1353 275 DIONIS
1382 225 1469 271 DE
1499 224 1777 270 SOGRATE

441 387 532 438 καὶ
569 375 892 450 δημοτικός,
943 368 1068 425 οὐδὲ
1126 371 1288 431 οὗτος
1324 370 1436 420 ὑπὸ
1485 375 1583 438 τῆς
1620 368 1823 428 πενίας
1873 361 2315 433 ἀναγκαζόμενος
2353 359 2526 418 οὐθὲν

443 465 764 531 λαμβάνειν·
798 460 983 510 καίτοι
1024 459 1252 524 γυναῖκα
1297 452 1440 518 εἶχεν
1480 445 1542 502 οὗ
1581 458 1862 518 μισοῦσαν
1902 452 2166 520 ἀργύριον
2191 452 2286 501 καὶ
2311 448 2526 513 παῖδας

442 548 733 612 δεομένους
780 541 1091 610 διατροφῆς
1137 539 1231 589 καὶ
1277 543 1388 588 τῶν
1435 539 1574 587 νέων
1634 533 1854 604 λέγεται
1902 539 2024 596 τοῖς
2069 533 2528 598 πλουσιωτάτοις

442 635 700 691 συνεῖναι,
745 626 822 678 ὧν
861 637 1036 696 φασιν
1072 624 1255 684 ἐνίους
1289 619 1530 691 μηδενὸς
1567 618 1766 683 ἅπλῶς
1806 618 2118 691 φείδεσθαι
2157 622 2302 691 πρὸς
2340 622 2524 673 αὐτόν.

372 718 402 768 3
438 713 504 785 ἦν
543 712 601 764 δὲ
644 708 818 762 τᾶλλα
866 707 945 777 τῷ
999 709 1192 777 τρόπῳ
1241 707 1429 768 κοινὸς
1474 707 1569 757 καὶ
1618 703 2066 776 φιλάνθρωπος,
2111 707 2205 758 καὶ
2254 710 2520 776 παρεῖχεν
2556 713 2582 755 5

437 800 602 850 αὑτὸν
638 799 760 856 τοῖς
805 791 1169 861 βουλομένοις
1205 795 1510 861 προσιέναι
1545 793 1640 842 καὶ
1690 789 2088 859 διαλέγεσθαι,
2137 793 2273 862 περί
2319 808 2379 842 τε
2427 794 2526 863 τήν

436 882 641 951 ἀγορὰν
687 879 756 930 τὰ
804 875 988 928 πολλοὶ
1035 874 1340 946 διατρίβων
1384 876 1478 927 καὶ
1525 877 1608 937 εἰς
1644 876 1747 938 τὰς
1793 873 2153 946 παλαίστρας
2203 878 2397 928 εἰσιὼν
2433 878 2528 928 καὶ

436 968 580 1036 πρὸς
629 967 754 1026 ταῖς
801 958 1108 1031 τραπέζαις
1154 957 1535 1027 καθεζόμενος
1583 962 1800 1027 (ὥσπερ
1852 963 1908 1012 οἱ
1945 962 2014 1012 τὰ
2048 963 2189 1013 ὤνια
2228 962 2296 1012 τά
2338 959 2526 1032 φαῦλα
2551 970 2677 1014 (281Β

436 1049 740 1109 δεικνύντες
776 1049 835 1098 ἐν
871 1053 940 1116 τῇ
977 1044 1154 1115 ἀγορᾷ
1180 1047 1275 1097 καὶ
1299 1050 1707 1117 περιφέροντες
1732 1048 1832 1098 ἐπὶ
1856 1047 1958 1108 τὰς
1983 1044 2188 1117 θύρας)
2214 1045 2272 1098 εἴ
2290 1064 2378 1109 τις
2415 1048 2525 1112 ἄρα

434 1132 697 1204 ἐθελήσει
732 1131 1036 1182 πυθέσθαι
1073 1147 1130 1181 τι
1166 1132 1260 1182 καὶ
1297 1132 1534 1183 ἀκοῦσαι
1571 1137 1682 1183 τῶν
1720 1135 2006 1202 νεωτέρων
2043 1132 2075 1201 ἢ
2125 1137 2237 1182 τῶν
2277 1133 2519 1201 πρέσβυ·
2559 1138 2605 1181 10

435 1224 622 1290 τέρων.
688 1218 743 1267 οἱ
777 1217 878 1282 μὲν
905 1215 1001 1266 οὖν
1027 1212 1234 1267 πολλοὶ
1258 1222 1369 1267 τῶν
1398 1213 1646 1268 δυνατῶν
1671 1219 1766 1268 καὶ
1790 1219 2044 1287 ῥητόρων
2072 1222 2527 1287 προσεποιοῦντο

435 1301 573 1374 μηδὲ
623 1304 754 1371 ὁρᾶν
803 1301 996 1352 αὐτόν·
1047 1302 1078 1351 ὁ
1130 1298 1188 1352 δὲ
1237 1300 1609 1371 προσελθών,
1662 1304 1854 1373 ὥσπερ
1909 1304 1965 1353 οἱ
2013 1304 2529 1371 προσπταίσαντες,

374 1390 404 1438 4
442 1387 685 1458 ἀλγήσας
721 1387 855 1451 ταχυ
894 1383 1302 1456 ἀπηλλάττετο.
1367 1385 1509 1438 ἀλλὰ
1539 1385 1602 1459 δὴ
1644 1394 1754 1439 τῶν
1779 1390 1881 1454 μὲν
1906 1384 2355 1455 θαυμαζομένων
2392 1388 2529 1438 ἐκεί-

438 1491 546 1525 νων
586 1477 873 1542 σοφιστῶν
911 1468 1307 1523 ἐκλελοίπασιν
1347 1474 1403 1522 οἱ
1441 1470 1598 1540 λόγοι
1620 1475 1714 1525 καὶ
1741 1471 1900 1525 οὐδὲν
1924 1475 1956 1544 ἢ
1986 1474 2054 1524 τοὶ
2083 1475 2331 1541 ὀνόματα
2356 1475 2529 1539 μόνον

438 1560 612 1609 ἔστιν·
654 1558 709 1607 οἱ
748 1554 805 1607 δὲ
844 1562 947 1607 τοῦ
978 1558 1311 1626 Σωκράτους
1350 1558 1446 1607 οὐκ
1485 1551 1600 1609 οἶδ’
1642 1561 1799 1620 ὅπως
1841 1557 2171 1625 διαμένουσι
2206 1560 2300 1610 καὶ
2333 1556 2523 1624 διαμε-
2563 1564 2608 1605 15

438 1649 595 1695 νοῦσι
631 1644 726 1694 τὸν
764 1643 988 1693 ἅπαντα
1019 1644 1238 1712 χρόνον,
1277 1643 1518 1694 *τούτου
1559 1641 1618 1694 δὲ
1659 1644 1833 1695 αὐτοῦ
1865 1646 2192 1713 γράψαντος
2229 1645 2261 1714 ἢ
2300 1641 2526 1694 καταλι-

441 1731 647 1789 πόντος
685 1727 809 1778 οὔτε
838 1729 1164 1796 σύγγραμμα
1193 1727 1319 1778 οὔτε
1347 1725 1645 1798 διαθήκας.
1710 1726 1967 1780 ἐτελεύτα
1994 1730 2096 1798 γὰρ
2127 1731 2158 1779 ὁ
2188 1730 2326 1799 ἀνὴρ
2367 1726 2527 1779 ἀδιά-

440 1814 611 1874 θετος
647 1814 744 1882 τήν
782 1829 842 1863 τε
883 1813 1091 1882 σοφίαν
1128 1813 1222 1863 καὶ
1258 1812 1327 1862 τὰ
1360 1814 1635 1883 χρήματα.
1700 1811 1841 1863 ἀλλά
1871 1814 2068 1864 οὐσίαν
2104 1815 2206 1879 μὲν
2246 1814 2342 1863 οὐκ
2368 1811 2528 1878 εἶχεν,

443 1899 584 1948 ὥστε
623 1885 989 1968 δημευθῆναι,
1027 1898 1294 1967 καθάπερ
1334 1896 1511 1949 εἴωθε
1548 1899 1848 1966 γίγνεσθαι
1890 1893 2051 1966 (ἐπὶ)
2087 1905 2198 1950 τῶν
2235 1896 2533 1950 καταδικα-
2553 1907 2633 1949 (558
2655 1908 2681 1944 Μ

445 1983 722 2034 σθέντων·
773 1983 828 2032 οἱ
877 1980 1031 2050 λόγοι
1080 1979 1138 2033 δὲ
1178 1981 1256 2051 τῷ
1297 1984 1415 2034 ὄντι
1464 1981 1863 2054 ἐδημεύθησαν
1899 1985 1979 2050 μοὶ
2017 1977 2116 2035 Δί’
2164 1985 2259 2050 οὐχ
2294 1974 2398 2035 ὑπ’
2441 1985 2526 2050 ἐχ-
2562 1989 2610 2030 20

443 2069 619 2138 θρῶν,
659 2064 798 2118 ἀλλὰ
841 2069 948 2118 ὑπὸ
987 2073 1097 2119 τῶν
1126 2065 1335 2138 φίλων·
1377 2066 1536 2120 οὐδὲν
1573 2073 1770 2135 μέντοι
1806 2070 1973 2141 ἦττον
2010 2071 2104 2121 καὶ
2141 2076 2234 2122 νῦν
2276 2074 2533 2140 φανερῶν

445 2171 506 2205 τε
543 2154 714 2204 ὄντων
750 2155 843 2204 καὶ
880 2157 1210 2220 τιμωμένων
1250 2151 1433 2222 ὀλίγοι
1472 2151 1695 2218 ξυνιᾶσι
1730 2157 1824 2207 καὶ
1861 2160 2204 2222 μετέχουσιν.

661 2448 780 2515 (38)
819 2445 1039 2513 ΠΕΡΙ
1085 2446 1482 2515 ΟΜΗΡΟΥ
1533 2447 1708 2516 ΚΑΙ
1754 2445 2316 2517 ΣΩΚΡΑΤΟΥΣ.
2555 2461 2677 2503 ‹282ss

389 2654 410 2703 1
587 2639 739 2699 Ἐπεὶ
777 2649 946 2718 φαίνῃ
972 2651 1064 2700 καὶ
1088 2647 1263 2700 τᾶλλα
1288 2653 1620 2721 Σωκράτους
1657 2653 1734 2702 ὢν
1759 2652 2062 2721 ἐπαινέτης
2096 2652 2191 2702 καὶ
2226 2651 2322 2701 τὸν
2360 2646 2535 2717 ἄνδρα

450 2730 889 2801 ἐκπληττόμενος
926 2736 982 2785 ἐν
1008 2739 1128 2796 τοῖς
1156 2732 1358 2803 λόγοις,
1398 2738 1542 2802 ἔχεις
1565 2754 1667 2803 μοι
1693 2738 1877 2788 εἰπεῖν
1903 2739 2033 2788 ὅτου
2058 2737 2324 2806 μαθητὴς
2347 2738 2535 2801 γέγονε

450 2823 558 2868 τῶν
599 2824 817 2888 σοφῶν·
868 2821 1058 2890 ὥσπερ
1101 2819 1336 2883 Φειδίας
1371 2824 1473 2888 μὲν
1522 2824 1554 2872 ὁ
1590 2820 2053 2889 ἀγαλματοποιὸς
2081 2813 2296 2889 Ἡγίου,
2346 2816 2532 2870 Πολύ-
2567 2826 2615 2868 25

595 3016 614 3056 1
648 2973 789 3067 οὗταδῗς
818 3014 861 3059 H
975 3019 1003 3059 4
1034 3013 1197 3070 εὔνους
1224 3029 1308 3072 pro
1337 3013 1496 3071 ἐνίους
1523 3029 1633 3074 mrg.
1665 3018 1701 3062 P
1819 3013 1983 3072 ἁπλῶς
2013 3030 2100 3063 om.
2136 3016 2212 3061 BU
2308 3018 2333 3060 6
2365 3010 2538 3063 ἑαυτόν

453 3108 533 3153 PH
563 3105 709 3157 αὐτόν
739 3112 874 3157 ceteri
987 3122 1238 3174 προσεῖναι
1266 3115 1385 3170 libri,
1418 3128 1536 3161 corr.
1567 3115 1730 3174 Pflugk
1848 3120 1900 3161 10
1929 3112 2120 3175 θελήσει
2150 3115 2195 3160 Η
2308 3087 2537 3165 τῶνῖοτέ-

457 3194 553 3235 ρων
581 3179 616 3222 Ρ
645 3183 689 3233 (ν
717 3190 746 3225 a
773 3190 831 3226 m·
864 3186 907 3236 2)
1037 3188 1088 3228 12
1119 3182 1176 3232 τὸ
1207 3187 1321 3246 μηδὲ
1350 3186 1392 3233 U
1421 3199 1481 3234 m.
1510 3200 1581 3245 pr.
1613 3188 1650 3232 B
1796 3190 2191 3248 προσπαίσαντες
2221 3188 2259 3232 Β
2378 3190 2429 3232 13
2457 3189 2539 3234 καὶ

456 3250 560 3292 ante
589 3243 795 3308 ἀλγήσας
821 3251 923 3299 add.
956 3254 993 3298 Β
1022 3255 1064 3300 U
1092 3269 1151 3302 m.
1181 3270 1250 3314 pr.
1281 3262 1419 3311 (nunc
1449 3262 1644 3313 erasum)
1764 3262 1814 3305 15
1844 3262 1925 3306 καὶ
1953 3259 2225 3317 διαμένουσι
2255 3261 2355 3315 (pro
2385 3260 2539 3315 διαμε-

458 3319 606 3371 νοῦσι)
633 3319 695 3372 Μ,
725 3333 811 3366 om.
841 3323 880 3366 B
995 3328 1047 3369 16
1077 3323 1250 3373 τούτου
1280 3329 1329 3375 δὲ
1357 3328 1447 3374 ΒΜ
1477 3328 1653 3378 τούτου
1680 3330 1769 3388 μὲν
1797 3331 1877 3375 ΗΡ
1907 3331 1971 3385 (in
1991 3331 2034 3376 U
2063 3347 2098 3387 μ
2128 3331 2173 3374 et
2202 3346 2230 3375 ν
2258 3341 2287 3374 a
2316 3331 2453 3383 corr.)

457 3386 597 3470 μ’ξδὲν
625 3386 902 3448 γράψαντος
920 3392 999 3436 ΗΡ
1110 3396 1303 3456 χρόνον,
1334 3403 1422 3447 τοῦ
1441 3400 1501 3447 δι’
1535 3398 1686 3449 αὑτοῦ
1702 3398 1985 3463 γράψαντος
2005 3400 2204 3457 ΘθθΒαΒ,
2230 3398 2369 3456 (καὶ)
2396 3391 2539 3444 ταῦτ’

462 3457 567 3504 ουδὲ
597 3455 742 3506 αὐτοῦ
769 3455 1050 3521 γράψαντος
1077 3477 1157 3521 ego
1332 3475 1381 3515 17
1417 3466 1443 3517 ὁ
1475 3485 1562 3518 om.
1594 3473 1676 3519 ΠΒ
1824 3476 1876 3518 18
1903 3466 2014 3520 ἀλλ’
2044 3470 2096 3515 Μ
2242 3472 2294 3513 19
2323 3466 2402 3515 ἐπὶ
2430 3468 2536 3512 add·

460 3527 667 3573 Reiskius
779 3535 832 3575 22
862 3535 1040 3586 ξυνίασι
1068 3535 1199 3582 ΡΗΜ
1329 3542 1579 3601 μετέχουσι
1609 3544 1652 3589 Η
1795 3547 1850 3589 23
1880 3538 1969 3602 ἔπη
1997 3541 2047 3585 M
2191 3535 2260 3586 ὦν
2286 3553 2374 3584 om.
2405 3538 2537 3584 UBM

461 3606 520 3642 m.
549 3609 618 3653 Pr·
732 3603 786 3645 24
815 3596 939 3660 ἔχοις
967 3602 1048 3649 UB
1163 3612 1214 3652 25
1245 3612 1401 3667 φιδίας
1428 3614 1479 3659 Μ
1587 3610 1746 3675 Ἡγίου
1774 3615 1827 3662 Ο.
1847 3613 2039 3660 Mueller
2071 3608 2198 3671 ἦπου
2226 3609 2360 3656 ΠΒΜ
2385 3605 2539 3655 ἵππου

464 3664 556 3721 PH,
585 3679 693 3723 mrg.
724 3669 765 3715 U
877 3670 1211 3733 πολύγνωστος
1239 3680 1280 3725 U
1310 3695 1365 3725 m.
1396 3696 1464 3739 pr.
