2684 4140
343 291 446 340 376

399 445 490 478 non
521 443 621 476 esse
639 429 789 486 magni
818 427 1053 474 faciendas
1080 440 1134 474 eo
1167 441 1375 486 compro-

400 505 552 558 batur,
585 500 704 557 quod
723 503 880 557 gentes
901 498 1024 556 apud
1045 512 1158 557 quas
1177 512 1253 546 res
1273 513 1376 559 pre·

398 573 629 619 tiossimae
661 572 905 628 gignuntur
934 571 1139 630 (lapides,
1176 573 1375 628 metalla,

400 645 602 701 elephas,
632 643 869 697 electrum)
891 643 1053 688 beatae
1073 657 1164 689 non
1187 644 1279 689 sint
1308 657 1374 690 or.

398 714 610 760 LXXIX.
652 714 697 759 II
725 717 820 759 220.
853 740 906 748 -
949 728 1040 760 non
1077 715 1191 760 facit
1220 715 1376 760 urbem

398 787 578 832 beatam
610 798 674 831 or.
704 786 904 830 XXXIII
935 787 961 842 ξ
990 789 1168 831 17—30.

344 862 538 914 Πνεῦμα
569 857 615 904 εἰ
646 883 692 890 -
729 857 786 904 τὸ
829 872 906 903 πν.
954 853 1012 904 τὸ
1055 858 1244 919 θερμὸν
1287 850 1378 914 δ’,τι

400 924 576 988 δήποτ’
607 926 662 974 ἐν
700 924 813 988 ἡμῖν
852 927 1084 977 ἐπιτείνοι
1125 930 1258 992 παρὰ
1291 932 1378 992 τὴν

401 997 674 1060 σύμμετρον
710 1003 791 1047 καὶ
828 1001 915 1061 τὴν
952 999 1297 1063 προσήκουσαν
1332 1006 1377 1050 II

401 1077 497 1127 249,
532 1076 599 1118 19.

346 1141 517 1199 Πόλεις
547 1143 683 1189 urbes
715 1158 818 1190 cum
847 1146 1006 1191 vicinis
1044 1147 1233 1192 urbibus
1265 1162 1375 1206 quo-

401 1216 535 1263 modo
577 1217 866 1262 concordiam
913 1221 959 1263 et
995 1231 1156 1276 pacem
1197 1232 1377 1265 servare

402 1288 560 1333 deceat
589 1291 687 1341 328,
721 1293 787 1334 15.

351 1355 494 1413 Πόλις
531 1358 753 1405 definitio:
809 1362 997 1420 πλῆθος
1035 1356 1286 1423 α’θρώπων
1326 1363 1378 1411 ἐν

404 1427 563 1494 ταύτῷ
591 1430 952 1479 κατοικούντων
970 1428 1065 1481 ὑπὸ
1090 1428 1243 1492 νόμου
1264 1439 1375 1482 διοι·

401 1501 641 1559 κυόμενον
669 1503 715 1547 Π
737 1507 778 1558 6,
803 1507 854 1549 13
875 1518 984 1549 num
1005 1501 1144 1560 πόλις
1174 1508 1378 1553 vocanda

403 1575 482 1629 sit,
522 1586 638 1632 quae
674 1587 828 1620 omnes
871 1575 1050 1632 quidem
1089 1591 1180 1622 non
1209 1577 1379 1623 habeat

407 1645 525 1690 cives
564 1645 834 1703 prudentes,
883 1647 963 1692 sed
1013 1659 1041 1690 a
1079 1647 1377 1704 prudentibus

402 1717 596 1773 legitime
634 1720 819 1773 regatur
859 1731 925 1762 or.
965 1719 1139 1765 XXXV
1169 1721 1197 1776 ξ
1221 1724 1290 1766 21.
1322 1747 1377 1754 -

403 1788 510 1844 quid
540 1789 599 1833 sit
619 1786 808 1843 πόλεως
828 1784 1038 1845 ἔπαινος,
1069 1790 1175 1848 quid
1194 1804 1287 1836 non
1310 1805 1375 1838 or.

403 1861 578 1906 XXXII
616 1862 643 1918 ξ
667 1865 850 1908 37-38,
889 1887 946 1894 -
983 1874 1039 1907 ea
1084 1876 1263 1920 quoque
1304 1876 1377 1909 ex-

404 1935 605 1990 pugnata
621 1937 706 1987 est,
723 1946 839 1990 quae
854 1946 992 1990 prava
1001 1934 1184 1980 libidine
1196 1935 1379 1981 ducitur

350 2022 356 2035 =·
404 2018 467 2050 or.
499 2005 677 2049 XXXII
707 2006 820 2061 §89-
842 2008 912 2050 90.

352 2072 721 2134 Πολιτευόμενοι
752 2075 886 2122 Tarsi
915 2088 1070 2122 eorum
1101 2079 1177 2135 qui
1206 2079 1264 2124 ad
1285 2092 1377 2125 rem

405 2148 633 2205 publicam
654 2148 879 2193 accedunt
907 2149 1191 2206 imperitiam,
1220 2150 1377 2196 incon-

407 2219 636 2276 stantiam,
651 2219 895 2264 vanitatem
906 2224 1058 2265 cetera
1070 2220 1262 2277 denique
1273 2222 1380 2266 vitia

407 2291 494 2336 Dio
525 2291 787 2348 perstringit
816 2304 880 2335 or.
913 2291 1112 2337 XXXIV
1143 2294 1168 2345 ξ
1193 2296 1375 2338 28-37.

354 2362 639 2409 Πολυτέλεια
661 2353 730 2407 ῶν
751 2357 813 2409 όίν
828 2362 1108 2409 πολυτέλεια
1123 2365 1205 2409 καὶ
1226 2364 1377 2424 τρυφὴ

408 2425 604 2493 ἅψηται,
621 2430 810 2487 τούτοις
822 2429 909 2480 οὔκ
924 2428 1022 2480 ἔστι
1040 2436 1186 2481 πλείω
1194 2431 1380 2495 χρόνον

410 2506 712 2564 διαγενέσθαι
744 2509 841 2562 305,
860 2510 900 2551 4.

355 2621 582 2679 Quaestus
613 2625 658 2664 et
678 2620 855 2665 honesti
876 2625 921 2665 et
940 2619 1165 2665 inhonesti
1184 2623 1379 2666 tractan·
1411 2635 1414 2638 ’

412 2697 487 2736 tur
517 2705 582 2737 or.
614 2691 701 2735 VII
729 2695 755 2750 ξ
782 2696 915 2737 109-
946 2691 1023 2737 fin.

352 2795 447 2840 Res
478 2793 663 2851 publica
691 2792 864 2837 formae
893 2792 985 2836 tres
1017 2803 1259 2848 earumque
1278 2805 1379 2849 per-

411 2866 639 2910 versiones
670 2878 733 2909 or.
765 2864 833 2907 ΙΙΙ
866 2866 1099 2917 §45—49.

355 2938 454 2981 Rex
482 2951 574 2983 non
605 2939 757 2993 potest
787 2935 886 2980 orbi
906 2938 1128 2978 terrarum
1147 2933 1382 2990 imperare,

412 3008 489 3064 qui
519 3007 608 3054 sibi
636 3007 723 3064 ipsi
752 3007 972 3063 imperare
1003 3018 1095 3050 non
1126 3004 1284 3049 didicit
1312 3005 1384 3059 (ad

412 3079 676 3133 Traianum)
694 3092 757 3124 or.
774 3076 904 3122 LXII
920 3078 946 3133 ξ
968 3081 1074 3121 1—2
1092 3077 1206 3122 med.
1222 3077 1269 3121 II
1290 3081 1381 3122 142.

412 3177 468 3182 —
499 3150 554 3195 de
585 3151 746 3195 summi
766 3149 942 3206 imperii
962 3160 1047 3193 usu
1066 3151 1113 3193 et
1133 3148 1280 3193 abusu
1310 3149 1385 3201 (ad

414 3222 675 3277 Traianum)
696 3234 762 3267 or.
780 3221 908 3265 LXII
929 3224 954 3276 ξ
972 3224 996 3264 2
1017 3220 1132 3265 med.
1155 3245 1209 3252 -
1228 3223 1253 3263 3
1270 3220 1385 3265 med.

415 3293 460 3336 II
486 3295 580 3337 143.
614 3318 665 3324 —
688 3292 928 3337 virtutibus
959 3291 1071 3335 nulli
1098 3291 1239 3348 magis
1271 3304 1384 3349 opus

415 3367 486 3408 est
515 3376 648 3419 quam
678 3364 773 3421 regi
803 3377 868 3410 or.
891 3363 1020 3407 LXII
1041 3364 1067 3419 ξ
1092 3366 1115 3407 3
1136 3363 1253 3408 med.
1272 3388 1324 3395 —
1341 3367 1383 3407 4.

414 3435 456 3477 II
484 3437 577 3479 143.
599 3459 654 3466 —
674 3434 782 3478 ibid.
805 3438 830 3488 ξ
848 3438 888 3480 7.
920 3435 964 3478 11
990 3437 1084 3490 144,
1107 3437 1174 3478 22.
1203 3459 1258 3466 -
1288 3434 1385 3478 eius

414 3505 602 3549 virtutes
619 3506 824 3550 omnibus
841 3506 990 3559 utiles,
1007 3518 1162 3550 omnes
1177 3505 1386 3550 meliores

1257 263 1514 333 molens.

1476 433 1611 477 λιττα
1641 426 1758 478 ἄνευ
1784 430 1990 490 κέντρου
2017 428 2164 478 ἐστίν.
2197 435 2267 488 66,
2299 437 2364 478 12.
2395 460 2450 468 --

1478 495 1587 549 οὐδὲ
1607 496 1736 549 ἔστιν
1754 498 2024 562 βασιλεύειν
2043 505 2220 558 κακῶς,
2246 496 2303 550 ού
2332 507 2451 562 μᾶλ-

1478 576 1566 620 λον
1593 569 1624 633 ἦ
1651 576 1815 628 κακῶς
1844 567 2039 633 ἀγαθὸν
2068 570 2190 620 εἶναι
2221 578 2451 629 60,11.-

1476 645 1706 691 venationi
1757 645 1910 690 studet
1953 658 2017 690 or.
2057 645 2126 690 111
2165 647 2193 703 ξ
2226 649 2450 691 133-38.

1478 742 1532 750 —
1575 716 1797 774 quomodo
1842 717 2046 774 cognatis
2093 721 2247 762 utator
2288 731 2352 763 or.
2384 718 2452 762 111

1478 791 1504 846 ᾗ
1527 791 1718 832 119-21
1753 788 1978 846 quomodo
2008 801 2150 834 uxore
2179 789 2289 836 ibid.
2306 791 2333 847 ἓ
2356 793 2449 836 122.

1478 886 1535 894 —
1565 873 1648 905 cur
1683 872 1811 916 reges
1853 864 2120 920 διοτρεφεῖς
2147 864 2227 907 καὶ
2259 860 2450 918 διΐφιλοι

1477 931 1675 977 Homero
1719 930 1908 976 audiant
1953 935 1994 987 7,
2027 935 2092 975 17.
2134 935 2204 987 63,
2230 935 2329 988 7sq.
2370 946 2452 978 cur

1478 1002 1702 1060 ποιμένες
1718 1005 1849 1049 λαῶν
1865 1005 1936 1056 63,
1952 1006 2018 1047 16.
2030 1028 2084 1035 -
2102 1002 2250 1048 cultor
2266 1003 2452 1048 deorum

1479 1087 1543 1121 or.
1575 1075 1596 1119 1
1626 1076 1653 1131 ἓ
1682 1079 1729 1120 15
1760 1074 1829 1118 III
1859 1075 1887 1131 ξ
1909 1074 2053 1131 51sq.{

1422 1218 1614 1275 Sapiens
1644 1231 1734 1263 non
1755 1217 1871 1275 petit
1891 1229 2084 1264 coronas
2106 1217 2363 1275 Olympicas
2384 1218 2452 1262 vel

1479 1289 1707 1347 Pythicas,
1729 1283 1839 1336 ἀλλ’
1863 1283 2091 1349 εὐσταλής
2106 1306 2158 1336 τε
2173 1291 2253 1335 καὶ
2270 1286 2453 1348 ἄτυφος

1478 1358 1545 1416 ῶς
1577 1357 1686 1408 οἶόν
1716 1379 1768 1409 τε
1805 1364 1985 1423 χωρῶν
2024 1360 2097 1408 διὰ
2139 1362 2253 1420 βίου
2283 1364 2368 1406 etc.
2409 1361 2453 1406 II

1478 1436 1577 1489 214,
1613 1437 1678 1478 18.
1707 1458 1764 1464 —
1792 1429 1887 1480 κᾶν
1914 1430 2132 1492 ἐμπρήσῃ
2162 1450 2232 1487 τις
2252 1432 2340 1479 τὸν
2370 1429 2452 1479 ἄν·

1478 1508 1685 1561 θρωπον
1713 1530 1769 1536 -
1798 1503 1936 1561 μένοι
1976 1500 2037 1552 ἄν
2075 1498 2224 1551 αὐτοῦ
2253 1503 2313 1550 τὰ
2344 1501 2452 1564 δόγ-

1477 1593 1607 1633 ματα
1637 1573 1690 1622 ἐν
1719 1577 1779 1634 τῇ
1809 1577 1938 1635 ψυχῇ
1969 1578 2127 1632 61,19.

1422 1647 1596 1692 Scaena
1625 1647 1701 1704 qui
1730 1646 1777 1690 in
1796 1646 1965 1691 fabulis
1985 1658 2140 1702 regum
2168 1647 2238 1692 vel
2268 1648 2454 1693 deorum

1478 1730 1698 1776 personas
1728 1721 2030 1774 gestaverunt,
2060 1721 2148 1765 τοῦ
2187 1716 2455 1778 ποιήματος

1480 1788 1881 1842 συντελεσθέντος
1897 1781 2068 1835 οἷπίασι
2084 1789 2141 1836 τὸ
2159 1790 2303 1850 μηδὲν
2318 1787 2455 1846 ὄντες

1478 1861 1525 1905 II
1553 1865 1625 1914 40,
1649 1864 1716 1906 14.

1422 1932 1663 1990 Sophistae
1685 1932 1761 1988 qui
1781 1944 1858 1976 eos
1879 1932 2110 1988 secuntur,
2142 1945 2244 1977 cum
2266 1933 2454 1979 canibus

1479 2003 1697 2050 venaticis
1715 2003 1908 2050 indoctis
1925 2006 2247 2062 comparantur
2265 2008 2334 2061 62,
2348 2008 2372 2049 3
2383 2018 2452 2063 sq.

1480 2075 1714 2133 sophistae
1763 2075 1983 2120 eunuchis
2027 2075 2348 2130 comparantur
2383 2076 2452 2130 62,

1483 2150 1534 2192 12
1557 2160 1622 2203 sq.
1666 2171 1718 2178 —
1757 2145 2090 2190 adulescentuli
2126 2157 2204 2190 eos
2242 2143 2452 2189 laudibus

1479 2217 1703 2262 extollunt
1712 2219 1954 2277 πηδῶντες
1967 2212 2195 2275 καθάπερ
2210 2214 2259 2262 αἳ
2269 2211 2453 2274 Βάκχαι

1479 2291 1590 2348 περὶ
1619 2287 1708 2335 τὸν
1740 2283 1979 2334 Διόνυσον
2009 2290 2196 2344 333,21.

1423 2360 1693 2417 Spectacula
1730 2360 1778 2403 in
1814 2359 2005 2404 urbibus
2043 2358 2141 2404 fieri
2170 2369 2356 2403 necesse
2385 2361 2454 2402 est

1480 2430 1554 2478 δια
1585 2430 1671 2489 τὴν
1712 2433 1811 2476 τῶν
1850 2433 2044 2476 πολλῶν
2081 2423 2337 2477 οἷσθένειαν
2374 2431 2454 2474 καὶ

1481 2499 1678 2561 σχολήν·
1717 2498 1833 2556 ἴσως
1869 2501 1918 2548 δὲ
1954 2504 2034 2547 καὶ
2064 2501 2162 2547 τῶν
2190 2496 2455 2560 βελτιόνων

1482 2573 1600 2620 εἰσὶν
1631 2573 1678 2619 οἳ
1709 2569 1930 2630 δεόμενοι
1960 2574 2203 2633 διατριβῆς
2223 2588 2352 2626 τινος
2372 2575 2453 2618 καὶ

1482 2645 1795 2705 παραμυθίας
1824 2642 1877 2691 ἐν
1906 2647 1977 2707 τῷ
2004 2645 2095 2704 βίῳ
2126 2646 2224 2700 280,
2248 2648 2287 2689 3.

1425 2718 1599 2763 Stultus
1642 2716 1742 2774 ipse
1795 2716 1880 2761 sibi
1924 2715 2131 2760 inimicus
2170 2717 2249 2770 65,
2281 2717 2331 2758 21
2377 2707 2454 2760 οὖ-

1482 2790 1575 2842 δεὶς
1605 2790 1702 2833 τῶν
1733 2780 1966 2846 ἄφρόνων
1997 2784 2250 2832 ἐπίσταται
2283 2781 2456 2832 ἑαυτόν

1484 2864 1555 2916 65,
1578 2862 1646 2903 23.

1430 2930 1599 2990 Σοφός
1629 2929 1899 2989 (φρόνιμος)
1932 2917 2007 2974 ὅτι
2045 2923 2198 2984 μόνος
2239 2921 2265 2973 ὃ
2298 2925 2456 2983 σοφὸς

1483 2996 1718 3058 εὐδαίμων
1738 3000 1992 3045 Stoicorum
2021 3011 2144 3043 more
2173 3010 2255 3055 per
2285 2996 2456 3043 soriten

1487 3072 1823 3130 comprobatur,
1853 3070 1961 3115 item
1993 3061 2069 3116 ὅτι
2101 3072 2194 3123 πᾶς
2227 3063 2252 3114 ὃ
2286 3064 2458 3127 ἄφρων

1486 3139 1710 3203 δυστυχής
1740 3156 1806 3188 or.
1838 3141 1988 3185 LXIX
2017 3142 2044 3197 ξ
2062 3144 2087 3184 4
2117 3140 2160 3183 II
2185 3144 2277 3184 175.

1431 3221 1660 3275 Στοιχεῖα
1701 3213 1944 3259 concordia
1982 3213 2100 3257 inter
2137 3221 2187 3253 se
2217 3207 2458 3251 coniuncta

1485 3288 1530 3333 11
1561 3291 1630 3343 32,
1653 3290 1717 3331 19.
1776 3285 1845 3330 cf.
1870 3298 1907 3330 s.
1928 3298 1969 3329 v.
1992 3283 2243 3328 Elementa.

1431 3354 1717 3416 Συμπόσιον
1756 3355 1918 3403 diversi
1954 3354 2183 3400 hominum
2225 3362 2371 3396 mores
2409 3348 2456 3391 in

1487 3430 1689 3478 convivio
1735 3433 1781 3474 et
1824 3425 2043 3483 panegyri
2087 3423 2254 3481 optime
2294 3432 2454 3477 agnos-

1486 3505 1649 3548 cuntur
1677 3514 1743 3546 or.
1775 3497 1951 3544 XXVII
1979 3499 2005 3551 ξ
2032 3499 2154 3541 1-4,
2185 3494 2341 3538 11283.

415 3575 614 3620 reddunt
629 3579 697 3630 35,
719 3580 742 3619 5
757 3590 823 3633 sq.
841 3589 921 3621 rex
940 3590 1032 3621 non
1053 3580 1121 3621 est
1142 3577 1219 3633 qui
1239 3577 1386 3621 iustus
1432 3577 1601 3634 Σχῆμα
1633 3574 1720 3619 τοῦ
1760 3564 2056 3630 φιλοσόφου,
2100 3573 2203 3618 τοῖς
2231 3556 2455 3619 ἀνοήτοις

417 3659 509 3691 non
537 3650 607 3691 est
636 3651 708 3703 40,
729 3651 754 3692 9
772 3661 838 3703 sq.
880 3673 936 3679 —-
976 3648 1112 3692 armis
1153 3661 1243 3692 non
1273 3652 1385 3704 eget,

421 3711 449 3764 ὃ
480 3720 561 3764 καὶ
591 3721 689 3764 τῶν
716 3721 950 3775 μελιττῶν
971 3721 1040 3779 τῷ
1059 3722 1249 3777 βασιλεῖ
1267 3717 1387 3777 πρό-

420 3804 580 3839 σεστιν
611 3816 663 3822 —-
695 3816 748 3823 -
782 3781 856 3837 ὅτι
892 3786 1016 3848 μόνη
1059 3788 1212 3848 ἐκείνη
1252 3785 1278 3848 ἡ
1308 3790 1385 3848 με’-

1487 3640 1623 3692 οὕδὲν
1654 3639 1831 3701 ὄφελος
1860 3642 1947 3687 τοῦ
1975 3639 2134 3695 κομᾶν
2163 3638 2260 3689 331,
2291 3635 2358 3676 22.
2398 3657 2453 3662 -

1487 3729 1568 3761 cur
1610 3713 1908 3771 philosophus
1957 3707 2142 3766 capillos
2181 3709 2226 3749 et
2265 3703 2453 3750 barbam

1486 3787 1692 3833 demittat
1721 3798 1788 3830 or.
1819 3780 1993 3828 XXXV
2021 3781 2048 3836 ς
2074 3780 2136 3822 11.
2157 3779 2222 3819 12.
