2684 4140
1028 304 1398 351 PRAEFATIO.
2195 304 2265 348 XI

251 470 360 503 νων
469 469 522 520 p.
552 454 636 519 51,
663 453 695 503 2
722 467 824 505 om.
850 453 951 518 μὲν
1060 454 1092 501 4
1119 466 1222 504 om.
1253 448 1607 521 φαυλότατος
1715 446 1844 501 ibid.
1873 446 2054 510 οὐδεὶς
2077 463 2175 516 pro
2215 448 2273 500 εἴ

251 554 339 598 τις
411 538 443 588 6
484 535 652 588 οὐδαν
677 552 775 604 pro
803 534 985 597 οὐδεὶς
1058 536 1090 586 9
1118 551 1222 588 om.
1260 537 1356 586 καὶ
1394 534 1511 585 ὦτα
1591 536 1654 585 10
1693 531 1936 601 γλῶτται
2015 531 2145 586 ibid.
2173 535 2266 585 ἄν·

253 623 512 691 θρώπων
611 624 670 672 11
716 617 925 683 ζῶντας
1030 621 1093 671 12
1116 636 1219 673 om.
1242 622 1337 671 καὶ
1437 622 1500 672 13
1522 621 1675 670 ἔστιν
1784 617 1915 671 ibid.
1954 622 2196 688 πέρασιν

254 708 320 756 14
352 703 696 756 θεάσασθαι
808 707 872 755 15
900 707 1037 755 ὅποι
1151 706 1214 756 16
1252 706 1406 756 ἐστιν
1515 702 1644 756 ibid.
1684 701 1908 772 γλώσσῃ
2004 703 2068 755 18
2107 701 2266 772 ἐργά-

253 803 420 858 σηται
492 790 559 839 20
583 786 792 858 δρῶσιν
866 790 928 839 21
956 787 1436 858 παραδοξώτατον
1511 790 1578 841 23
1601 803 1703 840 om.
1729 790 1842 854 ἅμα
1870 785 2265 855 βουλεύεσθαι,

253 870 438 923 πολλὰ
479 870 538 923 δὲ
651 874 717 922 24
757 889 860 926 om.
901 875 977 934 ὡς
1108 889 1160 941 p.
1201 875 1286 939 52,
1314 875 1347 923 4
1385 888 1488 926 om.
1527 872 1612 942 εἴη
1724 873 1755 923 6
1793 879 1905 924 τῶν
1952 871 2268 942 ἐλευθέρων

252 959 533 1024 (superscr.
573 962 695 1019 τοῖς
743 955 1090 1027 ἐλευθέροις)
1168 958 1197 1009 8
1232 953 1603 1025 χαριζόμενος
1642 958 1756 1022 ἅμα
1794 959 1895 1022 μὲν
1934 959 2010 1019 ὡς
2042 953 2267 1026 χαριζό-

247 1058 414 1107 μενος
451 1040 648 1111 ἥδεται
687 1037 922 1092 διδόναι.

321 1126 437 1179 Fol.
465 1126 534 1178 Π.
563 1126 798 1180 continet
828 1124 943 1178 Vol.
968 1124 1006 1178 Ι.
1046 1140 1100 1193 p.
1129 1126 1214 1190 60,
1245 1126 1309 1175 15
1347 1125 1379 1192 ἢ
1424 1126 1489 1174 σὺ
1528 1123 1637 1174 οἴει
1675 1138 1844 1191 usque
1881 1122 1967 1176 ad.
1995 1141 2048 1192 p.
2077 1127 2162 1194 62,
2189 1130 2268 1178 12.

318 1227 373 1279 p.
401 1212 579 1278 60,17
618 1209 750 1263 ordo
798 1209 1082 1263 verborum
1137 1206 1281 1261 idem
1329 1211 1411 1260 est
1456 1212 1618 1275 atque
1667 1208 1722 1259 in
1769 1207 1962 1261 ceteris
2011 1209 2161 1263 libris

248 1298 315 1347 20
355 1294 519 1364 δέρεα
555 1310 654 1362 pro
691 1295 760 1344 τὰ
800 1291 1134 1362 περιδέραια
1263 1292 1330 1343 28
1369 1296 1490 1352 τοῖς
1538 1307 1636 1360 pro
1675 1294 1807 1353 τοὺς
1935 1295 2002 1346 30
2041 1297 2164 1347 ἐστι

249 1379 377 1434 ibid.
418 1396 520 1434 om.
559 1382 591 1448 ἡ
720 1394 772 1445 p.
814 1379 954 1444 61,1
1009 1393 1112 1430 om.
1158 1381 1190 1447 ή
1241 1379 1343 1443 μὲν
1396 1377 1491 1428 οὖν
1538 1378 1676 1428 θεία
1730 1404 1792 1414 -
1843 1382 1875 1448 ἡ
1926 1376 1986 1429 δὲ
2044 1381 2270 1450 ἀνθρω-

247 1467 384 1534 πίνη
495 1466 529 1514 4
564 1460 831 1514 καλοῦσιν
867 1477 964 1529 pro
988 1460 1224 1513 καλοῦσι
1263 1460 1322 1513 δὲ
1435 1464 1465 1513 5
1504 1461 1772 1514 παιδείαν
1798 1478 1896 1531 pro
1923 1463 2163 1517 παιδιὰν

255 1550 318 1601 12
360 1547 485 1614 δίχα
525 1545 794 1609 παιδείας
867 1545 998 1600 ibid.
1039 1550 1311 1617 πρότεροι
1383 1545 1514 1600 ibid.
1555 1562 1659 1600 om.
1699 1550 1830 1610 τοὺς
1943 1549 2006 1599 13
2046 1551 2270 1617 ἐπιτυγ-

241 1636 506 1700 χάνοντες
613 1634 679 1684 14
716 1634 829 1698 ἔχει
864 1630 1034 1694 καλός
1145 1634 1209 1684 15
1247 1634 1461 1700 γίνεται
1608 1634 1673 1685 16
1710 1638 2070 1704 μέμνηται
2107 1635 2271 1702 (quod

248 1718 548 1772 coniecerat
571 1717 872 1786 Emperius)
983 1718 1046 1768 17
1074 1718 1160 1768 ἔτι
1184 1732 1282 1784 pro
1309 1735 1366 1768 τι
1444 1717 1508 1768 18
1549 1718 1674 1767 οὔτε
1705 1719 1984 1788 σοφιστής
2070 1721 2138 1769 20
2175 1723 2271 1785 μέ-

248 1820 362 1855 νειν
398 1819 497 1871 pro
533 1806 696 1869 μένοι
721 1803 788 1853 ἂν
901 1803 964 1852 21
1010 1816 1155 1872 φασι
1191 1804 1322 1863 τούς
1349 1800 1583 1863 ὀδόντας
1610 1801 1731 1863 (hoc
1758 1801 1891 1865 ord.)
2010 1804 2079 1854 27
2104 1821 2271 1854 κατα-

247 1889 424 1958 τρίψῃ
534 1903 587 1955 p.
613 1889 699 1956 62,
727 1888 758 1938 3
784 1902 885 1940 om.
911 1887 1014 1956 γὰρ
1125 1889 1156 1937 4
1185 1884 1460 1950 ξυνίεισαι
1567 1890 1598 1939 9
1626 1888 1974 1956 θορυβοῦσιν
2088 1892 2152 1942 10
2178 1908 2271 1956 μι-

248 1979 486 2039 μοῦνται
522 1987 619 2039 pro
660 1969 1094 2042 φιλοτιμοῦνται
1206 1972 1271 2023 12
1310 1972 1644 2040 ἀνθρώπου.

320 2057 435 2109 Fol.
464 2055 558 2109 III.
597 2056 834 2110 continet
858 2055 1067 2108 initium
1095 2055 1351 2109 orationis
1378 2054 1452 2107 IV
1489 2055 1608 2109 Vol.
1630 2055 1672 2108 Ι.
1712 2072 1764 2123 p.
1792 2057 1875 2124 56,
1908 2059 1966 2108 11
2008 2072 2178 2125 usque
2202 2057 2273 2111 ad

178 2158 231 2210 p.
273 2143 357 2209 58,
385 2143 434 2194 9.

319 2242 372 2294 p.
401 2226 485 2293 56,
516 2227 580 2278 13
620 2227 806 2276 πάντα
844 2240 943 2292 pro
981 2231 1155 2275 ταῦτα
1270 2228 1333 2276 15
1372 2228 1435 2277 τὸ
1476 2241 1573 2292 pro
1611 2228 1738 2276 τότε
1853 2227 1916 2278 19
1953 2228 2047 2278 καὶ
2082 2231 2273 2294 ἡγοῦν-

248 2330 344 2363 ται
379 2327 477 2379 pro
518 2309 840 2380 διηγοῦνται
982 2326 1036 2379 p.
1075 2312 1159 2377 57,
1191 2313 1215 2362 1
1261 2309 1717 2381 φιλοτιμώτατος
1827 2311 1858 2360 2
1896 2308 2199 2383 ἐξεταστὴς

252 2398 282 2449 8
323 2412 426 2450 om.
467 2397 592 2447 οὔτε
618 2395 831 2449 tertium
947 2397 1010 2447 10
1037 2402 1140 2447 τοῦ
1162 2413 1222 2447 τε
1335 2399 1395 2448 11
1430 2395 1487 2448 δὲ
1516 2402 1618 2446 τοῦ
1639 2398 1946 2463 Διογένους
2055 2399 2122 2449 20
2149 2400 2274 2449 ἑπι-

249 2483 434 2548 θυμεῖ
532 2497 585 2549 p.
614 2481 699 2547 58,
727 2482 758 2533 3
784 2481 1050 2532 θεᾶσθαι
1163 2481 1193 2532 8
1235 2482 1359 2532 οὔτε
1386 2497 1483 2549 pro
1513 2479 1640 2532 οὐδὲ
1667 2480 1842 2548 primo
1954 2480 2084 2535 ibid.
2113 2484 2277 2534 ἔσται

251 2582 349 2634 pro
389 2567 548 2617 ἑστία
659 2567 690 2616 9
730 2563 982 2617 πόλεσιν.

324 2651 440 2704 Fol.
468 2650 558 2703 IV.
599 2650 836 2704 continet
859 2649 978 2704 Vol.
1004 2650 1046 2703 Ι.
1085 2667 1137 2719 p.
1166 2653 1251 2719 55,
1280 2653 1310 2702 7
1337 2677 1406 2688 -
1436 2665 1531 2702 σια
1557 2652 1735 2717 μεστὰ
1763 2666 1931 2719 usque
1967 2650 2038 2704 ad
2063 2666 2114 2718 p.
2138 2652 2221 2717 56,
2245 2653 2275 2702 7

181 2739 235 2790 et
269 2752 321 2804 p.
352 2737 526 2803 52,12
566 2737 661 2801 οὐχ
702 2737 879 2798 οὕτως
917 2751 1086 2803 usque
1123 2734 1195 2789 ad
1231 2753 1283 2804 p.
1309 2738 1392 2803 53,
1419 2739 1483 2788 10
1521 2739 1618 2787 τὸν
1658 2738 2184 2806 ἀντιποιησόμενον.

321 2836 375 2889 p.
404 2823 487 2889 55,
518 2822 547 2873 8
575 2836 677 2874 om.
705 2822 806 2882 τὰς
883 2823 946 2873 10
973 2836 1074 2874 om.
1103 2822 1411 2883 ἀσκοῦντας
1484 2820 1614 2874 ibid.
1642 2824 1874 2872 ἕκαστον
1952 2821 2015 2872 12
2043 2836 2144 2873 om.
2175 2822 2207 2870 ὁ

255 2909 320 2958 14
357 2886 718 2992 κατήνυσέωί
771 2908 835 2958 16
873 2905 1089 2977 ὁδωτήν
1131 2933 1191 2942 -
1234 2923 1286 2975 p.
1317 2908 1399 2970 52,
1437 2909 1501 2957 15
1538 2909 1815 2975 μακάριος
1928 2906 1992 2955 16
2028 2902 2274 2955 καταλλα

250 3008 347 3060 pro
384 2994 478 3043 καὶ
514 2990 689 3042 τᾶλλα
835 2993 898 3042 21
941 2994 1004 3042 τὸ
1043 3007 1141 3060 pro
1179 2998 1377 3042 τοῦτον
1523 2993 1591 3041 24
1631 2992 1687 3040 οἱ
1726 2988 1784 3040 δὲ
1823 2992 1954 3050 τοὺς
2003 3004 2101 3055 pro
2144 2991 2275 3050 τοὺς

254 3075 313 3127 δὲ
459 3078 528 3128 24
574 3074 988 3128 ἀπελαύνουσιν
1133 3077 1201 3127 26
1251 3076 1520 3144 νησαίους
1664 3072 1794 3126 ibid.
1848 3071 2154 3125 Θεσσαλῶν
2204 3103 2273 3113 —

252 3175 305 3227 p.
346 3161 431 3227 53,
459 3162 490 3210 2
529 3176 632 3213 om.
674 3162 844 3230 ἀρχῆς
952 3160 983 3211 3
1023 3175 1125 3212 om.
1164 3161 1229 3210 τὸ
1350 3160 1379 3209 5
1421 3157 1515 3209 δαὶ
1550 3184 1618 3197 —-
1656 3174 1708 3225 p.
1750 3160 1835 3225 55,
1867 3158 1930 3210 18
1969 3173 2073 3211 om.
2113 3176 2170 3209 τι

255 3242 385 3296 ibid.
426 3259 530 3297 om.
572 3242 665 3295 δεῖ
770 3245 832 3294 19
870 3257 1165 3310 προσεπαι
1193 3283 1203 3293 .
1234 3282 1245 3293 .
1277 3282 1288 3293 .
1401 3244 1467 3294 20
1506 3243 1574 3293 τὰ
1615 3240 1908 3309 ἀξιώματα
2030 3243 2097 3294 26
2134 3244 2276 3311 γίνε-

255 3346 350 3379 ται
387 3356 457 3365 -
493 3344 545 3395 p.
585 3329 668 3388 56,
702 3331 726 3378 1
769 3329 983 3394 ψύχους
1022 3342 1120 3395 pro
1159 3325 1367 3394 δίψους
1478 3330 1508 3378 5
1536 3329 1784 3379 ἔκτειναν
1881 3326 2012 3381 ibid.
2053 3325 2274 3398 ζητοῦν-

255 3431 356 3475 τας
395 3417 450 3466 et
483 3411 905 3473 κινδυνεύοντας
1017 3414 1046 3462 7
1086 3427 1188 3465 om.
1227 3429 1302 3463 τε.

328 3498 444 3551 Fol.
473 3497 534 3550 V.
575 3497 808 3551 eontinet
843 3494 964 3550 Vol.
991 3495 1033 3549 I.
1073 3512 1125 3563 p.
1154 3498 1239 3564 62,
1272 3498 1335 3547 15
1373 3498 1467 3548 καὶ
1506 3496 1984 3564 συγκαθεύδουσιν
2010 3512 2180 3565 usque
2205 3496 2276 3550 ad

185 3583 332 3635 εἷναί
367 3600 467 3649 μοι
507 3581 689 3644 δοκεῖς
727 3583 926 3633 ἔπειτα
964 3597 1017 3648 p.
1046 3582 1130 3647 64,
1161 3584 1241 3633 14.
1277 3580 1535 3648 pleraque
1572 3580 1858 3649 illegibilia

327 3685 381 3737 p.
408 3669 493 3735 62,
527 3668 589 3719 18
630 3683 730 3721 om.
773 3668 866 3718 οὖν
976 3681 1027 3733 p.
1057 3668 1140 3733 63,
1168 3668 1199 3717 2
1238 3668 1333 3717 τὸν
1370 3682 1468 3735 pro
1507 3673 1609 3717 τοῦ
1729 3670 1761 3719 4
1800 3670 1888 3719 ὅτι
1924 3683 2022 3735 pro
2063 3666 2169 3718 οἴει

253 3755 286 3805 9
327 3769 427 3806 om.
466 3753 788 3823 τρέφεσθαι
894 3766 946 3819 p.
973 3752 1058 3819 64,
1093 3754 1154 3803 10
1193 3766 1296 3804 om.
1337 3748 1557 3813 ἄλλους.
