2684 4140
418 275 519 323 160
1166 264 1370 308 DIONIS
1402 263 1486 307 DE
1517 262 1747 308 GmRIA

2663 305 2684 353 ..23

413 419 555 467 οὕτω
601 415 695 463 καὶ
741 416 772 481 ἠ
813 412 943 479 τύχη
982 410 1172 476 κύριον
1223 400 1422 457 οὐδένα
1463 410 1630 457 ποιεῖ
1658 412 1770 456 τῶν
1806 401 1911 477 ὑφ’
1957 410 2125 478 αὐτῆς
2176 405 2501 474 διδομένων,
2663 387 2684 492 ἒ

410 500 507 550 ἐὰν
541 499 614 567 μὴ
657 501 844 564 προσῇ
881 495 949 544 τὸ
983 493 1127 558 μετὰ
1163 498 1265 542 νοῦ
1297 493 1391 542 καὶ
1430 493 1758 562 φρονήσεως
1797 492 1922 542 τινὰ
1965 489 2285 559 λαμβάνειν.
2668 491 2684 612 3

330 584 392 634 15
556 581 612 630 οἱ
645 581 747 644 μὲν
786 574 990 627 πολλοὶ
1027 574 1138 627 τῶν
1176 577 1503 645 ἀνθρώπων
1554 577 1837 627 εἰώθασιν
1875 570 2283 643 εὐδαιμονίζειν
2326 572 2502 641 εὐθὺς
2666 564 2684 644 ξ

409 664 494 725 οἷς
531 664 598 714 ἂν
637 660 813 731 ὁρῶσι
847 661 916 711 τά
955 661 1111 729 παρὰ
1150 667 1249 730 τῆς
1285 662 1451 730 τύχης
1487 662 1831 729 ὑπάρχοντα,
1869 663 2062 732 ὥσπερ
2101 666 2224 724 τοῖς
2260 661 2591 722 πλέουσιωο4
2606 644 2684 734 ΜΣΙ

408 745 739 818 συνήδονται
787 751 1004 811 πνεῦμα
1056 744 1293 815 ὁρῶντες
1340 747 1570 811 ἐπέχον,
1634 740 1731 796 οὐκ
1779 743 1993 809 εἰδότες
2043 740 2161 798 οὔτ’
2216 749 2267 798 εἰ
2317 750 2494 818 φορὸν
2532 765 2555 803 5

405 826 598 893 αὐτοῖς
634 833 799 881 τοῦτό
837 832 990 881 ἐστιν
1031 822 1150 881 οὔτ’
1198 832 1249 882 εἰ
1285 831 1622 901 κυβερνήτην
1659 832 1884 896 ἔχουσιν
1924 832 2211 902 ἔμπειρον.
2289 834 2395 901 ἐγὼ
2438 826 2494 884 δ’

407 915 569 982 οἶμαι
605 918 734 966 τότε
773 913 889 966 δεῖν
925 917 1235 986 μακαρίους
1281 917 1488 984 κρίνειν
1537 918 1670 977 τοὺς
1718 918 1777 967 ἐν
1827 917 2116 986 ἀφθόνοις
2166 919 2331 979 ὄντας
2379 922 2501 980 τοῖς

402 1001 558 1070 παρὰ
595 1007 694 1070 τῆς
731 1002 922 1070 τύχης,
973 1003 1105 1051 ὅταν
1155 994 1348 1062 αὐτοῖς
1390 1002 1484 1052 καὶ
1531 1003 1594 1052 τὸ
1646 1005 1874 1072 φρονεῖν
1925 1008 2095 1071 παρῇ.
2171 996 2313 1052 καθ’
2360 1004 2499 1054 αὐτὰ

400 1086 502 1154 γὰρ
542 1091 716 1136 ταῦτα
759 1081 1078 1155 δηλον<ότι>
1114 1087 1165 1136 εἰ
1203 1090 1324 1147 τοῖς
1369 1087 1631 1156 ἀνοήτοις
1656 1090 1875 1153 γένοιτο
1903 1085 2159 1138 κινδύνου
2185 1088 2279 1138 καὶ
2306 1085 2500 1139 δυστυ-

395 1171 525 1236 χίας
564 1169 735 1221 αἴτια.
893 1192 895 1194 ’
2535 1187 2581 1228 10

802 1466 920 1532 (49)
968 1462 1224 1533 ΠΕΡΙ
1274 1449 1612 1532 ΔΟΞΗΣ
1662 1464 2096 1534 ΠΡΩΤΟΣ.
2516 1484 2684 1526 (wan

1372 1613 1543 1620 ——.

338 1718 359 1765 1
546 1709 679 1758 Εἰσί
713 1724 877 1770 τινες,
919 1708 976 1757 οἳ
1012 1708 1143 1767 τοὺς
1178 1708 1279 1772 μὲν
1321 1700 1756 1778 φιλαργύρους-ἢ
1786 1702 2131 1781 φιλόψουςῆ
2160 1709 2500 1781 οἰνόφλυγας

399 1783 432 1863 ἢ
473 1795 604 1862 περὶ
641 1797 906 1861 γυναῖκας
948 1782 982 1862 ἢ
1022 1789 1239 1853 παῖδας
1283 1794 1665 1862 ἐπτοημένους
1714 1795 1973 1855 ἀσώτους
2019 1793 2372 1846 ἀποκαλοῦσι
2407 1798 2501 1847 καὶ

405 1876 706 1943 δυστυχεῖς,
745 1880 838 1929 καὶ
874 1880 1088 1928 τούτων
1128 1880 1360 1928 ἕκαστον
1398 1882 1663 1948 ἡγοῦνται
1701 1881 1764 1929 τὸ
1790 1882 2056 1945 μέγιστον
2096 1878 2328 1944 ὄνειδος,
2368 1883 2499 1942 τοὺς

406 1962 463 2014 δὲ
515 1962 851 2034 φιλοτίμους
895 1965 988 2014 καὶ
1037 1952 1377 2033 φιλοδόξους
1423 1957 1750 2015 τούναντίον
1799 1965 2159 2028 ἐπαινοῦσιν,
2225 1966 2302 2027 ὡς
2362 1963 2496 2031 λαμ-

400 2051 605 2118 προύς·
660 2051 804 2100 ὥστε
850 2051 943 2100 καὶ
982 2040 1151 2109 αὐτὸς
1199 2051 1432 2110 ἕκαστος
1471 2047 1785 2119 ὀψοφαγῶν
1832 2050 1935 2114 μὲν
1985 2039 2018 2118 ἢ
2058 2051 2240 2101 πίνων
2277 2040 2310 2120 ἢ
2349 2049 2491 2120 ἐρῶν
2531 2062 2576 2103 15

401 2151 555 2195 τινος
594 2136 916 2199 αἰσχύνεται
950 2135 1044 2184 καὶ
1082 2131 1439 2203 περιστέλλει
1476 2136 1575 2204 τὴν
1609 2135 1900 2203 ἀκρασίαν,
1943 2132 2270 2197 δοξοκοπῶν
2311 2134 2369 2187 δὲ
2407 2138 2501 2187 καὶ

403 2217 876 2288 φιλοτιμούμενος
926 2211 1124 2269 οὐδένα
1175 2219 1503 2288 ἀνθρώπων
1550 2217 1815 2285 βούλεται
1866 2217 2200 2284 λανθάνειν,
2253 2219 2394 2272 ἀλλά
2441 2224 2499 2272 ἐν

333 2308 365 2358 2
403 2304 483 2372 τῷ
529 2308 682 2372 μέσῳ
731 2311 905 2355 ταῦτα
955 2309 1128 2355 ποιεῖ.
1214 2309 1325 2354 τῶν
1376 2305 1478 2373 γὰρ
1529 2301 1755 2355 πολλῶν
1805 2306 2038 2365 ἕκαστος
2098 2298 2351 2375 εὐφημεῖ
2401 2309 2499 2377 τήν

399 2392 664 2459 τοιαύτην
702 2393 894 2452 νόσον,
948 2386 1254 2440 λυσιτελεῖν
1290 2392 1595 2459 ἡγούμενος
1635 2389 1801 2457 αὐτῷ.
1879 2391 1972 2440 καὶ
2011 2387 2257 2459 δημοσίᾳ
2303 2390 2497 2457 σχεδὸν

403 2476 463 2525 αἱ
501 2472 699 2536 πόλεις
738 2476 962 2524 ἅπασαι
1001 2471 1234 2524 δελέατα
1262 2472 1590 2544 ἐξευρήκασι
1617 2480 1862 2526 παντοῖα
1902 2479 2025 2536 τοῖς
2051 2476 2328 2546 ἀνοήτοις,
2372 2491 2491 2528 στε-
2530 2484 2578 2524 ’20

407 2562 620 2630 φάνους
656 2561 749 2610 καὶ
787 2557 1095 2628 προεδρίας
1131 2561 1224 2609 καὶ
1260 2561 1597 2629 κηρύγματα.
1674 2566 1972 2629 τοιγαροῦν
2019 2558 2123 2630 ἤδη
2175 2561 2333 2622 τινὰς
2371 2564 2495 2612 τού-

403 2663 515 2696 των
541 2646 969 2710 ἐπιθυμοῦντας
994 2642 1237 2705 ἀθλίους
1260 2646 1353 2694 καὶ
1381 2648 1627 2714 πένητας
1654 2643 1977 2709 ἀπέδειξαν,
2021 2639 2181 2696 οὐδὲν
2209 2647 2496 2715 ὀρέγοντες

400 2735 539 2798 μέγα
582 2723 709 2780 οὐδὲ
737 2731 1088 2794 θαυμαστόν,
1129 2723 1256 2779 ἀλλ’
1288 2731 1471 2791 ἐνίους
1498 2731 1614 2780 ἀπὸ
1642 2728 1866 2781 θαλλοῦ
1890 2733 2271 2800 περιάγοντες,
2303 2732 2494 2799 ὥσπερ

400 2817 468 2866 τὰ
508 2818 796 2885 πρόβατα,
836 2806 869 2885 ἢ
911 2818 1190 2886 στέφανόν
1228 2833 1354 2866 τινα
1391 2806 1424 2885 ἢ
1464 2817 1685 2867 ταινίαν
1723 2813 2141 2883 ἐπιβάλλοντες.
2231 2808 2425 2866 οὐκοῦν
2466 2818 2497 2866 0‘

400 2908 684 2965 τοιοῦτος,
725 2899 848 2964 ἐξὸν
888 2894 1037 2969 αὐτῷ
1075 2903 1335 2970 μυρίους,
1376 2903 1426 2952 εἰ
1463 2899 1687 2965 ἐθέλοι,
1731 2903 2044 2971 στεφάνους
2082 2904 2290 2970 προῖκα
2330 2902 2490 2965 ἔχειν,
2527 2909 2576 2950 25

402 2977 464 3037 οὗ
501 2990 673 3053 μόνον
712 2984 907 3047 ἐλαίας
943 2976 977 3055 ἢ
1019 2983 1198 3055 δρυός,
1239 2984 1380 3037 ἀλλὰ
1417 2988 1511 3038 καὶ
1546 2993 1740 3038 κιττοῦ
1772 2988 1866 3037 καὶ
1901 2987 2185 3055 μυρρίνης,
2225 2982 2499 3047 πολλάκις

550 3169 567 3207 1
601 3168 682 3210 καὶ
710 3161 737 3224 ἣ
768 3165 850 3210 PH
881 3159 925 3211 δ’
955 3160 982 3224 ἦ
1015 3166 1062 3210 Μ
1095 3162 1145 3225 δὴ
1178 3169 1259 3212 καὶ
1290 3167 1369 3211 UB
1489 3171 1512 3209 2
1544 3162 1605 3214 ἄν
1633 3163 1695 3225 μὴ
1727 3166 1785 3210 P2
1895 3170 1920 3211 3
1952 3164 1998 3212 οὶ
2026 3166 2114 3224 μὲν
2143 3163 2195 3224 δὴ
2226 3165 2308 3210 ΡΗ
2338 3165 2384 3212 οἳ
2411 3166 2500 3223 μὲν

407 3227 492 3281 οὖν
519 3235 580 3279 Ρ2
613 3234 660 3280 οἱ
687 3236 775 3292 μὲν
805 3237 855 3280 Μ
895 3251 951 3281 m.
990 3251 1059 3293 pr.
1096 3241 1176 3284 καὶ
1218 3236 1264 3284 οἳ
1300 3238 1388 3295 μὲν
1420 3237 1499 3282 UB
1672 3236 1903 3285 εἰώθασιν
1941 3233 2281 3295 εὐδαιμονίζειν
2316 3250 2345 3281 a
2385 3249 2497 3281 corr.

403 3317 629 3362 superscr.
660 3306 697 3350 P
821 3313 844 3351 5
878 3307 921 3353 εἰ
949 3304 1132 3367 ἔφορον
1161 3310 1211 3353 Μ
1355 3315 1380 3355 6
1412 3310 1460 3358 δὲ
1489 3309 1570 3354 ΡΗ
1716 3314 1739 3353 7
1771 3316 1874 3363 τοῖς
1903 3322 1984 3365 pro
2016 3304 2128 3362 τοὺς
2157 3308 2198 3353 U
2227 3321 2284 3351 m.
2318 3320 2384 3364 pr.

403 3379 484 3433 τῆς
514 3389 595 3432 pto
626 3384 728 3430 τοῖς
756 3377 792 3421 Ρ
822 3392 879 3421 m.
912 3393 978 3435 pr.
1095 3385 1119 3424 8
1151 3378 1208 3426 τὸ
1242 3395 1331 3425 om.
1361 3381 1398 3426 U
1528 3375 1649 3427 καθ’
1682 3376 1801 3427 αὓτά
1834 3380 1938 3424 HP2
1967 3375 2087 3426 κατ’
2118 3372 2237 3426 αὐτὰ
2270 3378 2318 3421 Μ
2349 3373 2498 3424 ταύτὰ

401 3446 440 3490 Β
472 3440 590 3492 αὐτὰ
623 3446 699 3490 UP
814 3451 839 3491 9
870 3445 1087 3507 δηλονότι
1117 3450 1249 3507 Wil.,
1289 3454 1431 3510 δῆλον
1469 3451 1573 3496 libri
1699 3451 1743 3498 εἰ
1769 3451 1898 3496 ΡΗΜ
1939 3451 1982 3497 εἰ
2006 3453 2087 3496 καὶ
2119 3449 2179 3494 P2
2207 3444 2272 3503 ὡς
2300 3449 2383 3494 UB

407 3520 457 3559 10
489 3516 618 3562 αἰτία
648 3517 698 3561 Μ
847 3522 895 3562 15
927 3513 1085 3565 αὐτῶν
1114 3517 1317 3575 ἕκαστος
1345 3522 1390 3566 Η
1539 3526 1588 3566 16
1619 3519 1920 3581 αι’σχύναιται>
1944 3521 1981 3566 Ρ
2109 3521 2427 3575 δοξοκομπῶν
2457 3518 2495 3562 U

403 3586 455 3643 (μ
483 3593 754 3644 expunctum
784 3601 812 3632 a
838 3593 972 3644 corr.)
1089 3595 1138 3635 17
1170 3592 1395 3650 βούλεται
1426 3606 1651 3652 superscr.
1672 3593 1708 3637 P
1800 3596 1850 3637 19
1882 3586 2013 3652 αὐτῷ
2040 3590 2144 3635 libri
2173 3594 2350 3647 praeter
2371 3588 2411 3633 U

403 3660 455 3700 23
488 3661 642 3704 θαλοῦ
665 3660 699 3702 Β
814 3657 1200 3719 περιάγιετοντες
1233 3664 1270 3708 U
1414 3669 1470 3711 24
1501 3665 1865 3726 προβάλλοντες
1894 3663 1999 3708 Wil.
2144 3664 2198 3706 25
2230 3659 2497 3719 στεφάνους

402 3728 489 3783 μὲν
522 3729 649 3774 UBM
784 3734 836 3773 26
866 3734 947 3777 καὶ
975 3736 1080 3788 post
1111 3727 1230 3780 ἀλλὰ
1263 3748 1349 3780 om.
1381 3737 1422 3782 U
1537 3738 1733 3796 μυρίνης
1762 3737 1810 3780 Μ
