2684 4140
1043 249 1268 296 ORATIO
1300 249 1462 294 LXIV.
2187 239 2291 287 155

211 400 269 453 δὲ
308 403 403 452 τὸν
435 406 645 466 χιτῶνα
683 394 838 465 <τὸν>
876 399 1048 448 αὑτοῦ
1083 399 1204 456 τοῖς
1242 392 1507 454 πολίταις
1546 388 1721 453 ἔδειξε
1754 382 2071 454 Ῥωμαϊκῶν
2114 399 2292 455 σφρα-

33 483 377 552 4ΟΕΙΙ)γίδων
427 482 750 546 ἀνάπλεων,
809 482 884 533 ὧν
943 483 1177 550 ἑκάστην
1228 479 1370 544 εἶχεν
1420 478 1534 527 ἀπὸ
1600 472 1887 540 πολεμίων
1940 468 2136 522 σκῦλον
2184 462 2288 520 ὑπ’

210 571 381 619 αὐτοῦ
415 571 877 638 πεφονευμένων,·
926 571 1099 615 ταῦτα
1152 562 1209 614 δὲ
1262 565 1446 613 πάντα
1499 559 1710 628 δράσας
1760 558 1974 622 ἀτίμως
2013 556 2290 619 ἀπέθανε,

209 656 389 723 μάτην
427 651 611 702 πολλοὶ
654 649 1020 721 φιλονικήσας
1059 651 1203 718 πρὸς
1241 650 1338 718 τήν
1376 649 1556 715 τύχην.
1634 642 1833 711 διόπερ
1881 658 1980 707 μοι
2032 638 2289 691 δοκοῦσιν
2311 637 2377 686 25

152 748 177 788 5
215 739 271 788 οἱ
304 737 626 804 *ἄνθρωποι
673 736 741 784 τά
792 732 1003 801 μεγάλα
1055 735 1239 783 πάντα
1297 738 1407 782 τῶν
1457 731 1801 799 πραγμάτων
1854 728 2186 793 ἐπιτρέπειν
2224 731 2292 793 τῇ

207 823 355 890 τύχῃ,
382 819 668 889 κληρωτάς
693 814 854 885 (τὰς)
874 819 1046 886 ἀρχάς
1069 819 1164 868 καὶ
1187 817 1522 885 στρατηγίας
1547 815 1882 878 ποιούμενοι
1898 823 1908 833 ·
1935 812 2028 860 καὶ
2054 807 2293 879 ἀδελφοὶ

204 912 396 975 κτῆσιν
435 905 615 954 αὐτῶν
656 903 833 962 οὕτως
872 900 1247 967 διανέμονται.
1335 898 1452 950 ἔδει
1504 897 1562 949 δὲ
1613 899 1720 966 ἄρα
1760 898 1854 946 καὶ
1889 898 1985 945 τὸν
2023 892 2292 945 Πολυνεί-

204 1007 331 1059 κην,
383 988 541 1057 εἴπερ
580 985 764 1048 καλῶς
801 984 1154 1053 ἐβουλεύετο,
1203 983 1382 1054 κλήρῳ
1425 986 1570 1052 πρὸς
1607 985 1703 1033 τὸν
1743 979 1989 1051 ἀδελφὸν
2029 981 2160 1047 περὶ
2196 985 2294 1048 τῆς

204 1071 496 1141 βασιλείας
546 1070 758 1137 λαχεῖν·
814 1073 932 1121 νυνὶ
982 1068 1040 1120 δὲ
1099 1071 1265 1130 αὐτός
1321 1086 1379 1118 τε
1438 1068 1697 1117 ἀπέθανε
1752 1067 1846 1116 καὶ
1893 1067 1989 1115 τὸν
2047 1061 2293 1133 ἀδελφὸν

125 1167 172 1209 10
208 1155 670 1228 προσαπώλεσεν,
708 1153 895 1224 ἡλικίᾳ
932 1156 996 1204 τὸ
1036 1159 1262 1222 πρᾶγμα
1301 1155 1636 1221 ἐπιτρέψας,
1678 1151 1739 1200 οὐ
1779 1152 1926 1217 τύχῃ.

365 1274 368 1281 =
412 1240 591 1312 κλήρῳ
632 1247 726 1292 νῦν
765 1237 1106 1305 πεπάλαχθε
1148 1237 1474 1304 διαμπερές,
1514 1239 1575 1297 ὅς
1611 1253 1670 1285 κε
1712 1232 1956 1302 λάχῃσιν.
2315 1225 2382 1274 26

415 1326 577 1388 οὗτος
614 1328 716 1395 γάρ
758 1324 820 1396 δή
865 1326 1055 1394 ὀνήσει
1092 1320 1426 1392 ἐτ”κνήμιδας
1458 1315 1744 1385 Ἀχαιούς·

201 1415 293 1464 καὶ
331 1415 511 1482 ὤνησε
550 1409 756 1476 λαχών·
799 1412 829 1461 ὁ
869 1407 927 1461 δὲ
952 1403 1158 1478 ΓΈκτωρ
1198 1408 1417 1479 ἡττήθη
1458 1408 1645 1474 γνώμῃ
1674 1406 2003 1465 πιστεύσας,
2046 1402 2107 1451 ού
2147 1403 2294 1468 τύχῃ.

420 1495 568 1547 δοιοὶ
604 1499 707 1565 γάρ
747 1513 805 1546 τε
846 1496 1023 1545 πίθοι
1059 1494 1424 1545 κατακείαται
1461 1494 1519 1542 ἐν
1556 1493 1699 1551 Διὸς
1740 1487 1907 1540 οὔδει.

131 1593 177 1634 15
211 1584 497 1652 θησαυροὶ
551 1584 651 1647 μὲν
707 1583 789 1646 εἰς
847 1582 1193 1649 ἀνθρώπους
1245 1577 1402 1629 οὗτοι
1462 1577 1616 1646 παρὰ
1673 1576 1866 1636 θεοῖς·
1925 1573 2179 1638 ταμιεύει
2237 1568 2295 1620 δὲ

208 1668 388 1718 αὐτῶν
429 1669 572 1735 πρὸς
617 1668 680 1716 τὸ
730 1663 1039 1732 ἐπιβάλλον
1085 1668 1117 1734 ή
1168 1666 1299 1733 τύχη
1349 1665 1443 1714 καὶ
1489 1664 1686 1732 ῥήτορι
1733 1661 1826 1710 καὶ
1877 1656 2166 1727 στρατηγῷ
2204 1658 2298 1707 καὶ

18 1764 186 1807 11R11)
207 1756 407 1822 πένητι
442 1753 536 1801 καὶ
574 1748 827 1817 πλουσίῳ
867 1751 960 1800 καὶ
998 1749 1281 1817 πρεσβύτῃ
1320 1749 1414 1798 καὶ
1451 1750 1572 1813 νέῳ.
1657 1745 1886 1813 Κροίσῳ
1929 1741 2131 1794 δίδωσι
2164 1760 2291 1810 χρυ-
2316 1733 2381 1782 27

210 1840 334 1900 σόν,
373 1834 672 1904 Κανδαύλῃ
711 1839 968 1902 γυναῖκα,
1007 1831 1199 1904 Πηλεῖ
1229 1830 1420 1903 ξίφος,
1462 1835 1710 1899 Νέστορι
1749 1827 1998 1892 ἀσπίδα,
2037 1824 2296 1896 Πτερέλᾳ

209 1924 383 1991 κόμην
406 1928 628 1991 χρυσῆν,
670 1922 830 1987 Νίσῳ
862 1917 1150 1984 πλόκαμον
1178 1923 1523 1987 πορφυροῦν,
1557 1909 1882 1982 Ἀλκιβιάδῃ
1920 1910 2139 1975 κάλλος,
2178 1914 2296 1961 Σω-

123 2016 174 2056 20
207 2008 398 2073 κράτει
435 2000 534 2074 [δὲ]
574 2008 864 2076 φρόνησιν,
899 1997 1213 2073 Ἀριστείδῃ
1245 2001 1618 2071 δικαιοσύνην,
1659 1997 2143 2064 Λακεδαιμονίοις
2180 2004 2295 2066 γῆν,

48 2085 538 2161 (θοοΜιἈθηναίοις
575 2088 883 2140 θάλατταν.
950 2088 1070 2139 εἶτα
1110 2090 1167 2139 ἐν
1205 2092 1364 2156 μέρει
1402 2089 1614 2136 τούτων
1652 2087 1752 2151 μὲν
1780 2082 2063 2154 ἀφείλετο,
2105 2079 2298 2142 ἄλλοις

209 2174 267 2226 δὲ
306 2173 523 2226 ἔδωκεν.
597 2176 692 2225 καὶ
731 2172 889 2224 οὐδέν
926 2190 1026 2239 μοι
1066 2171 1226 2223 δοκεῖ
1269 2174 1300 2222 ὁ
1348 2173 1474 2238 βίος
1521 2177 1631 2221 τῶν
1682 2170 2008 2238 ἀνθρώπων
2062 2174 2298 2235 πομπῆς

209 2259 500 2331 διαφέρειν
538 2262 595 2311 ἐν
633 2264 758 2321 ταῖς
795 2259 1131 2329 ἡμερησίαις
1168 2255 1524 2325 μεταβολαῖς.

154 2379 189 2407 ,N

352 2442 370 2481 1
405 2434 493 2483 τὸν
521 2437 624 2481 add.
656 2438 787 2482 Dind.
906 2433 1053 2484 αὐτοῦ
1082 2437 1185 2481 libri
1215 2442 1393 2493 praeter
1420 2436 1456 2479 P
1606 2437 1843 2492 Ρωμαίων
1873 2433 2005 2478 UBM
2126 2436 2150 2476 2
2181 2426 2296 2479 ἀνά-

208 2511 356 2554 πλεον
385 2508 424 2553 U
453 2522 510 2552 m.
542 2521 610 2564 pr.
727 2506 913 2555 σκύλων
944 2508 1067 2553 UBH
1211 2511 1236 2552 3
1267 2504 1437 2564 ἄτιμος
1463 2507 1543 2552 PH
1687 2511 1714 2550 4
1745 2503 2055 2566 φιλονικήσας
2086 2505 2133 2547 Μ
2166 2508 2298 2562 φιλο·

209 2574 426 2636 νεικὴσας
447 2579 584 2623 ceteri
669 2582 891 2625 δοκοῦσιν
913 2577 958 2625 οἱ
979 2576 1233 2639 ἄνθρωποι
1250 2579 1284 2622 Ρ
1307 2581 1502 2625 δοκοῦσι
1520 2581 1600 2624 καὶ
1619 2576 1664 2624 οἳ
1680 2575 1933 2637 ἄνθρωποι
1953 2576 2083 2619 ΒΜΗ
2105 2581 2299 2623 δοκοῦσι

208 2652 288 2695 καὶ
319 2646 568 2710 ἄνθρωποι
590 2649 628 2694 U
736 2654 759 2693 5
780 2649 839 2696 τά
861 2647 1045 2708 μεγάλα
1067 2650 1260 2704 Selden.,
1283 2649 1340 2696 τά
1363 2651 1450 2706 μὲν
1471 2646 1591 2696 ἄλλα
1611 2648 1714 2694 libri
1822 2652 1847 2691 6
1869 2647 2119 2708 κληρωτάς
2149 2643 2301 2707 ἀρχὰς

209 2721 245 2764 Ρ
274 2717 430 2782 κλήρῳ
459 2718 546 2774 τὰς
577 2715 728 2780 ἀρχὰς
758 2722 848 2764 ΗΜ
878 2724 958 2767 καὶ
987 2718 1144 2783 κλήρῳ
1174 2717 1261 2775 τὰς
1292 2715 1446 2780 ἀρχὰς
1466 2721 1560 2773 UB,
1592 2716 1679 2774 τὰς
1708 2720 1812 2766 add.
1843 2721 2002 2775 Dind.;
2033 2718 2110 2766 ἐπὶ
2140 2717 2300 2779 κλήρῳ

207 2792 419 2836 Reiskius
506 2796 529 2835 7
562 2786 719 2839 αὐτῶν
742 2792 861 2838 UPH
948 2790 1037 2839 ἔδει
1067 2793 1116 2839 δὲ
1146 2790 1242 2850 ἄρα
1274 2793 1352 2837 sed
1377 2790 1437 2839 '¹6
1454 2795 1500 2837 et
1530 2792 1553 2839 ὲ
1572 2804 1600 2836 a
1621 2805 1735 2836 corr.
1763 2792 1798 2836 U
1888 2793 2142 2849 πολυνίκην
2163 2790 2211 2833 Μ

209 2865 235 2906 9
265 2879 317 2909 τε
347 2876 433 2908 om.
472 2863 509 2906 P
684 2868 731 2907 11
777 2865 841 2908 Cf.
875 2863 1005 2909 Hom.
1037 2864 1090 2908 ΙΙ.
1122 2864 1209 2909 VII
1252 2867 1328 2908 171
1378 2861 1687 2923 πεπάλαχθαι
1729 2864 1775 2907 Μ
1819 2860 2100 2919 πεπάλαχθε
2140 2867 2181 2910 (ε
2221 2859 2298 2903 fin.

208 2988 237 3020 a
268 2981 400 3030 corr.)
430 2976 469 3021 U
613 2980 686 3022 δια
717 2976 921 3037 περσεύς
949 2981 995 3020 et
1025 2975 1230 3035 λάχησεν
1258 2977 1293 3020 Ρ
1440 2972 1466 3021 ὁ
1498 2979 1578 3022 καὶ
1609 2990 1690 3032 pro
1724 2968 1778 3028 ὅς
1806 2992 1860 3021 κε
1890 2975 1939 3019 Μ
2061 2977 2110 3018 12
2142 2969 2299 3032 εὖκνή-

209 3050 343 3102 μιδας
372 3047 457 3092 UH
631 3052 681 3091 13
712 3043 741 3105 ἢ
771 3043 1029 3117 ‘nimy-libri,
1062 3042 1118 3092 οὗ
1147 3046 1261 3103 τύχῃ
1292 3046 1423 3103 Emp.
1455 3046 1668 3090 dubitans
1852 3050 1902 3088 14
1935 3047 2035 3091 δυοὶ
2065 3044 2156 3089 UM
2243 3059 2247 3063 ·

211 3118 268 3161 cf.
301 3117 353 3161 Il.
382 3117 534 3162 XXIV
563 3121 642 3162 527
766 3122 815 3162 15
847 3119 989 3170 οὗτος
1019 3118 1053 3160 Ρ
1168 3118 1361 3173 ταμίευε
1392 3116 1440 3158 Μ
1589 3121 1638 3161 16
1671 3111 1820 3162 αὐτὸν
1849 3116 1928 3161 UB
1962 3112 2107 3172 αὐτὴν
2136 3113 2216 3157 ΡΗ

216 3192 263 3232 17
295 3184 475 3246 χρύσον
504 3188 551 3229 Μ
581 3190 780 3246 χρυσίον
810 3189 847 3231 Β
1020 3191 1072 3232 18
1111 3188 1303 3247 νέστορι
1345 3183 1561 3240 οἷσπίκως
1597 3191 1723 3243 (mrg.
1765 3205 1839 3247 γρ.
1871 3187 2121 3243 αἰσπίμως)
2151 3186 2186 3229 Ρ

212 3259 411 3317 πτερίλα
440 3258 509 3302 vel
540 3260 738 3322 πτερίλᾳ
765 3259 883 3311 libri,
913 3272 1026 3302 corr.
1058 3258 1267 3303 Valesius
1414 3262 1468 3302 19
1499 3255 1626 3318 νήσῳ
1656 3258 1735 3303 UB
1873 3255 2107 3318 ἀλκιβιάδι
2138 3257 2187 3301 Μ

215 3367 438 3431 σωκράτη
466 3371 505 3416 U
538 3385 593 3417 m.
623 3385 692 3428 pr.
726 3371 850 3416 BMP
967 3375 1019 3415 20
1051 3371 1100 3418 δὲ
1131 3371 1238 3416 secl.
1268 3371 1401 3428 Emp.
1546 3328 1836 3432 ἀριστείάἳιδι
1866 3375 1946 3419 καὶ
1979 3368 2152 3432 ὀσύνην
2181 3372 2217 3416 Ρ

214 3445 264 3487 21
297 3446 397 3502 γῆν,
426 3438 691 3501 Ἀθηναίοις
720 3443 871 3498 Dind.,
902 3439 986 3501 τὴν
1014 3437 1274 3501 Ἀθηναίων
1302 3442 1406 3486 libri
1550 3438 1784 3502 ἀφείλατο
1817 3444 1866 3487 Μ
2022 3447 2075 3487 22
2107 3440 2300 3489 ἔδωκεεε

217 3517 258 3566 (ν
279 3520 472 3567 erasum)
494 3513 533 3558 U
557 3514 724 3560 δέδωκε
748 3513 787 3556 Η
810 3511 975 3559 ἐδίωκε
990 3513 1041 3557 Μ
1130 3516 1182 3556 23
1205 3520 1309 3566 ταῖς
1328 3508 1577 3572 ἡμετέραις
1597 3514 1716 3571 libri,
1747 3522 1851 3568 ταῖς
1870 3511 2148 3574 ἡμερησίαις
2168 3514 2300 3569 Emp.
