2684 4140
1014 276 1240 323 ORATIO
1271 276 1498 323 LXXVII.
2197 280 2297 328 207

210 419 479 480 Μούσαις
517 421 752 485 ἐντυχὼν
789 421 882 471 καὶ
918 422 1182 491 μαθητὴς
1221 423 1401 473 αὐτῶν
1439 423 1661 474 ἐκείνων
1701 426 1993 490 γενόμενος
2004 444 2024 487 ,·
2061 427 2198 477 ὅθεν
2237 422 2299 489 ἐξ

212 504 449 572 ἀνάγκης
489 506 595 567 ὅ,τι
633 496 798 574 ἐπῄει
838 505 986 573 αὐτῷ
1036 509 1222 558 πάντα
1272 510 1512 573 μουσικά
1561 526 1622 560 τε
1656 510 1750 560 καὶ
1790 511 1942 580 σοφὰ
1981 511 2294 579 ἐφθέγγετο

209 589 302 637 καὶ
353 586 512 639 οὐδὲν
558 591 825 654 μάταιον,
877 589 952 641 ὧν
1003 588 1168 661 δῆλον
1217 594 1305 642 ὅτι
1351 594 1444 643 καὶ
1492 599 1656 643 τοῦτο
1708 596 1771 644 τὸ
1822 595 1962 655 ἔπος
2008 596 2177 647 ἐστίν.
2226 623 2298 629 —-

216 674 292 722 Τό
334 676 503 723 ποῖον
514 691 534 735 ,·

150 767 175 806 5
420 758 488 808 Δ.
527 760 620 808 καὶ
655 761 922 828 κεραμεύς
958 765 1195 830 κεραμεῖ
1222 766 1403 813 κοτέει
1439 764 1532 814 καὶ
1568 767 1785 815 τέκτονι
1822 769 2041 815 τέκτων.

204 866 275 875 ·—
299 838 496 891 Πολλὰ
533 845 634 908 μὲν
658 845 752 894 καὶ
777 842 917 894 ἄλλα
948 847 1261 915 φανήσεται
1286 852 1396 897 τῶν
1423 840 1686 899 Ἡσιόδου
1714 854 2072 919 πεποιημένα
2109 848 2290 912 καλῶς
2328 857 2360 907 2

206 928 342 995 περί
377 945 436 978 τε
475 929 802 998 ἀνθρώπων
838 932 931 981 καὶ
966 930 1119 981 θειῖν
1161 929 1354 996 σχεδόν
1391 950 1448 982 τι
1495 935 1590 984 καὶ
1639 936 1770 1003 περὶ
1805 930 2076 1000 μειζόνων
2114 951 2291 1005 πραγ-

203 1014 396 1075 μάτων
433 1014 465 1083 ἢ
507 1016 681 1065 ὁποῖα
719 1015 788 1064 τὰ
828 1012 1099 1080 λεχθέντα
1138 1023 1258 1068 νῦν·
1299 1018 1440 1085 ἀτὰρ
1482 1018 1576 1068 οὖν
1613 1021 1706 1069 καὶ
1743 1025 1916 1069 ταῦτα
1957 1021 2289 1091 ἀπεφήνατο

200 1089 335 1161 μάλ>
367 1096 599 1168 ἀληθῶς
623 1117 683 1150 τε
707 1101 800 1151 καὶ
824 1102 1108 1170 ἐμπείρως
1133 1108 1231 1171 τῆς
1252 1102 1623 1171 ἀνθρωπίνης
1644 1105 1883 1172 φύσεως.
1905 1132 1976 1138 —-
1993 1106 2061 1154 A.
2084 1102 2291 1156 Βούλει

122 1188 170 1230 10
209 1182 303 1232 οὖν
341 1182 774 1254 ἐπιμελέστερον
815 1191 1111 1250 σκοπῶμεν
1160 1187 1299 1235 αὐτά
1310 1205 1330 1247 ,·
1376 1212 1444 1219 -
1482 1187 1598 1237 Καὶ
1646 1193 1771 1248 πῶς
1807 1192 1954 1257 ἡμᾶς
2000 1187 2292 1252 ἀνέξονται

202 1275 474 1330 τοσοῦτος
513 1268 674 1334 ὄχλος
722 1272 855 1338 περὶ
902 1272 1175 1320 τοιούτων
1226 1268 1685 1337 διαλεγομένους,·
1733 1299 1805 1305 -
1850 1273 1918 1322 A.
1964 1274 2035 1322 Τί
2085 1270 2177 1334 δέ,
2229 1274 2291 1323 ού

21 1363 175 1407 ι3ΒΠ)
204 1355 356 1424 σοφὰ
392 1357 485 1406 καὶ
523 1356 654 1424 περὶ
693 1361 888 1424 σοφῶν
926 1356 1155 1424 ἥκουσιν
1192 1355 1593 1421 ἀκουσόμενοι,·
1630 1384 1700 1392 -
1740 1359 1916 1407 Φαῖεν
1955 1358 2040 1419 ἄν,
2082 1358 2293 1422 ὥς-μοι

201 1437 476 1491 δοκοῦσιν.
515 1468 585 1475 -
608 1441 678 1490 A.
700 1432 868 1489 Ἀλλὰ
905 1441 979 1510 μὴ
1020 1441 1117 1490 τὸν
1150 1432 1413 1490 Ἡσίοδον
1453 1437 1667 1510 φαῦλον
1693 1444 1957 1509 ἡγοῦνται
1981 1442 2074 1491 καὶ
2101 1438 2289 1508 ὀλίγου

198 1522 388 1587 ἀξιον,
424 1552 496 1560 --
538 1522 829 1590 Οὐδαμῶς.
856 1553 930 1561 —
952 1525 1021 1575 A.
1045 1518 1213 1574 Ἀλλὰ
1254 1527 1385 1594 περὶ
1425 1525 1650 1595 φθόνου
1687 1527 1781 1576 καὶ
1819 1522 2162 1594 ζηλοτυπίας
2198 1527 2291 1577 καὶ

116 1619 162 1660 15
198 1611 345 1671 τίνες
381 1611 524 1661 εἰσὶν
565 1611 621 1660 οἱ
656 1612 802 1679 πρὸς
839 1607 1112 1680 ἀλλήλους
1150 1611 1327 1671 οὕτως
1365 1611 1582 1675 ἔχοντες
1617 1612 1711 1662 καὶ
1736 1613 1835 1662 ἐπὶ
1869 1612 2018 1662 τίσιν
2058 1612 2120 1661 οὐ
2154 1614 2287 1682 χρή-

197 1711 362 1762 σιμον
402 1696 594 1756 αὐτοῖς
632 1695 984 1759 ἀκροᾶσθαι;
1036 1721 1096 1730 -
1151 1696 1393 1746 Πάντων
1441 1697 1542 1760 μὲν
1592 1695 1687 1746 οὖν
1731 1698 2178 1765 χρησιμώτατον.
2218 1724 2289 1730 —-

190 1783 259 1832 A.
306 1780 516 1832 Οὐκοῦν
548 1783 651 1851 χρὴ
691 1779 795 1851 ἤδη
833 1782 927 1831 καὶ
965 1782 1404 1850 ἀποπειρᾶσθαι
1441 1786 1551 1831 τῶν
1590 1778 1822 1847 ἀνδρῶν.
1899 1785 2035 1851 φέρε
2074 1779 2157 1851 δή,
2198 1774 2277 1832 δι>
2323 1787 2354 1838 3

197 1863 334 1916 ἄλλο
384 1867 442 1916 τί
490 1879 633 1936 φησι
679 1868 912 1927 τούτους
952 1856 1216 1927 Ἡσίοδος
1264 1865 1411 1916 εἶναι
1471 1866 1792 1935 φθονεροὺς
1849 1867 1943 1916 καὶ
2002 1864 2287 1927 δυσκόλως

192 1948 456 2021 ἀλλήλοις
495 1952 638 2016 ἔχειν
674 1952 706 2020 ἢ
749 1948 897 2001 διότι
934 1951 1100 2021 ἦττον
1135 1945 1262 2018 <ἂν>
1300 1946 1589 2019 ἐργάζοιτο
1617 1948 1734 2019 [τῆς
1772 1951 1945 2000 αὐτοῦ
1978 1946 2188 2020 τέχνης]
2227 1952 2286 2001 ἐκ

112 2043 159 2084 20
196 2042 299 2085 τοῦ
344 2037 676 2105 πράγματος
713 2038 973 2098 ἕκαστος,
1024 2038 1153 2085 ὅτου
1203 2036 1270 2086 ἂν
1318 2037 1450 2103 τύχῃ
1500 2036 1792 2103 πράττων,
1845 2032 2072 2086 πολλῶν
2112 2037 2285 2086 ὄντων

191 2122 434 2186 ὁμοίων,
471 2148 541 2156 —
576 2121 691 2171 Διά
730 2121 789 2170 τί
822 2121 925 2190 γὰρ
965 2118 1133 2182 ἄλλο,·
1173 2148 1240 2154 -
1264 2121 1333 2170 A.
1360 2121 1614 2189 Πότερον
1654 2120 1750 2171 οὖν
1786 2124 2026 2190 κεραμεῖ
2053 2122 2155 2186 μὲν
2196 2118 2284 2171 λυ-

190 2203 407 2256 σιτελεῖ
432 2203 644 2275 μηδένα
683 2202 854 2256 ἄλλον
892 2204 1039 2256 εἷναι
1074 2209 1316 2274 κεραμέα
1355 2206 1413 2255 έν
1439 2211 1508 2274 τῇ
1536 2205 1675 2274 αὐτῇ
1713 2203 1881 2256 πόλει
1907 2223 1967 2256 τε
1991 2207 2085 2256 καὶ
2108 2207 2282 2274 κώμῃ,

186 2291 430 2359 μαγείρῳ
473 2288 532 2341 δὲ
571 2296 735 2340 τοῦτο
777 2291 840 2340 οὐ
869 2287 1167 2353 λυσιτελές,
1207 2291 1365 2350 ὅπως
1390 2286 1487 2359 ἐξῇ
1515 2287 1663 2356 αὐτῷ
1691 2287 2090 2340 ἀποδίδοσθαι
2117 2292 2279 2341 ὁποῖ’

187 2376 254 2426 ἂν
287 2376 379 2444 ἔχῃ
410 2375 479 2425 τὰ
505 2379 638 2444 κρέα
664 2380 786 2437 τοῖς
814 2373 1119 2441 δεομένοις,
1159 2375 1226 2425 ἂν
1263 2376 1357 2425 καὶ
1395 2376 1544 2424 πάνυ
1585 2372 1790 2426 λεπτὸν
1820 2376 2023 2445 ἱερεῖον
2048 2376 2080 2445 ἢ
2110 2388 2282 2443 πρεσ-

109 2469 154 2509 25
191 2461 423 2530 βύτερον
470 2463 602 2530 τύχῃ
650 2463 992 2530 πριάμενος,
1042 2487 1104 2495 -
1155 2457 1343 2531 Δῆλον
1391 2462 1479 2510 ὅτι
1525 2461 1619 2510 καὶ
1664 2461 1928 2530 μαγείρῳ.
1981 2488 2047 2496 --
2095 2462 2163 2511 A.
2210 2461 2282 2510 Τί
2319 2466 2353 2514 4

190 2543 252 2596 δέ
262 2565 281 2608 ,·
326 2547 511 2615 βαφεῖ
538 2549 636 2617 τὴν
673 2547 920 2617 βαφικὴν
958 2542 1301 2616 ἐργάζεσθαι
1337 2549 1530 2615 τέχνην
1570 2546 1632 2596 οὐ
1669 2549 1821 2613 μόνῳ
1864 2544 2013 2613 αὐτῷ
2053 2547 2281 2610 ἄμεινον

186 2632 217 2700 ἢ
258 2625 397 2696 μεθ’
441 2634 645 2701 ἑτέρων
683 2633 1031 2698 ἀντιτέχνων,
1073 2633 1162 2683 ἵνα
1203 2633 1479 2682 ὁποιαοῦν
1507 2629 1868 2683 ἀποδιδῶται
1904 2631 1973 2680 τὰ
2012 2631 2280 2697 βάμματα

330 2872 349 2911 1
385 2863 639 2926 γινόμενος
669 2866 705 2910 Ρ
851 2862 880 2913 ὃ
909 2859 967 2926 ἦν
996 2867 1084 2919 (vel
1112 2863 1186 2926 ἢν)
1214 2868 1334 2924 libri,
1367 2859 1486 2914 ὅθεν
1517 2867 1712 2912 casaub.
1872 2867 1898 2908 2
1933 2857 2006 2911 ὅτι
2036 2864 2170 2909 UBM
2197 2865 2279 2908 καὶ

185 2930 277 2991 Hm
310 2937 391 2982 PH
507 2955 560 2985 τε
590 2951 675 2983 om.
707 2938 755 2982 M
872 2941 897 2982 3
927 2942 1009 2985 καὶ
1040 2952 1125 2983 om.
1156 2939 1207 2983 M
1238 2939 1363 2996 (ante
1394 2932 1546 2992 οὐδὲν)
1664 2928 1739 2983 ὅτι
1767 2949 1851 2981 om.
1882 2936 1920 2980 B
2019 2932 2125 2980 ἐστί
2157 2932 2192 2977 U

184 3014 207 3053 5
251 3008 320 3054 Cf.
351 3009 501 3065 Opera
530 3013 576 3053 et
604 3009 712 3054 Dies
741 3023 782 3054 v.
814 3012 868 3054 25
1043 3014 1066 3052 7
1109 3025 1162 3056 τε
1201 3022 1287 3054 om.
1325 3009 1375 3053 Μ
1571 3012 1596 3052 8
1635 3003 1665 3064 ἢ
1706 3002 1853 3053 ὁποῖα
1892 3005 1972 3048 ΡΗ
2012 3000 2159 3050 ὁποῖα
2196 3004 2277 3050 UB

187 3077 378 3126 ὁποίων
407 3080 456 3123 Μ
592 3075 745 3139 αὐτὰρ
773 3080 854 3124 ΡΗ
999 3083 1025 3124 9
1054 3079 1183 3138 μάλα
1215 3080 1250 3123 Ρ
1398 3083 1450 3123 10
1481 3082 1738 3135 σκοπῶμεν
1768 3090 1883 3121 corr.
1915 3075 1970 3129 U,
2001 3078 2279 3132 σκοποῦμεν

184 3151 325 3195 ceteri
411 3145 668 3205 ἀνάξονται
697 3151 748 3195 Μ
838 3154 886 3194 11
920 3152 970 3196 τί
997 3154 1074 3196 δαὶ
1102 3150 1185 3196 UB
1301 3153 1353 3194 16
1385 3144 1442 3196 οὐ
1471 3152 1712 3206 (superscr.
1745 3141 1846 3203 οὖν)
1877 3147 1912 3190 Ρ
2019 3151 2066 3191 17
2102 3140 2280 3194 οὐκοῦν

180 3219 269 3281 χρὴ
304 3220 479 3277 scripsi,
512 3215 686 3268 οὐκοῦν
712 3218 949 3281 χρήσιμον
976 3221 1082 3265 libri
1196 3215 1251 3266 οὗ
1280 3217 1516 3280 χρήσιμον
1545 3220 1579 3263 Ρ
1693 3216 1777 3279 ἤδη
1807 3218 1889 3263 ΡΗ
1918 3214 2038 3264 εἶναι
2058 3217 2190 3263 UBM

184 3295 266 3338 καὶ
296 3288 352 3339 τὸ
386 3292 466 3335 ΡΗ
612 3295 664 3335 19
694 3285 874 3351 ἥττονα
903 3291 960 3345 Η,
991 3305 1108 3336 corr.
1139 3291 1175 3335 P
1292 3287 1352 3338 ἂν
1384 3291 1564 3336 Geelius
1594 3288 1645 3337 ἓν
1673 3289 1736 3345 Μ,
1768 3302 1854 3334 om.
1886 3288 2024 3333 ceteri
2136 3284 2275 3347 ἐργά-

182 3366 316 3419 ζοιτο
350 3362 406 3409 τὸ
439 3366 521 3421 τῆς
553 3358 700 3409 αὑτοῦ
728 3357 982 3417 (Βεαῦτοῦ)
1012 3362 1174 3421 τέχνης
1193 3362 1273 3408 Uss
1303 3360 1558 3420 ἐργάζοιτο
1590 3364 1671 3420 τῆς
1701 3354 1849 3408 αὐτοῦ
1877 3360 2042 3418 τέχνης
2062 3359 2110 3402 Μ
2131 3355 2277 3418 ἐργά-

181 3437 315 3490 ζοιτο
349 3430 433 3488 τὴν
463 3429 612 3481 αὐτοῦ
650 3432 818 3493 τέχνην
846 3433 948 3487 ΡΗ,
989 3433 1219 3487 scholion,
1261 3433 1380 3490 quod
1420 3432 1477 3477 ad
1514 3428 1798 3493 πράγματος
1834 3431 2049 3487 pertinet,
2087 3429 2273 3474 seclusit

184 3519 366 3564 Geelius
491 3522 545 3562 20
575 3532 682 3575 mrg.
706 3518 766 3563 U:
797 3494 885 3577 βελ
924 3508 1013 3572 ὅ,τι
1112 3521 1161 3561 21
1196 3514 1333 3564 ἄλλοι
1363 3517 1401 3561 Β
1488 3508 1575 3564 οὖν
1603 3530 1688 3562 om.
1720 3515 1853 3560 PHM
1938 3514 2108 3573 κέραμι
2138 3514 2187 3557 Μ

183 3592 236 3633 23
272 3587 451 3636 ὁποῖον
479 3589 523 3633 Η
552 3603 612 3635 m.
642 3603 711 3646 pr.
745 3584 927 3635 ὁποῖα
956 3592 989 3643 (ι
1018 3593 1063 3633 et
1091 3588 1257 3645 partim
1286 3601 1312 3633 o
1343 3588 1420 3633 alt.
1450 3600 1479 3632 a
1508 3592 1640 3643 corr.)
1668 3589 1711 3634 U
1840 3591 1893 3632 25
1925 3587 1973 3632 τί
2003 3588 2077 3631 δαὶ
2108 3584 2185 3629 UB

182 3663 234 3704 26
265 3656 469 3720 λαφικὴν
495 3661 533 3706 Ρ
706 3654 763 3707 οὗ
792 3657 926 3722 μόνῳ
957 3654 1088 3721 αὐτῷ
1123 3655 1321 3716 ἄμεινον
1358 3659 1439 3703 ΡΗ
1480 3653 1536 3707 οὗ
1573 3658 1730 3717 μόνον
1768 3651 1916 3705 αὐτὸν
1955 3654 2043 3704 οὐκ
2073 3651 2281 3712 ἄμεινον

179 3730 218 3776 U
248 3744 303 3775 m.
333 3745 402 3789 pr.
433 3731 524 3778 BM
639 3735 690 3776 27
724 3725 1007 3780 ἀποδίδοται
1035 3731 1085 3775 Μ
