<?xml version="1.0" encoding="UTF-8"?>
<!DOCTYPE html PUBLIC "-//W3C//DTD XHTML 1.0 Transitional//EN"
    "http://www.w3.org/TR/xhtml1/DTD/xhtml1-transitional.dtd">
<html xmlns="http://www.w3.org/1999/xhtml" xml:lang="en" lang="en">
 <head>
  <title>
</title>
<meta http-equiv="Content-Type" content="text/html;charset=utf-8" />
  <meta name='ocr-system' content='tesseract 3.04.00' />
  <meta name='ocr-capabilities' content='ocr_page ocr_carea ocr_par ocr_line ocrx_word'/>
</head>
<body>
  <div class='ocr_page' id='page_1' title='image "./dionisprusaensis02diocuoft_0166.png"; bbox 0 0 2684 4140; ppageno 0'>
   <div class='ocr_carea' id='block_1_1' title="bbox 343 227 1718 293">
    <p class='ocr_par' dir='ltr' id='par_1_1' title="bbox 343 227 1718 293">
     <span class='ocr_line' id='line_1_1' title="bbox 343 227 1718 293; baseline -0.014 -2"><span class='ocrx_word' id='word_1_1' title='bbox 343 244 442 293; x_wconf 86' lang='lat'><em>148</em></span> <span class='ocrx_word' id='word_1_2' title='bbox 1030 231 1269 286; x_wconf 82' lang='lat' dir='ltr'>[DIONIS]</span> <span class='ocrx_word' id='word_1_3' title='bbox 1297 229 1384 274; x_wconf 73' lang='lat' dir='ltr'><em>DE</em></span> <span class='ocrx_word' id='word_1_4' title='bbox 1412 227 1661 274; x_wconf 83' lang='lat' dir='ltr'>FORTUN</span> <span class='ocrx_word' id='word_1_5' title='bbox 1663 228 1718 272; x_wconf 85' lang='lat' dir='ltr'><em>A.</em></span> 
     </span>
    </p>
   </div>
   <div class='ocr_carea' id='block_1_2' title="bbox 258 369 2657 2744">
    <p class='ocr_par' dir='ltr' id='par_1_2' title="bbox 262 369 2478 953">
     <span class='ocr_line' id='line_1_2' title="bbox 262 369 2419 452; baseline -0.007 -15"><span class='ocrx_word' id='word_1_6' title='bbox 262 393 294 442; x_wconf 84' lang='lat'>2</span> <span class='ocrx_word' id='word_1_7' title='bbox 332 384 564 452; x_wconf 87' lang='grc' dir='ltr'><em>ξάνδρου</em></span> <span class='ocrx_word' id='word_1_8' title='bbox 611 378 882 447; x_wconf 88' lang='grc' dir='ltr'><em>τελευτήν.</em></span> <span class='ocrx_word' id='word_1_9' title='bbox 967 374 1070 445; x_wconf 83' lang='grc' dir='ltr'><em>ἤδη</em></span> <span class='ocrx_word' id='word_1_10' title='bbox 1124 373 1187 426; x_wconf 92' lang='grc' dir='ltr'><em>δέ</em></span> <span class='ocrx_word' id='word_1_11' title='bbox 1234 390 1360 424; x_wconf 89' lang='grc' dir='ltr'><em>τινα</em></span> <span class='ocrx_word' id='word_1_12' title='bbox 1406 373 1503 423; x_wconf 81' lang='grc' dir='ltr'><em>καὶ</em></span> <span class='ocrx_word' id='word_1_13' title='bbox 1547 377 1663 422; x_wconf 80' lang='grc' dir='ltr'><em>τῶν</em></span> <span class='ocrx_word' id='word_1_14' title='bbox 1710 369 1871 422; x_wconf 83' lang='grc' dir='ltr'><em>ἰδίων</em></span> <span class='ocrx_word' id='word_1_15' title='bbox 1922 371 2134 422; x_wconf 86' lang='grc' dir='ltr'><em>παθῶν</em></span> <span class='ocrx_word' id='word_1_16' title='bbox 2182 378 2251 440; x_wconf 87' lang='grc' dir='ltr'><em>τῇ</em></span> <span class='ocrx_word' id='word_1_17' title='bbox 2289 373 2419 441; x_wconf 78' lang='grc' dir='ltr'><em>τύχῃ</em></span> 
     </span>
     <span class='ocr_line' id='line_1_3' title="bbox 326 453 2419 537; baseline -0.005 -19"><span class='ocrx_word' id='word_1_18' title='bbox 326 470 725 537; x_wconf 75' lang='grc' dir='ltr'><strong><em>προφέρουσιν,</em></strong></span> <span class='ocrx_word' id='word_1_19' title='bbox 763 464 796 529; x_wconf 81' lang='grc' dir='ltr'><strong><em>ἡ</em></strong></span> <span class='ocrx_word' id='word_1_20' title='bbox 823 457 1053 529; x_wconf 81' lang='grc' dir='ltr'><em>Μήδεια</em></span> <span class='ocrx_word' id='word_1_21' title='bbox 1092 460 1188 509; x_wconf 81' lang='grc' dir='ltr'><em>τὸν</em></span> <span class='ocrx_word' id='word_1_22' title='bbox 1228 458 1431 525; x_wconf 81' lang='grc' dir='ltr'><em>ἔρωτα,</em></span> <span class='ocrx_word' id='word_1_23' title='bbox 1470 457 1501 506; x_wconf 84' lang='grc' dir='ltr'><em>ὁ</em></span> <span class='ocrx_word' id='word_1_24' title='bbox 1527 453 1725 517; x_wconf 87' lang='grc' dir='ltr'><em>Μίδας</em></span> <span class='ocrx_word' id='word_1_25' title='bbox 1763 457 1862 526; x_wconf 86' lang='grc' dir='ltr'><em>τήν</em></span> <span class='ocrx_word' id='word_1_26' title='bbox 1902 456 2080 526; x_wconf 82' lang='grc' dir='ltr'><em>εὐχήν,</em></span> <span class='ocrx_word' id='word_1_27' title='bbox 2119 459 2152 526; x_wconf 81' lang='grc' dir='ltr'><em>ή</em></span> <span class='ocrx_word' id='word_1_28' title='bbox 2197 454 2419 526; x_wconf 84' lang='grc' dir='ltr'><em>Φαίδρα</em></span> 
     </span>
     <span class='ocr_line' id='line_1_4' title="bbox 323 533 2420 620; baseline -0.004 -19"><span class='ocrx_word' id='word_1_29' title='bbox 323 553 421 620; x_wconf 82' lang='grc' dir='ltr'><em>τήν</em></span> <span class='ocrx_word' id='word_1_30' title='bbox 460 543 752 615; x_wconf 87' lang='grc' dir='ltr'><em>διαβολήν,</em></span> <span class='ocrx_word' id='word_1_31' title='bbox 802 546 834 594; x_wconf 83' lang='grc' dir='ltr'>ὁ</span> <span class='ocrx_word' id='word_1_32' title='bbox 863 537 1205 609; x_wconf 83' lang='grc' dir='ltr'><em>Ἀλκμαίων,</em></span> <span class='ocrx_word' id='word_1_33' title='bbox 1257 543 1345 592; x_wconf 85' lang='grc' dir='ltr'><em>ὅτι</em></span> <span class='ocrx_word' id='word_1_34' title='bbox 1383 537 1694 602; x_wconf 81' lang='grc' dir='ltr'><em>ἐπλανᾶτο,</em></span> <span class='ocrx_word' id='word_1_35' title='bbox 1746 542 1777 591; x_wconf 82' lang='grc' dir='ltr'><em>ὁ</em></span> <span class='ocrx_word' id='word_1_36' title='bbox 1807 533 2098 611; x_wconf 72' lang='grc' dir='ltr'><em>’,Ορέστης</em></span> <span class='ocrx_word' id='word_1_37' title='bbox 2137 543 2227 592; x_wconf 78' lang='grc' dir='ltr'><em>ὅτι</em></span> <span class='ocrx_word' id='word_1_38' title='bbox 2263 543 2420 608; x_wconf 79' lang='grc' dir='ltr'><em>ἐμαί-</em></span> 
     </span>
     <span class='ocr_line' id='line_1_5' title="bbox 324 623 2420 698; baseline -0.003 -14"><span class='ocrx_word' id='word_1_39' title='bbox 324 649 466 685; x_wconf 89' lang='grc' dir='ltr'><em>νετο.</em></span> <span class='ocrx_word' id='word_1_40' title='bbox 678 631 788 698; x_wconf 81' lang='grc' dir='ltr'><em>ἐρῶ</em></span> <span class='ocrx_word' id='word_1_41' title='bbox 839 626 898 679; x_wconf 80' lang='grc' dir='ltr'><em>δὲ</em></span> <span class='ocrx_word' id='word_1_42' title='bbox 947 630 1078 693; x_wconf 81' lang='grc' dir='ltr'><em>ὑμῖν</em></span> <span class='ocrx_word' id='word_1_43' title='bbox 1126 644 1252 678; x_wconf 85' lang='grc' dir='ltr'><em>τινα</em></span> <span class='ocrx_word' id='word_1_44' title='bbox 1299 627 1395 677; x_wconf 79' lang='grc' dir='ltr'><em>καὶ</em></span> <span class='ocrx_word' id='word_1_45' title='bbox 1443 627 1705 695; x_wconf 88' lang='grc' dir='ltr'><em>Κύπριον</em></span> <span class='ocrx_word' id='word_1_46' title='bbox 1767 623 1958 694; x_wconf 87' lang='grc' dir='ltr'><em>λόγον,</em></span> <span class='ocrx_word' id='word_1_47' title='bbox 2016 627 2068 677; x_wconf 83' lang='grc' dir='ltr'><em>εἰ</em></span> <span class='ocrx_word' id='word_1_48' title='bbox 2122 624 2420 693; x_wconf 82' lang='grc' dir='ltr'><em>βούλεσθε.</em></span> 
     </span>
     <span class='ocr_line' id='line_1_6' title="bbox 322 703 2478 786; baseline -0.001 -19"><span class='ocrx_word' id='word_1_49' title='bbox 322 720 538 786; x_wconf 78' lang='grc' dir='ltr'><em>ἤνεγκεν</em></span> <span class='ocrx_word' id='word_1_50' title='bbox 578 716 608 764; x_wconf 83' lang='grc' dir='ltr'><em>ὁ</em></span> <span class='ocrx_word' id='word_1_51' title='bbox 645 711 892 775; x_wconf 83' lang='grc' dir='ltr'><em>παλαιὸς</em></span> <span class='ocrx_word' id='word_1_52' title='bbox 926 714 1054 781; x_wconf 88' lang='grc' dir='ltr'><em>βίος</em></span> <span class='ocrx_word' id='word_1_53' title='bbox 1089 714 1184 763; x_wconf 86' lang='grc' dir='ltr'><em>καὶ</em></span> <span class='ocrx_word' id='word_1_54' title='bbox 1219 708 1482 774; x_wconf 76' lang='grc' dir='ltr'><em>ἐνδόξους</em></span> <span class='ocrx_word' id='word_1_55' title='bbox 1519 714 1809 778; x_wconf 87' lang='grc' dir='ltr'><em>γυναῖκας,</em></span> <span class='ocrx_word' id='word_1_56' title='bbox 1853 703 2210 782; x_wconf 75' lang='grc' dir='ltr'><em>Ῥοδογούνην</em></span> <span class='ocrx_word' id='word_1_57' title='bbox 2250 710 2416 763; x_wconf 87' lang='grc' dir='ltr'><em>πολε·</em></span> <span class='ocrx_word' id='word_1_58' title='bbox 2454 724 2478 764; x_wconf 88' lang='lat'>5</span> 
     </span>
     <span class='ocr_line' id='line_1_7' title="bbox 320 794 2422 870; baseline -0.001 -20"><span class='ocrx_word' id='word_1_59' title='bbox 320 802 505 870; x_wconf 86' lang='grc' dir='ltr'><em>μικήν,</em></span> <span class='ocrx_word' id='word_1_60' title='bbox 538 799 849 867; x_wconf 83' lang='grc' dir='ltr'><em>Σεμίραμιν</em></span> <span class='ocrx_word' id='word_1_61' title='bbox 886 794 1211 868; x_wconf 83' lang='grc' dir='ltr'><em>βασιλικήν,</em></span> <span class='ocrx_word' id='word_1_62' title='bbox 1251 796 1479 867; x_wconf 82' lang='grc' dir='ltr'><em>Σαπφὼ</em></span> <span class='ocrx_word' id='word_1_63' title='bbox 1517 797 1817 866; x_wconf 83' lang='grc' dir='ltr'><em>μουσικήν,</em></span> <span class='ocrx_word' id='word_1_64' title='bbox 1862 794 2186 864; x_wconf 75' lang='grc' dir='ltr'><em>Τιμάνδραν</em></span> <span class='ocrx_word' id='word_1_65' title='bbox 2223 795 2422 867; x_wconf 86' lang='grc' dir='ltr'><em>καλήν·</em></span> 
     </span>
     <span class='ocr_line' id='line_1_8' title="bbox 324 878 2421 953; baseline -0 -18"><span class='ocrx_word' id='word_1_66' title='bbox 324 886 469 935; x_wconf 80' lang='grc' dir='ltr'><em>οὕτω</em></span> <span class='ocrx_word' id='word_1_67' title='bbox 505 885 600 935; x_wconf 86' lang='grc' dir='ltr'><em>καὶ</em></span> <span class='ocrx_word' id='word_1_68' title='bbox 636 885 694 934; x_wconf 79' lang='grc' dir='ltr'><em>ἐν</em></span> <span class='ocrx_word' id='word_1_69' title='bbox 733 885 948 951; x_wconf 86' lang='grc' dir='ltr'><em>Κύπρῳ</em></span> <span class='ocrx_word' id='word_1_70' title='bbox 988 884 1358 953; x_wconf 84' lang='grc' dir='ltr'><em>Δημώνασσα</em></span> <span class='ocrx_word' id='word_1_71' title='bbox 1396 883 1641 949; x_wconf 82' lang='grc' dir='ltr'><em>ἐγένετο,</em></span> <span class='ocrx_word' id='word_1_72' title='bbox 1692 878 1957 951; x_wconf 87' lang='grc' dir='ltr'><em>πολιτική</em></span> <span class='ocrx_word' id='word_1_73' title='bbox 2006 899 2067 932; x_wconf 91' lang='grc' dir='ltr'><em>τε</em></span> <span class='ocrx_word' id='word_1_74' title='bbox 2117 884 2261 948; x_wconf 78' lang='grc' dir='ltr'><em>ὁμοῦ</em></span> <span class='ocrx_word' id='word_1_75' title='bbox 2292 885 2421 953; x_wconf 81' lang='grc' dir='ltr'><em>γυνή</em></span> 
     </span>
    </p>

    <p class='ocr_par' dir='ltr' id='par_1_3' title="bbox 258 967 2425 1124">
     <span class='ocr_line' id='line_1_9' title="bbox 258 967 2425 1039; baseline -0.001 -19"><span class='ocrx_word' id='word_1_76' title='bbox 258 979 288 1030; x_wconf 92' lang='grc'><strong>3</strong></span> <span class='ocrx_word' id='word_1_77' title='bbox 326 971 419 1020; x_wconf 84' lang='grc' dir='ltr'><em>καὶ</em></span> <span class='ocrx_word' id='word_1_78' title='bbox 467 969 828 1039; x_wconf 76' lang='grc' dir='ltr'><em>νομοθετική.</em></span> <span class='ocrx_word' id='word_1_79' title='bbox 913 972 1064 1038; x_wconf 81' lang='grc' dir='ltr'><em>τρεῖς</em></span> <span class='ocrx_word' id='word_1_80' title='bbox 1113 968 1318 1038; x_wconf 82' lang='grc' dir='ltr'><em>ἔθηκεν</em></span> <span class='ocrx_word' id='word_1_81' title='bbox 1370 968 1507 1037; x_wconf 82' lang='grc' dir='ltr'><em>αὕτη</em></span> <span class='ocrx_word' id='word_1_82' title='bbox 1560 970 1682 1028; x_wconf 85' lang='grc' dir='ltr'><em>τοῖς</em></span> <span class='ocrx_word' id='word_1_83' title='bbox 1721 967 2008 1035; x_wconf 78' lang='grc' dir='ltr'><em>Κυπρίοις</em></span> <span class='ocrx_word' id='word_1_84' title='bbox 2046 970 2278 1033; x_wconf 88' lang='grc' dir='ltr'><em>νόμους·</em></span> <span class='ocrx_word' id='word_1_85' title='bbox 2327 970 2425 1038; x_wconf 85' lang='grc' dir='ltr'><em>τὴν</em></span> 
     </span>
     <span class='ocr_line' id='line_1_10' title="bbox 321 1053 2423 1124; baseline -0.002 -18"><span class='ocrx_word' id='word_1_86' title='bbox 321 1055 727 1122; x_wconf 74' lang='grc' dir='ltr'><em>μοιχευθεῖσαν</em></span> <span class='ocrx_word' id='word_1_87' title='bbox 777 1057 1106 1124; x_wconf 82' lang='grc' dir='ltr'><em>κειραμένην</em></span> <span class='ocrx_word' id='word_1_88' title='bbox 1145 1053 1563 1123; x_wconf 76' lang='grc' dir='ltr'><em>πορνεύεσθαι·</em></span> <span class='ocrx_word' id='word_1_89' title='bbox 1613 1053 1868 1122; x_wconf 88' lang='grc' dir='ltr'><em>θυγάτηρ</em></span> <span class='ocrx_word' id='word_1_90' title='bbox 1910 1053 2080 1123; x_wconf 77' lang='grc' dir='ltr'><em>αὐτῆς</em></span> <span class='ocrx_word' id='word_1_91' title='bbox 2117 1053 2423 1121; x_wconf 77' lang='grc' dir='ltr'><em>ἐμοιχεύθη</em></span> 
     </span>
    </p>

    <p class='ocr_par' dir='ltr' id='par_1_4' title="bbox 259 1139 2640 1466">
     <span class='ocr_line' id='line_1_11' title="bbox 259 1139 2505 1211; baseline 0 -20"><span class='ocrx_word' id='word_1_92' title='bbox 259 1155 262 1156; x_wconf 70' lang='grc'>’</span> <span class='ocrx_word' id='word_1_93' title='bbox 321 1141 415 1192; x_wconf 82' lang='grc' dir='ltr'><em>καὶ</em></span> <span class='ocrx_word' id='word_1_94' title='bbox 461 1141 559 1211; x_wconf 86' lang='grc' dir='ltr'><em>τὴν</em></span> <span class='ocrx_word' id='word_1_95' title='bbox 595 1141 771 1210; x_wconf 85' lang='grc' dir='ltr'><em>κόμην</em></span> <span class='ocrx_word' id='word_1_96' title='bbox 819 1140 1160 1208; x_wconf 79' lang='grc' dir='ltr'><em>ἀπεκείρατο</em></span> <span class='ocrx_word' id='word_1_97' title='bbox 1208 1139 1350 1189; x_wconf 82' lang='grc' dir='ltr'><em>κατὰ</em></span> <span class='ocrx_word' id='word_1_98' title='bbox 1389 1140 1486 1189; x_wconf 83' lang='grc' dir='ltr'><em>τὸν</em></span> <span class='ocrx_word' id='word_1_99' title='bbox 1538 1141 1710 1205; x_wconf 92' lang='grc' dir='ltr'><em>νόμον</em></span> <span class='ocrx_word' id='word_1_100' title='bbox 1755 1139 1849 1189; x_wconf 86' lang='grc' dir='ltr'><em>καὶ</em></span> <span class='ocrx_word' id='word_1_101' title='bbox 1897 1139 2250 1207; x_wconf 83' lang='grc' dir='ltr'><em>ἐπορνεύετο.</em></span> <span class='ocrx_word' id='word_1_102' title='bbox 2323 1139 2420 1188; x_wconf 80' lang='grc' dir='ltr'><em>τὸν</em></span> <span class='ocrx_word' id='word_1_103' title='bbox 2457 1149 2505 1192; x_wconf 88' lang='grc'><em>10</em></span> 
     </span>
     <span class='ocr_line' id='line_1_12' title="bbox 325 1222 2425 1294; baseline -0.001 -18"><span class='ocrx_word' id='word_1_104' title='bbox 325 1227 493 1276; x_wconf 80' lang='grc' dir='ltr'><em>αὑτὸν</em></span> <span class='ocrx_word' id='word_1_105' title='bbox 538 1225 948 1276; x_wconf 80' lang='grc' dir='ltr'><em>ἀποκτείναντα</em></span> <span class='ocrx_word' id='word_1_106' title='bbox 1008 1225 1232 1294; x_wconf 79' lang='grc' dir='ltr'><em>ἄταφον</em></span> <span class='ocrx_word' id='word_1_107' title='bbox 1286 1224 1633 1293; x_wconf 82' lang='grc' dir='ltr'><em>ρίπτεσθαι·</em></span> <span class='ocrx_word' id='word_1_108' title='bbox 1694 1222 1952 1293; x_wconf 89' lang='grc' dir='ltr'><em>δεύτερος</em></span> <span class='ocrx_word' id='word_1_109' title='bbox 2009 1222 2175 1284; x_wconf 77' lang='grc' dir='ltr'><em>οὗτος</em></span> <span class='ocrx_word' id='word_1_110' title='bbox 2218 1225 2425 1294; x_wconf 86' lang='grc' dir='ltr'><em>Δημω-</em></span> 
     </span>
     <span class='ocr_line' id='line_1_13' title="bbox 327 1306 2657 1380; baseline -0.002 -18"><span class='ocrx_word' id='word_1_111' title='bbox 327 1313 540 1380; x_wconf 89' lang='grc' dir='ltr'><em>νάσσης</em></span> <span class='ocrx_word' id='word_1_112' title='bbox 578 1313 779 1376; x_wconf 91' lang='grc' dir='ltr'><em>νόμος</em></span> <span class='ocrx_word' id='word_1_113' title='bbox 827 1311 1018 1379; x_wconf 84' lang='grc' dir='ltr'><em>τρίτος</em></span> <span class='ocrx_word' id='word_1_114' title='bbox 1058 1310 1202 1360; x_wconf 81' lang='grc' dir='ltr'><em>ὥστε</em></span> <span class='ocrx_word' id='word_1_115' title='bbox 1239 1311 1312 1380; x_wconf 86' lang='grc' dir='ltr'><em>μή</em></span> <span class='ocrx_word' id='word_1_116' title='bbox 1355 1310 1690 1360; x_wconf 87' lang='grc' dir='ltr'><em>ἀποκτεῖναι</em></span> <span class='ocrx_word' id='word_1_117' title='bbox 1727 1310 1862 1376; x_wconf 82' lang='grc' dir='ltr'><em>βοῦν</em></span> <span class='ocrx_word' id='word_1_118' title='bbox 1912 1310 2192 1378; x_wconf 89' lang='grc' dir='ltr'><em>ἀρότριον,</em></span> <span class='ocrx_word' id='word_1_119' title='bbox 2270 1306 2425 1360; x_wconf 89' lang='grc' dir='ltr'><em>δυοιν</em></span> <span class='ocrx_word' id='word_1_120' title='bbox 2445 1321 2657 1365; x_wconf 71' lang='lat'>(329311)</span> 
     </span>
     <span class='ocr_line' id='line_1_14' title="bbox 329 1392 2428 1466; baseline -0.001 -18"><span class='ocrx_word' id='word_1_121' title='bbox 329 1395 388 1448; x_wconf 84' lang='grc' dir='ltr'><em>δὲ</em></span> <span class='ocrx_word' id='word_1_122' title='bbox 429 1398 568 1466; x_wconf 82' lang='grc' dir='ltr'><em>αὐτῇ</em></span> <span class='ocrx_word' id='word_1_123' title='bbox 607 1393 830 1446; x_wconf 88' lang='grc' dir='ltr'><em>παίδων</em></span> <span class='ocrx_word' id='word_1_124' title='bbox 870 1396 1117 1464; x_wconf 82' lang='grc' dir='ltr'><em>ἀρρένων</em></span> <span class='ocrx_word' id='word_1_125' title='bbox 1167 1395 1367 1458; x_wconf 86' lang='grc' dir='ltr'><em>ὄντων,</em></span> <span class='ocrx_word' id='word_1_126' title='bbox 1426 1396 1456 1444; x_wconf 82' lang='grc' dir='ltr'>ὁ</span> <span class='ocrx_word' id='word_1_127' title='bbox 1505 1397 1607 1461; x_wconf 80' lang='grc' dir='ltr'><em>μὲν</em></span> <span class='ocrx_word' id='word_1_128' title='bbox 1656 1396 1756 1446; x_wconf 80' lang='grc' dir='ltr'><em>ἐπὶ</em></span> <span class='ocrx_word' id='word_1_129' title='bbox 1805 1392 1882 1462; x_wconf 76' lang='grc' dir='ltr'><em>τῷ</em></span> <span class='ocrx_word' id='word_1_130' title='bbox 1919 1395 2055 1461; x_wconf 82' lang='grc' dir='ltr'><em>βοῦν</em></span> <span class='ocrx_word' id='word_1_131' title='bbox 2094 1396 2428 1446; x_wconf 87' lang='grc' dir='ltr'><em>ἀποκτεῖναι</em></span> 
     </span>
    </p>

    <p class='ocr_par' dir='ltr' id='par_1_5' title="bbox 259 1477 2657 2061">
     <span class='ocr_line' id='line_1_15' title="bbox 259 1477 2426 1550; baseline -0.001 -16"><span class='ocrx_word' id='word_1_132' title='bbox 259 1489 291 1537; x_wconf 93' lang='grc'>4</span> <span class='ocrx_word' id='word_1_133' title='bbox 329 1483 615 1533; x_wconf 87' lang='grc' dir='ltr'><em>ἀπέθανε·</em></span> <span class='ocrx_word' id='word_1_134' title='bbox 654 1482 751 1531; x_wconf 87' lang='grc' dir='ltr'><em>τὸν</em></span> <span class='ocrx_word' id='word_1_135' title='bbox 790 1478 849 1531; x_wconf 84' lang='grc' dir='ltr'><em>δὲ</em></span> <span class='ocrx_word' id='word_1_136' title='bbox 890 1481 1057 1531; x_wconf 84' lang='grc' dir='ltr'><em>αὑτὸν</em></span> <span class='ocrx_word' id='word_1_137' title='bbox 1095 1480 1506 1531; x_wconf 83' lang='grc' dir='ltr'><em>ἀποκτείναντα</em></span> <span class='ocrx_word' id='word_1_138' title='bbox 1546 1481 1643 1530; x_wconf 83' lang='grc' dir='ltr'><em>οὐκ</em></span> <span class='ocrx_word' id='word_1_139' title='bbox 1680 1480 1922 1547; x_wconf 81' lang='grc' dir='ltr'><em>ἔθαψεν.</em></span> <span class='ocrx_word' id='word_1_140' title='bbox 1986 1484 2017 1550; x_wconf 86' lang='grc' dir='ltr'><em>ή</em></span> <span class='ocrx_word' id='word_1_141' title='bbox 2061 1477 2119 1531; x_wconf 86' lang='grc' dir='ltr'><em>δὲ</em></span> <span class='ocrx_word' id='word_1_142' title='bbox 2147 1483 2288 1542; x_wconf 90' lang='grc' dir='ltr'><em>τέως</em></span> <span class='ocrx_word' id='word_1_143' title='bbox 2324 1482 2426 1546; x_wconf 82' lang='grc' dir='ltr'><em>μὲν</em></span> 
     </span>
     <span class='ocr_line' id='line_1_16' title="bbox 326 1556 2657 1635; baseline 0 -18"><span class='ocrx_word' id='word_1_144' title='bbox 326 1569 609 1635; x_wconf 82' lang='grc' dir='ltr'><em>ἐκαρτέρει</em></span> <span class='ocrx_word' id='word_1_145' title='bbox 645 1567 739 1616; x_wconf 86' lang='grc' dir='ltr'><em>καὶ</em></span> <span class='ocrx_word' id='word_1_146' title='bbox 776 1566 957 1626; x_wconf 81' lang='grc' dir='ltr'><em>ἄπαις</em></span> <span class='ocrx_word' id='word_1_147' title='bbox 995 1565 1135 1615; x_wconf 82' lang='grc' dir='ltr'><em>οὖσα</em></span> <span class='ocrx_word' id='word_1_148' title='bbox 1173 1566 1268 1615; x_wconf 83' lang='grc' dir='ltr'><em>καὶ</em></span> <span class='ocrx_word' id='word_1_149' title='bbox 1317 1565 1740 1630; x_wconf 80' lang='grc' dir='ltr'><em>νομοθετοῦσα,</em></span> <span class='ocrx_word' id='word_1_150' title='bbox 1791 1563 1992 1616; x_wconf 82' lang='grc' dir='ltr'><em>ἰδοῦσα</em></span> <span class='ocrx_word' id='word_1_151' title='bbox 2043 1563 2101 1616; x_wconf 87' lang='grc' dir='ltr'><em>δὲ</em></span> <span class='ocrx_word' id='word_1_152' title='bbox 2150 1567 2285 1632; x_wconf 81' lang='grc' dir='ltr'><em>βοῦν</em></span> <span class='ocrx_word' id='word_1_153' title='bbox 2324 1568 2422 1617; x_wconf 78' lang='grc' dir='ltr'><em>ἐπὶ</em></span> <span class='ocrx_word' id='word_1_154' title='bbox 2462 1577 2506 1616; x_wconf 80' lang='lat'><em>15</em></span> <span class='ocrx_word' id='word_1_155' title='bbox 2643 1556 2657 1620; x_wconf 55' lang='grc' dir='ltr'><em>γ’ἶ</em></span> 
     </span>
     <span class='ocr_line' id='line_1_17' title="bbox 326 1623 2657 1725; baseline 0.001 -24"><span class='ocrx_word' id='word_1_156' title='bbox 326 1654 515 1718; x_wconf 80' lang='grc' dir='ltr'><em>μόσχῳ</em></span> <span class='ocrx_word' id='word_1_157' title='bbox 558 1648 926 1717; x_wconf 81' lang='grc' dir='ltr'><em>ἀπολλυμένῳ</em></span> <span class='ocrx_word' id='word_1_158' title='bbox 967 1654 1295 1719; x_wconf 88' lang='grc' dir='ltr'><em>μυκωμένην</em></span> <span class='ocrx_word' id='word_1_159' title='bbox 1332 1651 1429 1700; x_wconf 79' lang='grc' dir='ltr'><em>καὶ</em></span> <span class='ocrx_word' id='word_1_160' title='bbox 1463 1652 1562 1720; x_wconf 82' lang='grc' dir='ltr'><em>τὴν</em></span> <span class='ocrx_word' id='word_1_161' title='bbox 1602 1653 1804 1720; x_wconf 83' lang='grc' dir='ltr'><em>ἑαυτῆς</em></span> <span class='ocrx_word' id='word_1_162' title='bbox 1841 1652 1900 1701; x_wconf 84' lang='grc' dir='ltr'><em>ἐν</em></span> <span class='ocrx_word' id='word_1_163' title='bbox 1939 1648 2088 1718; x_wconf 84' lang='grc' dir='ltr'><em>ἄλλῳ</em></span> <span class='ocrx_word' id='word_1_164' title='bbox 2133 1653 2428 1721; x_wconf 83' lang='grc' dir='ltr'><em>συμφορὰν</em></span> <span class='ocrx_word' id='word_1_165' title='bbox 2642 1623 2657 1725; x_wconf 49' lang='lat'><em>&#39;³3</em></span> 
     </span>
     <span class='ocr_line' id='line_1_18' title="bbox 323 1731 2653 1805; baseline -0.002 -18"><span class='ocrx_word' id='word_1_166' title='bbox 323 1737 676 1804; x_wconf 81' lang='grc' dir='ltr'><em>γνωρίσασα,</em></span> <span class='ocrx_word' id='word_1_167' title='bbox 725 1731 941 1804; x_wconf 82' lang='grc' dir='ltr'><em>τήξασα</em></span> <span class='ocrx_word' id='word_1_168' title='bbox 975 1731 1180 1799; x_wconf 83' lang='grc' dir='ltr'><em>χαλκὸν</em></span> <span class='ocrx_word' id='word_1_169' title='bbox 1218 1735 1301 1795; x_wconf 80' lang='grc' dir='ltr'><em>εἰς</em></span> <span class='ocrx_word' id='word_1_170' title='bbox 1339 1735 1507 1785; x_wconf 81' lang='grc' dir='ltr'><em>αὐτὸν</em></span> <span class='ocrx_word' id='word_1_171' title='bbox 1546 1732 1736 1804; x_wconf 83' lang='grc' dir='ltr'><em>ἥλατο.</em></span> <span class='ocrx_word' id='word_1_172' title='bbox 1829 1737 1923 1785; x_wconf 82' lang='grc' dir='ltr'><em>καὶ</em></span> <span class='ocrx_word' id='word_1_173' title='bbox 1959 1732 2024 1804; x_wconf 81' lang='grc' dir='ltr'><em>ἦν</em></span> <span class='ocrx_word' id='word_1_174' title='bbox 2063 1738 2184 1786; x_wconf 79' lang='grc' dir='ltr'><em>ἐκεῖ</em></span> <span class='ocrx_word' id='word_1_175' title='bbox 2214 1739 2426 1805; x_wconf 84' lang='grc' dir='ltr'><em>πύργος</em></span> <span class='ocrx_word' id='word_1_176' title='bbox 2445 1748 2524 1789; x_wconf 82' lang='lat'>(593</span> <span class='ocrx_word' id='word_1_177' title='bbox 2547 1748 2599 1790; x_wconf 82' lang='grc' dir='ltr'><em>Μ)</em></span> <span class='ocrx_word' id='word_1_178' title='bbox 2639 1762 2653 1776; x_wconf 85' lang='lat'><em>.-</em></span> 
     </span>
     <span class='ocr_line' id='line_1_19' title="bbox 326 1817 2430 1891; baseline 0 -20"><span class='ocrx_word' id='word_1_179' title='bbox 326 1822 558 1890; x_wconf 83' lang='grc' dir='ltr'><em>ἀρχαῖος</em></span> <span class='ocrx_word' id='word_1_180' title='bbox 596 1818 900 1888; x_wconf 85' lang='grc' dir='ltr'><em>ἀνδριάντα</em></span> <span class='ocrx_word' id='word_1_181' title='bbox 922 1817 1157 1884; x_wconf 80' lang='grc' dir='ltr'><em>χάλκεον</em></span> <span class='ocrx_word' id='word_1_182' title='bbox 1191 1821 1347 1884; x_wconf 85' lang='grc' dir='ltr'><em>ἔχων,</em></span> <span class='ocrx_word' id='word_1_183' title='bbox 1382 1817 1569 1886; x_wconf 73' lang='grc' dir='ltr'><em>χαλκῷ</em></span> <span class='ocrx_word' id='word_1_184' title='bbox 1597 1821 1926 1889; x_wconf 82' lang='grc' dir='ltr'><em>ἐντετηκότα</em></span> <span class='ocrx_word' id='word_1_185' title='bbox 1952 1822 2046 1871; x_wconf 83' lang='grc' dir='ltr'><em>καὶ</em></span> <span class='ocrx_word' id='word_1_186' title='bbox 2071 1823 2217 1890; x_wconf 88' lang='grc' dir='ltr'><em>πρὸς</em></span> <span class='ocrx_word' id='word_1_187' title='bbox 2243 1823 2430 1891; x_wconf 83' lang='grc' dir='ltr'><em>ἀσφά-</em></span> 
     </span>
     <span class='ocr_line' id='line_1_20' title="bbox 329 1903 2426 1977; baseline -0 -20"><span class='ocrx_word' id='word_1_188' title='bbox 329 1905 482 1957; x_wconf 90' lang='grc' dir='ltr'><em>λειαν</em></span> <span class='ocrx_word' id='word_1_189' title='bbox 519 1912 623 1956; x_wconf 83' lang='grc' dir='ltr'><em>τοῦ</em></span> <span class='ocrx_word' id='word_1_190' title='bbox 660 1903 965 1975; x_wconf 83' lang='grc' dir='ltr'><em>ἱδρύματος</em></span> <span class='ocrx_word' id='word_1_191' title='bbox 1001 1907 1095 1956; x_wconf 80' lang='grc' dir='ltr'><em>καὶ</em></span> <span class='ocrx_word' id='word_1_192' title='bbox 1133 1906 1279 1972; x_wconf 82' lang='grc' dir='ltr'><em>πρὸς</em></span> <span class='ocrx_word' id='word_1_193' title='bbox 1315 1906 1540 1975; x_wconf 88' lang='grc' dir='ltr'><em>μίμημα</em></span> <span class='ocrx_word' id='word_1_194' title='bbox 1579 1911 1683 1956; x_wconf 80' lang='grc' dir='ltr'><em>τοῦ</em></span> <span class='ocrx_word' id='word_1_195' title='bbox 1720 1903 2088 1975; x_wconf 85' lang='grc' dir='ltr'><em>διηγήματος·</em></span> <span class='ocrx_word' id='word_1_196' title='bbox 2138 1907 2426 1977; x_wconf 80' lang='grc' dir='ltr'><em>ἐπιγραφή</em></span> 
     </span>
     <span class='ocr_line' id='line_1_21' title="bbox 328 1987 2512 2061; baseline -0.001 -18"><span class='ocrx_word' id='word_1_197' title='bbox 328 1991 386 2043; x_wconf 80' lang='grc' dir='ltr'><em>δὲ</em></span> <span class='ocrx_word' id='word_1_198' title='bbox 426 1993 527 2042; x_wconf 82' lang='grc' dir='ltr'><em>ἐπί</em></span> <span class='ocrx_word' id='word_1_199' title='bbox 562 2008 717 2053; x_wconf 91' lang='grc' dir='ltr'><em>τινος</em></span> <span class='ocrx_word' id='word_1_200' title='bbox 758 1988 962 2061; x_wconf 88' lang='grc' dir='ltr'><em>στήλης</em></span> <span class='ocrx_word' id='word_1_201' title='bbox 1000 1987 1271 2060; x_wconf 88' lang='grc' dir='ltr'><em>πλησίον,</em></span> <span class='ocrx_word' id='word_1_202' title='bbox 2465 2000 2512 2040; x_wconf 85' lang='grc'><em>20</em></span> 
     </span>
    </p>

    <p class='ocr_par' dir='ltr' id='par_1_6' title="bbox 672 2068 1991 2147">
     <span class='ocr_line' id='line_1_22' title="bbox 672 2068 1991 2147; baseline -0.001 -20"><span class='ocrx_word' id='word_1_203' title='bbox 672 2073 821 2147; x_wconf 86' lang='grc' dir='ltr'><em>σοφὴ</em></span> <span class='ocrx_word' id='word_1_204' title='bbox 860 2078 962 2142; x_wconf 80' lang='grc' dir='ltr'><em>μὲν</em></span> <span class='ocrx_word' id='word_1_205' title='bbox 1000 2077 1172 2146; x_wconf 80' lang='grc' dir='ltr'><em>ἤμην,</em></span> <span class='ocrx_word' id='word_1_206' title='bbox 1214 2073 1356 2125; x_wconf 81' lang='grc' dir='ltr'><em>ἀλλὰ</em></span> <span class='ocrx_word' id='word_1_207' title='bbox 1396 2068 1567 2126; x_wconf 78' lang='grc' dir='ltr'><em>πάντ’</em></span> <span class='ocrx_word' id='word_1_208' title='bbox 1614 2076 1711 2126; x_wconf 82' lang='grc' dir='ltr'><em>οὐκ</em></span> <span class='ocrx_word' id='word_1_209' title='bbox 1750 2076 1991 2145; x_wconf 84' lang='grc' dir='ltr'><em>εὐτυχής.</em></span> 
     </span>
    </p>

    <p class='ocr_par' dir='ltr' id='par_1_7' title="bbox 263 2158 2432 2402">
     <span class='ocr_line' id='line_1_23' title="bbox 263 2158 2432 2232; baseline 0 -20"><span class='ocrx_word' id='word_1_210' title='bbox 263 2169 294 2217; x_wconf 84' lang='grc'>5</span> <span class='ocrx_word' id='word_1_211' title='bbox 479 2165 615 2232; x_wconf 85' lang='grc' dir='ltr'><em>φέρε</em></span> <span class='ocrx_word' id='word_1_212' title='bbox 666 2162 761 2212; x_wconf 77' lang='grc' dir='ltr'><em>οὖν</em></span> <span class='ocrx_word' id='word_1_213' title='bbox 798 2158 871 2230; x_wconf 88' lang='grc' dir='ltr'><em>μὴ</em></span> <span class='ocrx_word' id='word_1_214' title='bbox 923 2162 1131 2231; x_wconf 81' lang='grc' dir='ltr'><em>ἐρήμην</em></span> <span class='ocrx_word' id='word_1_215' title='bbox 1169 2164 1201 2231; x_wconf 88' lang='grc' dir='ltr'><em>ή</em></span> <span class='ocrx_word' id='word_1_216' title='bbox 1242 2162 1373 2230; x_wconf 89' lang='grc' dir='ltr'><em>τύχη</em></span> <span class='ocrx_word' id='word_1_217' title='bbox 1416 2158 1744 2211; x_wconf 78' lang='grc' dir='ltr'><em>ἁλισκέσθω</em></span> <span class='ocrx_word' id='word_1_218' title='bbox 1793 2159 1934 2231; x_wconf 80' lang='grc' dir='ltr'><em>μηδὲ</em></span> <span class='ocrx_word' id='word_1_219' title='bbox 1977 2162 2297 2232; x_wconf 80' lang='grc' dir='ltr'><em>φοβώμεθα</em></span> <span class='ocrx_word' id='word_1_220' title='bbox 2337 2164 2432 2212; x_wconf 81' lang='grc' dir='ltr'><em>τὸν</em></span> 
     </span>
     <span class='ocr_line' id='line_1_24' title="bbox 330 2245 2432 2317; baseline 0 -19"><span class='ocrx_word' id='word_1_221' title='bbox 330 2254 441 2298; x_wconf 85' lang='grc' dir='ltr'><em>τῶν</em></span> <span class='ocrx_word' id='word_1_222' title='bbox 478 2249 934 2317; x_wconf 86' lang='grc' dir='ltr'><em>κατηγορούντων</em></span> <span class='ocrx_word' id='word_1_223' title='bbox 972 2246 1240 2315; x_wconf 88' lang='grc' dir='ltr'><em>θόρυβον.</em></span> <span class='ocrx_word' id='word_1_224' title='bbox 1318 2245 1457 2307; x_wconf 85' lang='grc' dir='ltr'><em>ἴσως</em></span> <span class='ocrx_word' id='word_1_225' title='bbox 1494 2246 1598 2315; x_wconf 85' lang='grc' dir='ltr'><em>γὰρ</em></span> <span class='ocrx_word' id='word_1_226' title='bbox 1627 2247 1694 2296; x_wconf 83' lang='grc' dir='ltr'><em>ἄν</em></span> <span class='ocrx_word' id='word_1_227' title='bbox 1721 2263 1777 2296; x_wconf 91' lang='grc' dir='ltr'><em>τι</em></span> <span class='ocrx_word' id='word_1_228' title='bbox 1802 2249 1934 2316; x_wconf 87' lang='grc' dir='ltr'><em>ήμῖν</em></span> <span class='ocrx_word' id='word_1_229' title='bbox 1963 2248 2107 2315; x_wconf 84' lang='grc' dir='ltr'><em>πρὸς</em></span> <span class='ocrx_word' id='word_1_230' title='bbox 2145 2249 2208 2297; x_wconf 85' lang='grc' dir='ltr'><em>τὸ</em></span> <span class='ocrx_word' id='word_1_231' title='bbox 2249 2249 2432 2298; x_wconf 79' lang='grc' dir='ltr'><em>εἰπεῖν</em></span> 
     </span>
     <span class='ocr_line' id='line_1_25' title="bbox 331 2328 1188 2402; baseline -0.004 -18"><span class='ocrx_word' id='word_1_232' title='bbox 331 2333 395 2384; x_wconf 84' lang='grc' dir='ltr'><em>εὖ</em></span> <span class='ocrx_word' id='word_1_233' title='bbox 427 2334 521 2384; x_wconf 82' lang='grc' dir='ltr'><em>καὶ</em></span> <span class='ocrx_word' id='word_1_234' title='bbox 559 2330 696 2402; x_wconf 79' lang='grc' dir='ltr'><em>αὐτὴ</em></span> <span class='ocrx_word' id='word_1_235' title='bbox 738 2330 1009 2399; x_wconf 82' lang='grc' dir='ltr'><em>συλλάβοι</em></span> <span class='ocrx_word' id='word_1_236' title='bbox 1045 2328 1072 2359; x_wconf 78' lang='lat'><em>’⁸‘</em></span> <span class='ocrx_word' id='word_1_237' title='bbox 1097 2328 1124 2359; x_wconf 86' lang='lat'>*</span> <span class='ocrx_word' id='word_1_238' title='bbox 1148 2329 1188 2381; x_wconf 85' lang='lat'><em>*.</em></span> 
     </span>
    </p>

    <p class='ocr_par' dir='ltr' id='par_1_8' title="bbox 331 2411 2512 2744">
     <span class='ocr_line' id='line_1_26' title="bbox 474 2411 2512 2487; baseline -0 -18"><span class='ocrx_word' id='word_1_239' title='bbox 474 2416 733 2470; x_wconf 82' lang='grc' dir='ltr'><em>δοκοῦσιν</em></span> <span class='ocrx_word' id='word_1_240' title='bbox 773 2420 829 2469; x_wconf 84' lang='grc' dir='ltr'><em>οἱ</em></span> <span class='ocrx_word' id='word_1_241' title='bbox 865 2422 1113 2483; x_wconf 87' lang='grc' dir='ltr'><em>τεχνῖται</em></span> <span class='ocrx_word' id='word_1_242' title='bbox 1150 2411 1416 2486; x_wconf 83' lang='grc' dir='ltr'><em>[πρῶτον]</em></span> <span class='ocrx_word' id='word_1_243' title='bbox 1454 2415 1535 2484; x_wconf 75' lang='grc' dir='ltr'><em>τῷ</em></span> <span class='ocrx_word' id='word_1_244' title='bbox 1572 2418 1766 2485; x_wconf 85' lang='grc' dir='ltr'><em>τρόπῳ</em></span> <span class='ocrx_word' id='word_1_245' title='bbox 1807 2423 1906 2487; x_wconf 85' lang='grc' dir='ltr'><em>τῆς</em></span> <span class='ocrx_word' id='word_1_246' title='bbox 1950 2423 2293 2487; x_wconf 84' lang='grc' dir='ltr'><em>κατασκευῆς</em></span> <span class='ocrx_word' id='word_1_247' title='bbox 2330 2414 2427 2485; x_wconf 68' lang='grc' dir='ltr'><em>τὴν</em></span> <span class='ocrx_word' id='word_1_248' title='bbox 2465 2427 2512 2468; x_wconf 83' lang='lat'><em>25</em></span> 
     </span>
     <span class='ocr_line' id='line_1_27' title="bbox 334 2501 2432 2575; baseline -0.001 -20"><span class='ocrx_word' id='word_1_249' title='bbox 334 2502 569 2570; x_wconf 89' lang='grc' dir='ltr'><em>δύναμιν</em></span> <span class='ocrx_word' id='word_1_250' title='bbox 623 2505 792 2575; x_wconf 82' lang='grc' dir='ltr'><em>αὐτῆς</em></span> <span class='ocrx_word' id='word_1_251' title='bbox 853 2501 1242 2573; x_wconf 87' lang='grc' dir='ltr'><em>δεδηλωκέναι.</em></span> <span class='ocrx_word' id='word_1_252' title='bbox 1341 2508 1570 2571; x_wconf 82' lang='grc' dir='ltr'><em>πρῶτον</em></span> <span class='ocrx_word' id='word_1_253' title='bbox 1628 2503 1730 2567; x_wconf 78' lang='grc' dir='ltr'><em>μὲν</em></span> <span class='ocrx_word' id='word_1_254' title='bbox 1789 2501 1891 2570; x_wconf 82' lang='grc' dir='ltr'><em>γὰρ</em></span> <span class='ocrx_word' id='word_1_255' title='bbox 1953 2503 2179 2571; x_wconf 83' lang='grc' dir='ltr'><em>ἕστηκεν</em></span> <span class='ocrx_word' id='word_1_256' title='bbox 2238 2504 2432 2572; x_wconf 79' lang='grc' dir='ltr'><em>ἑτοίμη</em></span> 
     </span>
     <span class='ocr_line' id='line_1_28' title="bbox 331 2584 2431 2659; baseline -0 -19"><span class='ocrx_word' id='word_1_257' title='bbox 331 2592 476 2658; x_wconf 84' lang='grc' dir='ltr'><em>πρὸς</em></span> <span class='ocrx_word' id='word_1_258' title='bbox 526 2590 595 2640; x_wconf 84' lang='grc' dir='ltr'><em>τὰ</em></span> <span class='ocrx_word' id='word_1_259' title='bbox 645 2590 803 2659; x_wconf 84' lang='grc' dir='ltr'><em>ἔργα,</em></span> <span class='ocrx_word' id='word_1_260' title='bbox 863 2589 984 2641; x_wconf 87' lang='grc' dir='ltr'><em>εἶτα</em></span> <span class='ocrx_word' id='word_1_261' title='bbox 1034 2595 1102 2658; x_wconf 84' lang='grc' dir='ltr'><em>τῇ</em></span> <span class='ocrx_word' id='word_1_262' title='bbox 1150 2590 1254 2654; x_wconf 84' lang='grc' dir='ltr'><em>μὲν</em></span> <span class='ocrx_word' id='word_1_263' title='bbox 1303 2585 1460 2656; x_wconf 78' lang='grc' dir='ltr'><em>δεξιᾷ</em></span> <span class='ocrx_word' id='word_1_264' title='bbox 1506 2588 1653 2656; x_wconf 80' lang='grc' dir='ltr'><em>χειρὶ</em></span> <span class='ocrx_word' id='word_1_265' title='bbox 1700 2584 1981 2656; x_wconf 88' lang='grc' dir='ltr'><em>πηδάλιον</em></span> <span class='ocrx_word' id='word_1_266' title='bbox 2028 2591 2273 2653; x_wconf 88' lang='grc' dir='ltr'><em>κατέχει,</em></span> <span class='ocrx_word' id='word_1_267' title='bbox 2321 2591 2431 2651; x_wconf 91' lang='grc' dir='ltr'><em>καί,</em></span> 
     </span>
     <span class='ocr_line' id='line_1_29' title="bbox 333 2671 2432 2744; baseline 0 -20"><span class='ocrx_word' id='word_1_268' title='bbox 333 2676 410 2736; x_wconf 87' lang='grc' dir='ltr'><em>ὡς</em></span> <span class='ocrx_word' id='word_1_269' title='bbox 444 2672 574 2742; x_wconf 86' lang='grc' dir='ltr'><em>&lt;ἂν&gt;</em></span> <span class='ocrx_word' id='word_1_270' title='bbox 612 2673 773 2727; x_wconf 83' lang='grc' dir='ltr'><em>εἴποι</em></span> <span class='ocrx_word' id='word_1_271' title='bbox 819 2693 932 2738; x_wconf 87' lang='grc' dir='ltr'><em>τις,</em></span> <span class='ocrx_word' id='word_1_272' title='bbox 984 2671 1355 2726; x_wconf 86' lang='grc' dir='ltr'><em>ναυτίλλεται.</em></span> <span class='ocrx_word' id='word_1_273' title='bbox 1453 2676 1511 2725; x_wconf 90' lang='grc' dir='ltr'><em>τί</em></span> <span class='ocrx_word' id='word_1_274' title='bbox 1560 2672 1619 2724; x_wconf 85' lang='grc' dir='ltr'><em>δὲ</em></span> <span class='ocrx_word' id='word_1_275' title='bbox 1671 2675 1781 2743; x_wconf 83' lang='grc' dir='ltr'><em>ἄρα</em></span> <span class='ocrx_word' id='word_1_276' title='bbox 1832 2679 1996 2724; x_wconf 81' lang='grc' dir='ltr'><em>τοῦτο</em></span> <span class='ocrx_word' id='word_1_277' title='bbox 2047 2671 2143 2743; x_wconf 66' lang='grc' dir='ltr'><em>ἦν,</em></span> <span class='ocrx_word' id='word_1_278' title='bbox 2191 2677 2432 2744; x_wconf 90' lang='grc' dir='ltr'><em>πότερον</em></span> 
     </span>
    </p>
   </div>
   <div class='ocr_carea' id='block_1_3' title="bbox 2582 0 2684 4140">
    <p class='ocr_par' dir='ltr' id='par_1_9' title="bbox 2582 0 2684 4140">
     <span class='ocr_line' id='line_1_30' title="bbox 2582 0 2684 4140; baseline 0 0"><span class='ocrx_word' id='word_1_279' title='bbox 2582 0 2684 4140; x_wconf 95' lang='lat' dir='ltr'><em> </em></span> 
     </span>
    </p>
   </div>
   <div class='ocr_carea' id='block_1_4' title="bbox 335 2852 2438 3766">
    <p class='ocr_par' dir='ltr' id='par_1_10' title="bbox 477 2852 2349 2917">
     <span class='ocr_line' id='line_1_31' title="bbox 477 2852 2349 2917; baseline -0.001 -16"><span class='ocrx_word' id='word_1_280' title='bbox 477 2860 501 2901; x_wconf 86' lang='grc'><strong>2</strong></span> <span class='ocrx_word' id='word_1_281' title='bbox 532 2857 862 2917; x_wconf 81' lang='grc' dir='ltr'><em>προφέρουσιν</em></span> <span class='ocrx_word' id='word_1_282' title='bbox 893 2856 931 2901; x_wconf 94' lang='lat' dir='ltr'><strong>U</strong></span> <span class='ocrx_word' id='word_1_283' title='bbox 963 2856 1322 2917; x_wconf 82' lang='grc' dir='ltr'><em>προσφέρουσιν</em></span> <span class='ocrx_word' id='word_1_284' title='bbox 1352 2855 1480 2901; x_wconf 84' lang='lat' dir='ltr'><em>PUM</em></span> <span class='ocrx_word' id='word_1_285' title='bbox 1512 2854 1843 2914; x_wconf 83' lang='grc' dir='ltr'><em>προσφέρουσι</em></span> <span class='ocrx_word' id='word_1_286' title='bbox 1874 2854 1910 2897; x_wconf 90' lang='grc' dir='ltr'>Β</span> <span class='ocrx_word' id='word_1_287' title='bbox 2075 2854 2102 2902; x_wconf 88' lang='grc' dir='ltr'><em>ό</em></span> <span class='ocrx_word' id='word_1_288' title='bbox 2133 2852 2281 2913; x_wconf 80' lang='grc' dir='ltr'><em>μὴδας</em></span> <span class='ocrx_word' id='word_1_289' title='bbox 2312 2857 2349 2900; x_wconf 90' lang='grc' dir='ltr'><em>Β</em></span> 
     </span>
    </p>

    <p class='ocr_par' dir='ltr' id='par_1_11' title="bbox 335 2918 2431 3057">
     <span class='ocr_line' id='line_1_32' title="bbox 335 2918 2431 2985; baseline -0 -14"><span class='ocrx_word' id='word_1_290' title='bbox 335 2932 359 2971; x_wconf 87' lang='lat'><strong>3</strong></span> <span class='ocrx_word' id='word_1_291' title='bbox 394 2919 470 2973; x_wconf 75' lang='grc' dir='ltr'><em>ὅτι</em></span> <span class='ocrx_word' id='word_1_292' title='bbox 499 2928 549 2973; x_wconf 89' lang='lat' dir='ltr'>M</span> <span class='ocrx_word' id='word_1_293' title='bbox 582 2921 703 2975; x_wconf 76' lang='grc' dir='ltr'><em>ὅταν</em></span> <span class='ocrx_word' id='word_1_294' title='bbox 733 2928 852 2972; x_wconf 86' lang='grc' dir='ltr'><em>ΡΗΒ</em></span> <span class='ocrx_word' id='word_1_295' title='bbox 885 2919 968 2974; x_wconf 76' lang='grc' dir='ltr'><em>ὅτε</em></span> <span class='ocrx_word' id='word_1_296' title='bbox 998 2932 1039 2981; x_wconf 84' lang='grc' dir='ltr'><em>(ε</em></span> <span class='ocrx_word' id='word_1_297' title='bbox 1070 2941 1099 2972; x_wconf 78' lang='lat' dir='ltr'><em>a.</em></span> <span class='ocrx_word' id='word_1_298' title='bbox 1130 2932 1264 2983; x_wconf 85' lang='lat' dir='ltr'><strong>corr.)</strong></span> <span class='ocrx_word' id='word_1_299' title='bbox 1294 2927 1334 2973; x_wconf 91' lang='lat' dir='ltr'><strong>U</strong></span> <span class='ocrx_word' id='word_1_300' title='bbox 1428 2919 1503 2974; x_wconf 75' lang='grc' dir='ltr'><em>ὅτι</em></span> <span class='ocrx_word' id='word_1_301' title='bbox 1532 2927 1582 2971; x_wconf 90' lang='grc' dir='ltr'><strong>Μ</strong></span> <span class='ocrx_word' id='word_1_302' title='bbox 1615 2918 1700 2973; x_wconf 74' lang='grc' dir='ltr'><em>ὅτε</em></span> <span class='ocrx_word' id='word_1_303' title='bbox 1729 2926 1869 2970; x_wconf 86' lang='lat' dir='ltr'>ceteri</span> <span class='ocrx_word' id='word_1_304' title='bbox 1962 2930 1990 2970; x_wconf 85' lang='lat'>4</span> <span class='ocrx_word' id='word_1_305' title='bbox 2018 2922 2259 2985; x_wconf 72' lang='grc' dir='ltr'><em>βούλεσθε</em></span> <span class='ocrx_word' id='word_1_306' title='bbox 2288 2931 2329 2977; x_wconf 81' lang='grc' dir='ltr'><em>(ε</em></span> <span class='ocrx_word' id='word_1_307' title='bbox 2357 2928 2431 2972; x_wconf 89' lang='lat' dir='ltr'><em>fin.</em></span> 
     </span>
     <span class='ocr_line' id='line_1_33' title="bbox 336 2993 2318 3057; baseline -0.002 -11"><span class='ocrx_word' id='word_1_308' title='bbox 336 3010 363 3041; x_wconf 79' lang='lat' dir='ltr'>a</span> <span class='ocrx_word' id='word_1_309' title='bbox 395 3003 525 3048; x_wconf 81' lang='lat' dir='ltr'>corr.)</span> <span class='ocrx_word' id='word_1_310' title='bbox 554 2999 597 3045; x_wconf 90' lang='lat' dir='ltr'>U</span> <span class='ocrx_word' id='word_1_311' title='bbox 721 3003 748 3042; x_wconf 78' lang='grc'><strong>6</strong></span> <span class='ocrx_word' id='word_1_312' title='bbox 777 3000 1035 3057; x_wconf 81' lang='grc' dir='ltr'><em>σεμίραμιν</em></span> <span class='ocrx_word' id='word_1_313' title='bbox 1065 3025 1115 3031; x_wconf 87' lang='lat'>-</span> <span class='ocrx_word' id='word_1_314' title='bbox 1148 2994 1380 3057; x_wconf 83' lang='grc' dir='ltr'><em>μουσικὴν</em></span> <span class='ocrx_word' id='word_1_315' title='bbox 1408 2998 1453 3042; x_wconf 86' lang='lat' dir='ltr'><em>in</em></span> <span class='ocrx_word' id='word_1_316' title='bbox 1484 3011 1596 3053; x_wconf 87' lang='lat' dir='ltr'><strong>mrg.</strong></span> <span class='ocrx_word' id='word_1_317' title='bbox 1628 2997 1775 3054; x_wconf 85' lang='lat' dir='ltr'>suppl.</span> <span class='ocrx_word' id='word_1_318' title='bbox 1809 2997 1851 3040; x_wconf 89' lang='grc' dir='ltr'>Η</span> <span class='ocrx_word' id='word_1_319' title='bbox 1993 2993 2255 3057; x_wconf 76' lang='grc' dir='ltr'><em>βασιληκὴν</em></span> <span class='ocrx_word' id='word_1_320' title='bbox 2283 2998 2318 3042; x_wconf 86' lang='grc' dir='ltr'>Ρ</span> 
     </span>
    </p>

    <p class='ocr_par' dir='ltr' id='par_1_12' title="bbox 335 3063 2436 3272">
     <span class='ocr_line' id='line_1_34' title="bbox 336 3063 2431 3129; baseline -0 -14"><span class='ocrx_word' id='word_1_321' title='bbox 336 3072 359 3111; x_wconf 85' lang='lat'><strong>7</strong></span> <span class='ocrx_word' id='word_1_322' title='bbox 392 3063 668 3128; x_wconf 82' lang='grc' dir='ltr'><em>δημόνασσα</em></span> <span class='ocrx_word' id='word_1_323' title='bbox 700 3070 781 3115; x_wconf 88' lang='lat' dir='ltr'><em>UB</em></span> <span class='ocrx_word' id='word_1_324' title='bbox 927 3073 951 3115; x_wconf 89' lang='grc'>8</span> <span class='ocrx_word' id='word_1_325' title='bbox 984 3065 1099 3129; x_wconf 76' lang='grc' dir='ltr'><em>αὐτὴ</em></span> <span class='ocrx_word' id='word_1_326' title='bbox 1132 3070 1263 3114; x_wconf 86' lang='grc' dir='ltr'><em>ΡΗΜ</em></span> <span class='ocrx_word' id='word_1_327' title='bbox 1423 3074 1448 3114; x_wconf 88' lang='grc'>9</span> <span class='ocrx_word' id='word_1_328' title='bbox 1478 3067 1762 3128; x_wconf 82' lang='grc' dir='ltr'><em>κειρομένην</em></span> <span class='ocrx_word' id='word_1_329' title='bbox 1792 3067 1882 3113; x_wconf 89' lang='lat' dir='ltr'><em>UM</em></span> <span class='ocrx_word' id='word_1_330' title='bbox 1911 3068 2200 3127; x_wconf 82' lang='grc' dir='ltr'><em>καιρομένην</em></span> <span class='ocrx_word' id='word_1_331' title='bbox 2230 3069 2265 3112; x_wconf 88' lang='grc' dir='ltr'>Ρ</span> <span class='ocrx_word' id='word_1_332' title='bbox 2295 3074 2431 3121; x_wconf 89' lang='lat' dir='ltr'>(com-</span> 
     </span>
     <span class='ocr_line' id='line_1_35' title="bbox 335 3132 2436 3201; baseline 0.002 -19"><span class='ocrx_word' id='word_1_333' title='bbox 335 3139 513 3194; x_wconf 87' lang='lat' dir='ltr'>pendio)</span> <span class='ocrx_word' id='word_1_334' title='bbox 628 3141 1011 3201; x_wconf 80' lang='grc' dir='ltr'><em>πορνέβευεσθαι</em></span> <span class='ocrx_word' id='word_1_335' title='bbox 1042 3142 1162 3196; x_wconf 69' lang='lat' dir='ltr'><strong>(sicl)</strong></span> <span class='ocrx_word' id='word_1_336' title='bbox 1193 3141 1228 3185; x_wconf 90' lang='lat' dir='ltr'>P</span> <span class='ocrx_word' id='word_1_337' title='bbox 1348 3135 1507 3194; x_wconf 78' lang='grc' dir='ltr'><em>αὐτοῖς</em></span> <span class='ocrx_word' id='word_1_338' title='bbox 1538 3139 1576 3184; x_wconf 95' lang='lat' dir='ltr'>U</span> <span class='ocrx_word' id='word_1_339' title='bbox 1726 3144 1770 3183; x_wconf 86' lang='lat'><em>11</em></span> <span class='ocrx_word' id='word_1_340' title='bbox 1807 3132 1956 3185; x_wconf 73' lang='grc' dir='ltr'><em>αὐτὸν</em></span> <span class='ocrx_word' id='word_1_341' title='bbox 1986 3138 2021 3181; x_wconf 88' lang='grc' dir='ltr'><strong>Ρ</strong></span> <span class='ocrx_word' id='word_1_342' title='bbox 2138 3139 2436 3199; x_wconf 82' lang='grc' dir='ltr'><em>ὃημονάσσης</em></span> 
     </span>
     <span class='ocr_line' id='line_1_36' title="bbox 336 3204 2320 3272; baseline 0.001 -18"><span class='ocrx_word' id='word_1_343' title='bbox 336 3208 454 3252; x_wconf 88' lang='lat' dir='ltr'><em>UBP</em></span> <span class='ocrx_word' id='word_1_344' title='bbox 629 3214 680 3254; x_wconf 91' lang='lat'><em>12</em></span> <span class='ocrx_word' id='word_1_345' title='bbox 710 3214 879 3271; x_wconf 84' lang='grc' dir='ltr'><em>τρίτον</em></span> <span class='ocrx_word' id='word_1_346' title='bbox 908 3213 943 3256; x_wconf 89' lang='grc' dir='ltr'><strong>Ρ</strong></span> <span class='ocrx_word' id='word_1_347' title='bbox 974 3227 1031 3256; x_wconf 90' lang='lat' dir='ltr'><em>m.</em></span> <span class='ocrx_word' id='word_1_348' title='bbox 1060 3226 1129 3269; x_wconf 87' lang='lat' dir='ltr'><em>pr.</em></span> <span class='ocrx_word' id='word_1_349' title='bbox 1275 3207 1459 3272; x_wconf 77' lang='grc' dir='ltr'><em>ἀρότην</em></span> <span class='ocrx_word' id='word_1_350' title='bbox 1489 3210 1612 3256; x_wconf 91' lang='lat' dir='ltr'><em>PHU</em></span> <span class='ocrx_word' id='word_1_351' title='bbox 1652 3223 1680 3255; x_wconf 80' lang='lat' dir='ltr'><strong>a</strong></span> <span class='ocrx_word' id='word_1_352' title='bbox 1711 3223 1827 3256; x_wconf 78' lang='lat' dir='ltr'><strong>corr.</strong></span> <span class='ocrx_word' id='word_1_353' title='bbox 1860 3214 1945 3266; x_wconf 88' lang='lat' dir='ltr'><strong>(pr.</strong></span> <span class='ocrx_word' id='word_1_354' title='bbox 1977 3223 2036 3253; x_wconf 90' lang='lat' dir='ltr'><em>m.</em></span> <span class='ocrx_word' id='word_1_355' title='bbox 2069 3204 2320 3271; x_wconf 77' lang='grc' dir='ltr'><em>ἀρότριον)</em></span> 
     </span>
    </p>

    <p class='ocr_par' dir='ltr' id='par_1_13' title="bbox 338 3273 2438 3766">
     <span class='ocr_line' id='line_1_37' title="bbox 340 3273 2433 3343; baseline 0.002 -21"><span class='ocrx_word' id='word_1_356' title='bbox 340 3282 395 3322; x_wconf 85' lang='grc'><em>14</em></span> <span class='ocrx_word' id='word_1_357' title='bbox 425 3273 573 3325; x_wconf 72' lang='grc' dir='ltr'><em>αὐτὸν</em></span> <span class='ocrx_word' id='word_1_358' title='bbox 602 3281 651 3325; x_wconf 87' lang='grc' dir='ltr'><strong>Μ</strong></span> <span class='ocrx_word' id='word_1_359' title='bbox 681 3279 853 3329; x_wconf 73' lang='grc' dir='ltr'><em>ἑαυτὸν</em></span> <span class='ocrx_word' id='word_1_360' title='bbox 883 3283 963 3328; x_wconf 86' lang='grc' dir='ltr'><em>ΡΗ</em></span> <span class='ocrx_word' id='word_1_361' title='bbox 1078 3280 1274 3343; x_wconf 71' lang='grc' dir='ltr'><em>ἔθαψαν</em></span> <span class='ocrx_word' id='word_1_362' title='bbox 1293 3283 1374 3327; x_wconf 83' lang='grc' dir='ltr'><em>ΡΗ</em></span> <span class='ocrx_word' id='word_1_363' title='bbox 1465 3287 1515 3327; x_wconf 85' lang='grc'><em>15</em></span> <span class='ocrx_word' id='word_1_364' title='bbox 1547 3282 1761 3327; x_wconf 81' lang='lat' dir='ltr'><strong>fortasse:</strong></span> <span class='ocrx_word' id='word_1_365' title='bbox 1790 3284 1871 3327; x_wconf 82' lang='grc' dir='ltr'><em>καὶ</em></span> <span class='ocrx_word' id='word_1_366' title='bbox 1901 3277 2047 3340; x_wconf 78' lang='grc' dir='ltr'><em>(αὐτὴ</em></span> <span class='ocrx_word' id='word_1_367' title='bbox 2077 3281 2263 3334; x_wconf 82' lang='grc' dir='ltr'><em>ταῦτα)</em></span> <span class='ocrx_word' id='word_1_368' title='bbox 2290 3297 2433 3338; x_wconf 90' lang='grc' dir='ltr'><em>νομο-</em></span> 
     </span>
     <span class='ocr_line' id='line_1_38' title="bbox 338 3346 2433 3413; baseline 0.001 -19"><span class='ocrx_word' id='word_1_369' title='bbox 338 3346 583 3407; x_wconf 79' lang='grc' dir='ltr'><em>θετήσασα</em></span> <span class='ocrx_word' id='word_1_370' title='bbox 730 3355 781 3396; x_wconf 86' lang='grc'><em>18</em></span> <span class='ocrx_word' id='word_1_371' title='bbox 810 3349 1019 3410; x_wconf 80' lang='grc' dir='ltr'><em>χάλκεον</em></span> <span class='ocrx_word' id='word_1_372' title='bbox 1048 3354 1179 3399; x_wconf 89' lang='grc' dir='ltr'><em>ΡΗΜ</em></span> <span class='ocrx_word' id='word_1_373' title='bbox 1205 3351 1435 3413; x_wconf 82' lang='grc' dir='ltr'><em>χάλκειον</em></span> <span class='ocrx_word' id='word_1_374' title='bbox 1465 3353 1558 3408; x_wconf 87' lang='lat' dir='ltr'><em>UB,</em></span> <span class='ocrx_word' id='word_1_375' title='bbox 1586 3357 1797 3412; x_wconf 84' lang='grc' dir='ltr'><em>χαλκοῦν</em></span> <span class='ocrx_word' id='word_1_376' title='bbox 1818 3353 1955 3398; x_wconf 86' lang='lat' dir='ltr'><strong>Dind.</strong></span> <span class='ocrx_word' id='word_1_377' title='bbox 2086 3357 2135 3398; x_wconf 85' lang='lat'><em>19</em></span> <span class='ocrx_word' id='word_1_378' title='bbox 2167 3349 2291 3410; x_wconf 87' lang='grc' dir='ltr'><em>πρὸς</em></span> <span class='ocrx_word' id='word_1_379' title='bbox 2320 3351 2433 3411; x_wconf 81' lang='grc' dir='ltr'><em>μνή·</em></span> 
     </span>
     <span class='ocr_line' id='line_1_39' title="bbox 339 3416 2319 3483; baseline 0.002 -20"><span class='ocrx_word' id='word_1_380' title='bbox 339 3436 431 3478; x_wconf 87' lang='grc' dir='ltr'><em>μην</em></span> <span class='ocrx_word' id='word_1_381' title='bbox 461 3419 539 3464; x_wconf 92' lang='lat' dir='ltr'><em>UB</em></span> <span class='ocrx_word' id='word_1_382' title='bbox 655 3424 709 3465; x_wconf 85' lang='lat'><em>20</em></span> <span class='ocrx_word' id='word_1_383' title='bbox 739 3419 791 3480; x_wconf 80' lang='grc' dir='ltr'><em>δὴ</em></span> <span class='ocrx_word' id='word_1_384' title='bbox 821 3423 859 3467; x_wconf 90' lang='grc' dir='ltr'>Β</span> <span class='ocrx_word' id='word_1_385' title='bbox 977 3429 1026 3468; x_wconf 82' lang='lat'><em>21</em></span> <span class='ocrx_word' id='word_1_386' title='bbox 1061 3425 1226 3471; x_wconf 74' lang='lat' dir='ltr'><strong>Nauck</strong></span> <span class='ocrx_word' id='word_1_387' title='bbox 1256 3426 1336 3482; x_wconf 86' lang='lat' dir='ltr'><strong>frg.</strong></span> <span class='ocrx_word' id='word_1_388' title='bbox 1367 3432 1482 3483; x_wconf 67' lang='lat' dir='ltr'><strong>trag.</strong></span> <span class='ocrx_word' id='word_1_389' title='bbox 1512 3425 1666 3480; x_wconf 80' lang='lat' dir='ltr'><strong>adesp.</strong></span> <span class='ocrx_word' id='word_1_390' title='bbox 1697 3428 1777 3468; x_wconf 78' lang='lat'><em>124</em></span> <span class='ocrx_word' id='word_1_391' title='bbox 1918 3427 1971 3467; x_wconf 80' lang='lat'><em>22</em></span> <span class='ocrx_word' id='word_1_392' title='bbox 2003 3422 2138 3480; x_wconf 80' lang='grc' dir='ltr'><em>φέρω</em></span> <span class='ocrx_word' id='word_1_393' title='bbox 2169 3416 2256 3470; x_wconf 71' lang='grc' dir='ltr'><em>οὖν</em></span> <span class='ocrx_word' id='word_1_394' title='bbox 2282 3423 2319 3466; x_wconf 88' lang='lat' dir='ltr'>P</span> 
     </span>
     <span class='ocr_line' id='line_1_40' title="bbox 341 3483 2435 3554; baseline 0.001 -18"><span class='ocrx_word' id='word_1_395' title='bbox 341 3483 631 3547; x_wconf 76' lang='grc' dir='ltr'><em>φοβούμεθα</em></span> <span class='ocrx_word' id='word_1_396' title='bbox 661 3492 710 3535; x_wconf 82' lang='grc' dir='ltr'><strong>Μ</strong></span> <span class='ocrx_word' id='word_1_397' title='bbox 796 3497 852 3537; x_wconf 84' lang='grc'><em>24</em></span> <span class='ocrx_word' id='word_1_398' title='bbox 881 3486 934 3540; x_wconf 72' lang='grc' dir='ltr'><em>εὖ</em></span> <span class='ocrx_word' id='word_1_399' title='bbox 962 3498 1043 3540; x_wconf 85' lang='grc' dir='ltr'><em>καὶ</em></span> <span class='ocrx_word' id='word_1_400' title='bbox 1073 3491 1187 3554; x_wconf 79' lang='grc' dir='ltr'><em>αὐτὴ</em></span> <span class='ocrx_word' id='word_1_401' title='bbox 1210 3496 1292 3541; x_wconf 86' lang='grc' dir='ltr'><em>ΡΗ</em></span> <span class='ocrx_word' id='word_1_402' title='bbox 1322 3500 1402 3542; x_wconf 83' lang='grc' dir='ltr'><em>σοὶ</em></span> <span class='ocrx_word' id='word_1_403' title='bbox 1429 3499 1513 3543; x_wconf 82' lang='grc' dir='ltr'><em>καὶ</em></span> <span class='ocrx_word' id='word_1_404' title='bbox 1541 3491 1657 3554; x_wconf 73' lang='grc' dir='ltr'><em>αὐτὴ</em></span> <span class='ocrx_word' id='word_1_405' title='bbox 1689 3499 1816 3549; x_wconf 86' lang='lat' dir='ltr'><strong>(mrg.</strong></span> <span class='ocrx_word' id='word_1_406' title='bbox 1847 3486 1914 3549; x_wconf 77' lang='grc' dir='ltr'><em>εὖ)</em></span> <span class='ocrx_word' id='word_1_407' title='bbox 1937 3494 1984 3537; x_wconf 86' lang='grc' dir='ltr'><strong>Μ</strong></span> <span class='ocrx_word' id='word_1_408' title='bbox 2014 3497 2095 3540; x_wconf 84' lang='grc' dir='ltr'><em>καὶ</em></span> <span class='ocrx_word' id='word_1_409' title='bbox 2124 3490 2181 3539; x_wconf 83' lang='grc' dir='ltr'><em>σὺ</em></span> <span class='ocrx_word' id='word_1_410' title='bbox 2209 3495 2290 3539; x_wconf 81' lang='grc' dir='ltr'><em>καὶ</em></span> <span class='ocrx_word' id='word_1_411' title='bbox 2320 3486 2435 3551; x_wconf 71' lang='grc' dir='ltr'><em>αὕτη</em></span> 
     </span>
     <span class='ocr_line' id='line_1_41' title="bbox 342 3560 2438 3628; baseline 0.002 -24"><span class='ocrx_word' id='word_1_412' title='bbox 342 3560 421 3604; x_wconf 90' lang='lat' dir='ltr'><em>BU</em></span> <span class='ocrx_word' id='word_1_413' title='bbox 452 3564 518 3615; x_wconf 80' lang='grc' dir='ltr'><em>(αὶ</em></span> <span class='ocrx_word' id='word_1_414' title='bbox 546 3562 594 3605; x_wconf 89' lang='lat' dir='ltr'><em>in</em></span> <span class='ocrx_word' id='word_1_415' title='bbox 622 3565 703 3608; x_wconf 75' lang='grc' dir='ltr'><em>καὶ</em></span> <span class='ocrx_word' id='word_1_416' title='bbox 722 3562 872 3618; x_wconf 81' lang='lat' dir='ltr'>priore</span> <span class='ocrx_word' id='word_1_417' title='bbox 891 3577 919 3608; x_wconf 81' lang='lat' dir='ltr'><strong>a</strong></span> <span class='ocrx_word' id='word_1_418' title='bbox 949 3570 1084 3620; x_wconf 85' lang='lat' dir='ltr'>corr.)</span> <span class='ocrx_word' id='word_1_419' title='bbox 1227 3563 1456 3628; x_wconf 80' lang='grc' dir='ltr'><em>συλλάβοι</em></span> <span class='ocrx_word' id='word_1_420' title='bbox 1489 3567 1533 3610; x_wconf 84' lang='grc' dir='ltr'>Η</span> <span class='ocrx_word' id='word_1_421' title='bbox 1561 3562 1769 3625; x_wconf 85' lang='grc' dir='ltr'><em>συλλάβς</em></span> <span class='ocrx_word' id='word_1_422' title='bbox 1785 3565 1822 3609; x_wconf 88' lang='lat' dir='ltr'><strong>P</strong></span> <span class='ocrx_word' id='word_1_423' title='bbox 1852 3578 1909 3610; x_wconf 90' lang='lat' dir='ltr'><em>m.</em></span> <span class='ocrx_word' id='word_1_424' title='bbox 1931 3578 2001 3621; x_wconf 89' lang='lat' dir='ltr'><em>pr.</em></span> <span class='ocrx_word' id='word_1_425' title='bbox 2033 3567 2166 3619; x_wconf 83' lang='lat' dir='ltr'><strong>(corr.</strong></span> <span class='ocrx_word' id='word_1_426' title='bbox 2197 3566 2239 3622; x_wconf 86' lang='grc' dir='ltr'><em>η)</em></span> <span class='ocrx_word' id='word_1_427' title='bbox 2272 3560 2438 3609; x_wconf 77' lang='grc' dir='ltr'><em>συλλά-</em></span> 
     </span>
     <span class='ocr_line' id='line_1_42' title="bbox 342 3631 2437 3698; baseline 0.001 -21"><span class='ocrx_word' id='word_1_428' title='bbox 342 3635 455 3689; x_wconf 83' lang='grc' dir='ltr'><em>βοιο</em></span> <span class='ocrx_word' id='word_1_429' title='bbox 484 3631 617 3676; x_wconf 81' lang='lat' dir='ltr'><em>UBM</em></span> <span class='ocrx_word' id='word_1_430' title='bbox 732 3637 785 3676; x_wconf 83' lang='lat'><em>25</em></span> <span class='ocrx_word' id='word_1_431' title='bbox 817 3636 1033 3692; x_wconf 83' lang='grc' dir='ltr'><em>δηλοῦσιν</em></span> <span class='ocrx_word' id='word_1_432' title='bbox 1063 3649 1180 3681; x_wconf 84' lang='lat' dir='ltr'>corr.</span> <span class='ocrx_word' id='word_1_433' title='bbox 1211 3638 1247 3680; x_wconf 94' lang='lat' dir='ltr'>P</span> <span class='ocrx_word' id='word_1_434' title='bbox 1374 3636 1572 3698; x_wconf 75' lang='grc' dir='ltr'><em>πρώτωι</em></span> <span class='ocrx_word' id='word_1_435' title='bbox 1601 3636 1747 3688; x_wconf 80' lang='lat' dir='ltr'><strong>UBM,</strong></span> <span class='ocrx_word' id='word_1_436' title='bbox 1778 3636 1862 3681; x_wconf 84' lang='lat' dir='ltr'><strong>del.</strong></span> <span class='ocrx_word' id='word_1_437' title='bbox 1898 3635 2027 3691; x_wconf 88' lang='lat' dir='ltr'><strong>Emp.</strong></span> <span class='ocrx_word' id='word_1_438' title='bbox 2168 3637 2222 3678; x_wconf 86' lang='lat'><em>26</em></span> <span class='ocrx_word' id='word_1_439' title='bbox 2252 3636 2437 3693; x_wconf 81' lang='grc' dir='ltr'><em>δεδηλο-</em></span> 
     </span>
     <span class='ocr_line' id='line_1_43' title="bbox 343 3701 1843 3766; baseline 0.003 -19"><span class='ocrx_word' id='word_1_440' title='bbox 343 3701 480 3757; x_wconf 82' lang='grc' dir='ltr'><em>μέναι</em></span> <span class='ocrx_word' id='word_1_441' title='bbox 511 3702 544 3745; x_wconf 88' lang='grc' dir='ltr'>Ρ</span> <span class='ocrx_word' id='word_1_442' title='bbox 672 3708 724 3746; x_wconf 81' lang='lat'><em>27</em></span> <span class='ocrx_word' id='word_1_443' title='bbox 757 3707 839 3761; x_wconf 88' lang='grc' dir='ltr'><em>τῆς</em></span> <span class='ocrx_word' id='word_1_444' title='bbox 871 3705 917 3747; x_wconf 91' lang='grc' dir='ltr'><strong>Μ</strong></span> <span class='ocrx_word' id='word_1_445' title='bbox 1033 3709 1086 3750; x_wconf 83' lang='lat'><em>28</em></span> <span class='ocrx_word' id='word_1_446' title='bbox 1118 3703 1179 3753; x_wconf 72' lang='grc' dir='ltr'><em>ἄν</em></span> <span class='ocrx_word' id='word_1_447' title='bbox 1206 3708 1312 3753; x_wconf 71' lang='lat' dir='ltr'><strong>add.</strong></span> <span class='ocrx_word' id='word_1_448' title='bbox 1341 3709 1474 3766; x_wconf 85' lang='lat' dir='ltr'><strong>Emp.</strong></span> <span class='ocrx_word' id='word_1_449' title='bbox 1589 3710 1638 3755; x_wconf 86' lang='grc' dir='ltr'><em>τί</em></span> <span class='ocrx_word' id='word_1_450' title='bbox 1668 3710 1743 3754; x_wconf 80' lang='grc' dir='ltr'><em>δαὶ</em></span> <span class='ocrx_word' id='word_1_451' title='bbox 1764 3707 1843 3752; x_wconf 88' lang='lat' dir='ltr'><em>UB</em></span> 
     </span>
    </p>
   </div>
  </div>
 </body>
</html>
