2684 4140
361 274 427 323 92
1054 259 1253 306 DIONIS
1279 256 1344 302 IN
1374 252 1678 300 CONCIONE

275 415 337 467 13
356 416 448 465 καὶ
485 414 515 461 6
550 407 848 476 Πειραιεύς
886 405 1064 464 αὐτός.
1151 402 1335 452 καίτοι
1372 394 1581 466 μεγάλη
1619 396 1714 445 καὶ
1750 389 2213 458 πολυάνθρωπος
2253 383 2422 448 πόλις

352 488 723 552 στασιάζουσα
769 489 862 537 καὶ
907 491 1088 546 κακῶς
1137 489 1422 554 φρονοῦσα
1475 478 1707 530 δύναται
1748 477 1949 544 χρόνον
2010 472 2135 523 τινὰ
2183 473 2421 538 ἐνεγκεῖν

346 579 443 646 τήν
480 573 797 637 δυστυχίαν·
835 562 962 619 ἀλλ’
1003 571 1154 634 ὅμως
1188 568 1282 618 καὶ
1318 571 1492 616 ταῦτα
1532 565 1697 632 ὁρᾶτε
1736 560 1911 611 ὁποῖά
1937 559 2106 608 ἐστιν.
2166 556 2229 606 οὐ
2253 573 2420 625 κατη-

344 663 599 727 γοροῦσιν
635 651 912 724 ἀλλήλων,
953 654 1048 703 οὐκ
1084 649 1499 715 ἐξελαύνουσιν,
1550 648 1612 698 οὐ
1650 647 1782 707 τούς
1817 646 1918 710 μὲν
1958 643 2040 704 εἰς
2077 643 2175 711 τὴν
2213 637 2419 710 βουλὴν

343 743 659 808 εἰσάγουσιν
693 740 787 789 καὶ
838 741 1059 807 ἑτέρους
1106 734 1399 804 ἐξάγουσιν
1410 754 1429 798 ,·
1478 734 1573 798 οὐχ
1624 733 1815 799 ὥσπερ
1865 731 1922 780 ἐν
1974 724 2188 793 σεισμῷ
2228 726 2414 776 πάντα
2452 731 2478 773 5
2501 718 2641 807 (affin

340 829 574 877 κινεῖται
618 825 711 875 καὶ
759 824 943 874 πάντα
991 823 1243 891 μετέωρά
1285 822 1417 886 ἐστι
1463 820 1556 870 καὶ
1604 817 1775 868 οὐθὲν
1823 815 2086 882 βέβαιον,·
2132 803 2290 879 <οὗκ>
2336 811 2420 872 εἰς

341 916 502 961 τοῦτο
549 910 777 978 ἥκουσιν
834 909 977 958 ὥστε
1023 903 1098 977 μὴ
1160 906 1464 976 ἀρκεῖσθαι
1525 907 1646 964 τοῖς
1707 902 1887 951 αὐτῶν
1937 899 2228 967 ἡγεμόσιν,
2289 888 2413 948 ἀλλ’

342 996 531 1063 ὥσπερ
582 995 640 1044 ἐν
687 997 807 1054 τοῖς
854 994 1108 1053 ἀνιάτοις
1166 993 1471 1062 νοσήμασι,
1532 986 1755 1039 δέονται
1805 983 1973 1049 ξένων
2034 985 2266 1050 ἰατρῶν,
2325 982 2421 1032 καὶ

339 1085 500 1129 τοῦτο
543 1074 606 1147 δὴ
646 1080 708 1128 τὸ
747 1084 858 1129 τῶν
890 1075 1153 1143 χαλεπῶν
1188 1078 1384 1127 ἵππων
1409 1075 1730 1143 γιγνόμενόν
1756 1074 1936 1122 ἐστιν·
1976 1071 2109 1120 ὅταν
2139 1069 2169 1118 6
2190 1064 2421 1133 χαλινὸς
2444 1075 2591 1118 (535Μ)
2624 1090 2645 1142 χ

338 1159 412 1232 μὴ
450 1165 732 1231 κατισχύῃ,
769 1160 982 1230 ψάλιον
1022 1155 1214 1223 αὐτοῖς
1253 1159 1467 1224 ἔξωθεν
1505 1155 1856 1226 ἐμβάλλεται.
2454 1157 2501 1199 10
2631 1151 2635 1163 ⁵

481 1249 606 1313 ἐμοὶ
642 1244 762 1315 <δὲ>
785 1245 943 1313 μέλει
978 1250 1079 1313 μὲν
1117 1249 1210 1298 καὶ
1235 1252 1338 1297 τοῦ
1370 1238 1511 1296 καθ>
1554 1246 1713 1310 ὑμᾶς,
1752 1240 1909 1309 μέλει
1951 1238 2009 1291 δὲ
2047 1241 2141 1290 καὶ
2165 1243 2267 1289 τοῦ
2288 1229 2415 1287 κατ’

259 1332 324 1381 14
342 1333 594 1397 ἐμαυτόν.
689 1333 739 1382 εἰ
798 1333 900 1401 γὰρ
961 1329 1282 1402 φιλόσοφος
1331 1328 1624 1391 πολιτείας
1674 1330 1968 1396 ἁψάμενος
2017 1318 2115 1376 οὐκ
2172 1321 2418 1393 ἐδυνήθη

341 1421 603 1484 παρέχειν
642 1418 987 1482 ὁμονοοῦσαν
1027 1411 1217 1479 πόλιν,
1255 1422 1419 1466 τοῦτο
1461 1413 1642 1466 δεινὸν
1668 1412 1772 1484 ἤδη
1801 1414 1894 1463 καὶ
1920 1413 2186 1482 ἄφυκτον,
2228 1411 2421 1478 ὥσπερ

341 1503 391 1551 εἰ
429 1503 710 1570 ναυπηγὸς
747 1503 805 1552 ἐν
842 1503 931 1571 νηὶ
968 1499 1155 1552 πλέων
1192 1498 1267 1570 μὴ
1307 1505 1547 1568 παρέχοι
1585 1496 1683 1569 τὴν
1721 1505 1853 1550 ναῦν
1892 1495 2202 1559 πλέουσαν,
2240 1496 2333 1546 καὶ
2372 1495 2423 1545 εί

336 1586 666 1654 κυβερνήτης
705 1587 935 1654 φάσκων
973 1584 1118 1635 εἶναι
1155 1587 1300 1653 πρὸς
1339 1578 1474 1634 αὐτὸ
1513 1587 1576 1634 τὸ
1614 1590 1758 1649 κῦμα
1797 1579 2113 1644 ἀποκλίνοι,
2159 1582 2189 1651 ἢ
2232 1578 2417 1647 λαβὼν
2455 1589 2502 1630 15
2536 1595 2541 1596 ’

339 1670 518 1719 οἰκίαν
545 1666 855 1734 οἰκοδόμος,
897 1671 1040 1737 ὁρῶν
1069 1670 1415 1732 πίπτουσαν,
1455 1671 1486 1718 6
1512 1667 1570 1719 δὲ
1609 1671 1808 1719 τούτου
1833 1669 1935 1733 μὲν
1962 1665 2177 1733 ἀμελοῖ,
2215 1672 2419 1717 κονιῶν
2634 1663 2644 1676 '⁵

338 1751 395 1803 δὲ
433 1754 524 1803 καὶ
556 1755 728 1821 χρίων
779 1751 958 1803 οἴοιτό
999 1771 1055 1803 τι
1092 1758 1297 1804 ποιεῖν.
1552 1752 1610 1803 εἴ
1651 1769 1752 1817 μοι
1800 1756 2095 1820 προέκειτο
2145 1757 2239 1801 νῦν
2276 1752 2419 1817 ὑπὲρ

337 1839 599 1903 ὁμονοίας
638 1836 840 1906 λέγειν,
895 1837 1058 1889 εἶπον
1097 1839 1164 1888 ἂν
1202 1835 1388 1888 πολλὰ
1424 1839 1518 1888 καὶ
1569 1839 1700 1904 περὶ
1746 1843 1858 1887 τῶν
1906 1837 2290 1906 ἀνθρωπίνων
2327 1836 2422 1885 καὶ
2639 1895 2641 1897 ¹

336 1924 466 1992 περὶ
512 1930 621 1974 τῶν
669 1916 940 1992 οὐρανίων
990 1923 1380 1992 παθημάτων·
1429 1925 1518 1973 ὁτι
1566 1923 1634 1972 τοὶ
1686 1923 1823 1972 θεῖα
1862 1928 2036 1971 ταῦτα
2073 1922 2167 1971 καὶ
2203 1917 2416 1988 μεγάλα
2443 1908 2647 1983 (245R111¹¹

337 2008 600 2072 ὁμονοίας
636 2011 888 2076 τυγχάνει
927 2004 1160 2073 δεόμενα
1197 2009 1290 2059 καὶ
1330 2005 1551 2078 φιλίας·
1592 2009 1642 2058 εἰ
1682 2005 1740 2058 δὲ
1776 2009 1879 2078 μή,
1917 2004 2171 2068 κίνδυνος
2209 2004 2415 2057 ἀπολέ-
2451 2015 2501 2058 20
2631 1991 2642 1997 Α

338 2093 480 2143 σθαι
526 2095 619 2144 καὶ
669 2095 964 2164 φθαρῆναι
1013 2093 1091 2160 τῷ
1138 2091 1292 2160 καλῷ
1341 2095 1520 2160 τούτῳ
1584 2090 2032 2162 δημιουργήματι
2079 2091 2158 2160 τῴ
2205 2087 2418 2160 κόσμῳ.

254 2176 318 2225 15
339 2170 463 2226 ἀλλ’
507 2177 643 2240 ἴσως
678 2177 1019 2247 μακρολογῶ,
1062 2177 1185 2229 δέον
1222 2175 1472 2245 βαδίζειν
1507 2181 1602 2230 καὶ
1639 2176 1985 2247 παρακαλεῖν
2022 2179 2119 2229 τὸν
2156 2171 2417 2248 ἡγεμόνα.

334 2269 600 2313 τοσοῦτον
641 2260 703 2332 δὴ
741 2261 913 2328 μόνον
951 2266 1087 2332 ἐρῶ·
1130 2257 1225 2314 οὗκ
1269 2265 1499 2333 αἰσχρόν
1538 2266 1721 2327 ἐστιν,
1762 2266 1812 2315 εἰ
1849 2261 2108 2329 μέλιτται
2145 2265 2246 2328 μὲν
2286 2264 2418 2328 ὁμο-

334 2354 541 2410 νοοῦσι,
578 2350 670 2399 καὶ
709 2342 890 2410 οὐδεὶς
929 2342 1199 2400 οὐδέποτε
1238 2351 1478 2419 ἑώρακεν
1517 2351 1688 2415 ἑσμὸν
1718 2345 2090 2411 στασιάζοντα
2129 2350 2222 2399 καὶ
2246 2345 2418 2414 μαχό-

332 2449 498 2497 μενον
536 2433 710 2501 αὐτῷ·
752 2431 1173 2503 συνεργάζονται
1213 2433 1271 2485 δὲ
1296 2436 1390 2486 καὶ
1415 2431 1584 2497 ζῶσιν
1622 2437 1753 2501 ἅμα,
1793 2437 1887 2485 καὶ
1923 2439 2275 2503 παρέχουσαι
2312 2429 2410 2503 τὴν
2447 2441 2496 2483 25

334 2514 546 2587 τροφὴν
597 2521 790 2580 αὑταῖς
836 2522 928 2570 καὶ
970 2522 1252 2588 χρώμεναι
1292 2561 1302 2571 .
1345 2560 1355 2571 .
1399 2561 1409 2571 .
1451 2522 1509 2571 τί
1558 2521 1683 2583 οὖν,·
1743 2514 1866 2586 οἰχὶ
1917 2521 2081 2571 κάκεῖ
2132 2521 2416 2587 γίγνονται

331 2607 572 2672 κηφῆνές
618 2622 763 2666 τινες
813 2602 1098 2671 λεγόμενοι
1140 2603 1382 2670 χαλεποὶ
1428 2608 1522 2657 καὶ
1569 2607 1972 2667 κατεσθίοντες
2021 2607 2084 2656 τὸ
2134 2602 2294 2671 μέλι,·
2349 2600 2421 2674 νὴ»

331 2689 461 2750 Δία,
500 2690 779 2756 γίγνονται
814 2695 939 2755 μέν·
979 2693 1129 2756 ὅμως
1170 2688 1227 2741 δὲ
1265 2692 1359 2742 καὶ
1385 2693 1618 2754 τούτους
1645 2689 1920 2753 πολλάκις
1951 2693 2122 2742 ἐῶσιν
2151 2693 2207 2741 οἱ
2243 2707 2413 2760 γεωρ-

331 2775 444 2839 γοί,
493 2771 566 2843 μὴ
614 2770 945 2841 βουλόμενοι
993 2774 1286 2845 ταράττειν
1334 2779 1430 2828 τὸν
1484 2775 1682 2844 ἑσμόν,
1731 2779 1823 2828 καὶ
1860 2774 2083 2844 βέλτιον
2120 2772 2413 2842 νομίζουσι

473 3013 496 3053 3
527 3008 739 3055 fortasse:
774 3003 903 3067 ὅμως
924 3004 1123 3069 κά<κε)ῖ
1150 3015 1300 3058 ταῦτα
1331 3015 1440 3070 etc.;
1472 3014 1586 3057 mire
1615 3026 1642 3056 a
1663 3013 1918 3070 praeteritis
1948 3014 2005 3057 ad
2034 3013 2290 3070 praesentia
2311 3026 2410 3058 ora-

333 3079 496 3123 tionem
529 3080 722 3125 deflectit
836 3087 859 3126 5
891 3081 1134 3141 εἰσάγουσι
1162 3083 1200 3126 Β
1288 3087 1314 3128 6
1345 3077 1433 3131 ούκ
1461 3084 1563 3129 add.
1596 3083 1790 3129 casaub.
1897 3088 1920 3128 7
1953 3080 2112 3131 αὐτῶν
2142 3083 2191 3127 Μ
2303 3080 2409 3146 ἥγε-

333 3154 484 3205 μῶσιν
512 3151 549 3194 U
579 3164 635 3194 m.
664 3164 747 3208 pr„
778 3153 824 3195 M
939 3156 964 3197 8
994 3153 1192 3200 δέωνται
1219 3153 1271 3197 Μ
1370 3158 1396 3199 9
1426 3155 1643 3200 fortasse:
1675 3151 1963 3215 γιγνόμενον
1992 3152 2120 3203 ἔστιν
2148 3156 2324 3216 (ἰδεῖν)

335 3216 553 3278 χαλεινὸς
581 3220 631 3264 Μ
775 3226 826 3266 10
856 3221 1034 3280 ψάλιον
1063 3225 1284 3279 Valesius,
1317 3225 1486 3285 ψέλιον
1513 3226 1644 3271 UBM
1676 3227 1872 3285 ψέλλιον
1893 3227 1931 3271 Τ
2084 3233 2129 3272 11
2164 3229 2213 3277 δὲ
2242 3229 2412 3282 addidi,

337 3293 416 3335 καὶ
444 3288 550 3347 ἐμοὶ
577 3290 734 3348 Emp.;
764 3297 868 3338 ante
896 3292 1004 3351 ἐμοὶ
1031 3295 1163 3351 plura
1193 3296 1401 3342 videntur
1428 3296 1714 3343 intercidisse
1806 3303 1856 3343 14
1885 3297 1939 3345 ἐν
1970 3300 2050 3359 νηῒ
2074 3301 2232 3347 πλέων
2251 3302 2408 3347 merito
2630 3303 2644 3362 ἕξ

339 3359 616 3404 offenderunt
643 3362 1010 3422 Herwerdenum3
1039 3366 1233 3411 latetne:
1264 3364 1619 3425 ἐπισκευάζωνῗ
1772 3369 1835 3427 μὴ
1867 3383 1954 3415 om.
1985 3371 2033 3414 M
2205 3371 2292 3432 τὴν
2321 3378 2411 3421 ναῦ
2630 3359 2645 3385 *⁷

336 3429 463 3482 (sic?)
491 3430 529 3474 T
704 3439 751 3477 15
783 3427 1058 3482 ἀποκλείνοι
1088 3437 1148 3492 Μ,
1179 3432 1390 3486 ἀποκνοῒ
1416 3441 1548 3497 Emp.
1717 3445 1769 3486 16
1801 3436 1973 3498 ἀμελοῖ
2000 3436 2186 3499 scripsi,
2217 3439 2409 3502 ἀμελῶν

334 3499 434 3543 libri
549 3505 597 3544 17
627 3504 803 3559 χρείων
830 3504 880 3549 Μ
1013 3506 1056 3552 εἰ
1082 3505 1186 3563 ἐμοὶ
1209 3508 1352 3564 UBT3
1384 3510 1592 3567 displicet
1619 3511 1894 3569 asyndeton3
1923 3512 2121 3558 fortasse
2148 3505 2336 3573 (ὥστε)
2366 3512 2418 3562 εἴ

335 3585 417 3624 μοι
438 3634 450 3651 ’
529 3574 807 3630 προσέκειτο
830 3574 880 3619 Μ
909 3576 967 3620 ad
996 3580 1225 3634 sequentia
1255 3580 1311 3624 cf.
1344 3594 1410 3626 or.
1440 3582 1524 3626 XL
1558 3585 1583 3637 ξ
1606 3585 1771 3627 35-41
1924 3586 1974 3628 19
2008 3575 2091 3630 ὅτε
2121 3580 2180 3631 τὰ
2210 3585 2290 3629 ΒΤ

337 3643 389 3683 22
420 3637 537 3687 αλλὰ
569 3642 684 3686 UBT
769 3649 940 3702 μακρῶ
967 3644 1096 3706 λόγω
1126 3649 1173 3692 Μ
1260 3654 1315 3695 24
1344 3648 1494 3708 ἐσμὸν
1523 3652 1604 3698 UT
1693 3657 1747 3699 26
1779 3649 1944 3709 αὐταῖς
1972 3653 2023 3698 Μ
2109 3658 2251 3702 κακοὶ
2281 3657 2320 3700 Β

337 3713 389 3752 27
420 3708 667 3769 λεγόμενοι
695 3721 799 3771 post
824 3720 1025 3773 χαλεποὶ
1052 3718 1184 3763 iterat
1212 3720 1263 3764 M
1377 3726 1430 3767 29
1459 3720 1610 3781 ἐσμὸν
1640 3724 1719 3770 UT
