2684 4140
313 291 417 341 370

367 425 535 489 ὥσπερ
570 432 651 476 καὶ
688 424 939 488 πρότερόν
979 443 1100 475 ποτε
1131 422 1347 482 άκούσας

369 495 442 550 ὅτι
454 502 748 560 καθυφίεμαι
764 499 822 546 τό
839 495 1090 560 ὑμέτερον,
1106 499 1181 548 διὰ
1199 502 1345 547 τοῦτο

367 569 736 632 ἀπελογησάμην
774 571 821 616 11
863 575 969 628 100,
1009 573 1063 616 24
1101 573 1184 626 (or.
1225 571 1265 616 L
1302 572 1349 616 in

368 646 560 700 senatu).
582 667 639 677 —
659 643 911 690 orationem
930 641 1084 688 XLIII
1104 642 1152 688 in
1181 642 1348 689 iudicio

367 716 530 762 habuit
566 714 611 759 II
642 718 721 769 63,
755 718 824 761 17.
864 740 922 749 -
957 715 1004 760 in
1039 714 1229 760 iudicio:
1269 718 1351 762 καὶ

373 789 459 835 νῦν
488 790 559 834 δεῖ
586 803 647 844 με
678 781 964 847 ἀποδημεῖν,
1006 779 1093 845 οὐχ
1134 783 1199 840 ῶς
1229 785 1351 847 πρό-

367 875 514 916 τερον
529 853 736 916 άλύπως,
753 855 952 906 πάντων
965 875 1026 916 με
1047 853 1353 918 οἷγαπώντων

367 934 447 978 καὶ
482 923 851 988 θαυμαζόντων,
882 924 1001 978 ἀλλὰ
1029 924 1141 987 μετ’
1174 925 1354 990 ἔχθρας

370 1005 516 1049 τινῶν
536 1002 583 1047 II
605 1005 674 1058 65,
699 1006 765 1047 12.
798 1026 852 1035 —-
883 1001 1189 1048 adversarium
1222 1015 1354 1047 suum

371 1074 518 1120 ironia
557 1074 825 1131 perstringit
856 1086 921 1119 or.
953 1073 1127 1120 XLVII
1158 1075 1184 1130 ξ
1215 1077 1266 1118 21
1288 1088 1354 1132 sq.

369 1145 681 1203 magistratum
711 1157 739 1190 a
759 1144 1093 1191 Prusaensibus
1125 1145 1212 1191 sibi
1232 1146 1354 1191 obla-

369 1219 467 1263 tum
487 1220 694 1263 recusat:
728 1213 840 1264 οὔτε
861 1215 958 1277 γάρ
978 1214 1087 1275 ἐμοὶ
1109 1214 1220 1264 οὔτε
1242 1213 1358 1272 ἴσως

370 1286 480 1347 ὑμῖν
532 1285 734 1347 ἄμεινόν
787 1286 918 1335 ἐστιν
964 1286 1048 1345 ἐμὲ
1095 1289 1358 1349 διατρίβειν

371 1358 546 1409 ἐνθάδε
578 1360 624 1406 II
655 1364 726 1415 97,
750 1363 804 1405 22
836 1362 922 1414 (or.
951 1359 1135 1416 XLIX).
1169 1385 1220 1392 —
1254 1373 1357 1406 ora·

371 1432 509 1479 tionis
529 1431 568 1477 L
598 1433 801 1490 tempore
835 1431 883 1476 in
918 1444 971 1477 eo
999 1435 1068 1478 est
1096 1434 1148 1477 ut
1168 1432 1359 1478 Prusam

372 1504 618 1561 relinquat:
664 1499 760 1563 ἐγὼ
807 1503 896 1561 μὲν
935 1501 1032 1564 γάρ
1072 1500 1237 1562 ἄπειμι
1284 1491 1358 1551 διὰ

383 1571 566 1631 πολλὰς
587 1571 745 1630 αἰτίας
765 1577 862 1629 (καὶ
883 1571 1171 1622 πιστεύσατε
1193 1573 1259 1630 ῶς
1279 1579 1362 1624 νῦν

380 1651 498 1708 γοῦν
515 1641 710 1707 άληθῶς
724 1647 866 1707 λέγω)
882 1649 963 1694 καὶ
978 1643 1094 1702 ἴσως
1115 1641 1203 1694 ούκ
1222 1646 1362 1706 ἐμαυ·

381 1722 470 1767 τοῦ
495 1718 640 1780 χάριν
670 1712 906 1778 ω’φελείας
945 1714 975 1776 ἢ
1015 1723 1195 1780 τρυφῆς
1234 1737 1364 1775 τινος

382 1791 429 1835 11
463 1794 558 1846 100,
590 1793 631 1836 2.
664 1815 719 1823 -
758 1789 814 1835 de
844 1789 1070 1836 Traiano:
1115 1793 1366 1851 συνηθείας

385 1859 527 1922 οὔσης
574 1877 659 1920 μοι
703 1858 829 1921 πρὸς
873 1856 964 1908 τὸν
1010 1858 1366 1921 αὐτοκράτορα,

384 1931 500 1989 ἴσως
530 1934 580 1981 δὲ
608 1936 690 1981 καὶ
719 1935 894 1993 φιλίας,
923 1936 1006 1980 καὶ
1036 1930 1162 1994 πρὸς
1192 1931 1367 1990 ἄλλους

385 2005 596 2061 πολλοὺς
632 2001 745 2060 τοὺς
791 2001 1153 2061 δυνατωτάτους
1197 2003 1368 2065 σχεδόν

385 2095 430 2126 τι
462 2073 711 2136 Ῥωμαίων
739 2077 786 2123 ΙΙ
817 2080 886 2133 86,
917 2080 988 2123 22.
1026 2103 1083 2110 --
1123 2077 1367 2123 Traianum

387 2150 666 2208 adloquitur:
724 2147 883 2208 ἐπειδὴ
934 2151 1015 2196 καὶ
1070 2146 1370 2209 τυγχάνομεν

389 2217 567 2282 σχολὴν
587 2218 791 2281 ἄγοντες
812 2215 910 2269 άπὸ
928 2223 1027 2267 τῶν
1043 2217 1202 2268 ἄλλων
1218 2237 1370 2280 πραγ-

386 2290 555 2351 μάτων
572 2296 641 2347 56,
653 2295 721 2337 24.
740 2318 795 2326 —-
811 2296 916 2338 ante
933 2305 999 2338 or.
1017 2292 1171 2337 XLIII
1186 2292 1370 2349 Bithyni

389 2377 417 2409 a
425 2363 700 2421 proconsule
709 2363 899 2420 quodam
910 2363 1216 2408 crudelissime
1224 2363 1371 2408 vexati

392 2438 546 2492 erant,
577 2434 704 2480 cuius
736 2435 1070 2480 accusationem
1105 2438 1201 2479 tum
1234 2447 1370 2492 para-

393 2507 506 2552 bant
524 2507 570 2551 Π
587 2509 656 2563 66,
674 2509 726 2550 12
749 2505 870 2564 quod
890 2506 977 2551 Dio
1001 2506 1123 2563 dicit,
1154 2518 1204 2551 se
1234 2518 1369 2551 accu-

393 2578 484 2624 sari
512 2582 740 2636 tamquam
769 2577 889 2622 illius
919 2577 1194 2633 adiutorem,
1224 2577 1373 2623 ironia

393 2649 570 2695 videtur
607 2659 726 2693 esse:
773 2646 859 2693 sibi
900 2648 1019 2694 obici
1055 2648 1206 2706 fingit,
1254 2650 1373 2706 quod

393 2720 702 2767 adversarium
737 2720 833 2765 eius
861 2720 1026 2765 fecisse
1055 2723 1237 2766 constat
1263 2721 1371 2768 ibid.

394 2820 448 2827 —
468 2793 686 2851 quosdam
703 2792 790 2839 sibi
804 2792 1026 2850 insidiari,
1044 2788 1124 2838 ἵνα
1145 2789 1233 2839 ἐάν
1253 2809 1374 2840 ποτε

394 2865 586 2926 γένηται
622 2859 792 2923 καιρὸς
832 2890 887 2896 -
935 2855 1106 2922 ὅμοιος
1145 2867 1215 2925 τῷ
1254 2856 1373 2925 πρό-

396 2953 542 2996 τερον
562 2962 616 2970 -
635 2932 716 2982 ἵνα
736 2952 801 2995 μη
832 2938 976 2994 παρῶ
1005 2939 1076 2998 τῷ
1105 2929 1233 2998 δήμῳ
1261 2936 1376 2995 μηδὲ

399 3005 583 3063 ἕξουσιν
615 3005 661 3054 οἳ
691 3003 1136 3066 συκοφαντούμενοι
1167 3004 1256 3053 τὸν
1286 3023 1375 3054 πα-

400 3074 717 3137 ραιτούμενον
754 3074 784 3137 ἢ
826 3081 1152 3138 συναλγοῦντα
1182 3079 1228 3123 11
1256 3083 1325 3134 65,
1353 3083 1376 3124 5

399 3152 482 3204 (or.
511 3148 666 3194 XLIII
694 3151 721 3207 ξ
744 3152 799 3205 7).
833 3175 888 3181 -
926 3145 1021 3209 ἐγὼ
1053 3149 1102 3197 δὲ
1131 3145 1225 3209 ἔχω
1256 3167 1375 3210 παρ-

403 3222 574 3281 ρησίαν
604 3216 731 3279 πρὸς
759 3216 881 3278 ὑμᾶς
914 3212 1030 3280 ὅσην
1070 3215 1238 3276 ούδείς.
1296 3224 1379 3281 τῆς

401 3291 488 3349 μὲν
517 3308 612 3350 γαρ
643 3285 860 3350 εὐτυχίας
890 3295 972 3351 τῆς
999 3289 1210 3349 ἐμαυτοῦ
1229 3308 1375 3351 παρε-

400 3357 598 3421 χώρησα
637 3357 766 3418 ὑμῖν,
803 3365 886 3422 τῆς
921 3363 970 3410 δὲ
1010 3364 1259 3422 δυστυχίας
1298 3366 1380 3422 τῆς

403 3428 634 3492 ὑμετέρας
664 3434 935 3493 μετέλαβον
964 3435 1009 3480 II
1040 3437 1109 3489 65,
1146 3439 1212 3480 10.
1255 3459 1305 3466 —
1339 3434 1383 3482 εἰ

405 3503 454 3550 δὲ
482 3498 653 3562 ἠλέουν
677 3501 792 3559 τούς
812 3502 1105 3564 δημοτικούς,
1146 3498 1229 3552 ὅτε
1258 3497 1380 3564 ἦσαν

405 3572 624 3629 ἐλεεινοί,
668 3577 748 3621 καὶ
777 3573 896 3621 καθ’
939 3568 1059 3623 ὅσον
1098 3571 1205 3624 οἶόν
1241 3593 1294 3623 τε
1323 3568 1380 3636 ἦν

406 3644 729 3704 ἐπικουφίζειν
768 3641 1056 3705 ἐπειρώμην,
1099 3640 1244 3694 ούθέν
1280 3645 1379 3693 ἐστι

409 3717 554 3763 τοῦτο
573 3723 769 3775 σημεῖον
785 3719 872 3762 τοῦ
887 3715 1011 3774 πρὸς
1026 3714 1237 3771 ἐκείνους
1257 3713 1381 3776 ἔχειν

412 3781 711 3847 οἰκειότερον
730 3786 774 3830 ΙΙ
796 3789 863 3842 98,
882 3790 937 3831 24
967 3791 1049 3841 (or.
1072 3787 1145 3839 L).
1178 3813 1232 3820 —-
1264 3788 1307 3834 εἰ
1333 3787 1382 3834 δὲ

1228 284 1492 332 INDICES.

1447 424 1587 476 εἶπον
1616 424 1850 484 ἐλεεινοὺς
1879 425 1992 484 τοὺς
2016 427 2310 490 δημοτικούς,
2339 449 2424 491 μη-

1449 504 1541 557 δεὶς
1560 497 1783 562 ὓπολάβη
1809 500 1962 561 λέγειν
1996 517 2057 558 με
2088 497 2154 557 ὥς
2189 499 2325 550 ἄδικα
2346 508 2427 551 καὶ

1449 569 1712 633 παράνομα
1743 567 1983 632 ἔπασχον,
2022 567 2174 620 ὁπότε
2204 577 2285 621 καὶ
2314 575 2429 631 τοὺς

1448 641 1544 693 ὑπὸ
1563 644 1748 704 ἰατρῶν
1763 643 2084 703 τεμνομένους
2097 641 2127 705 ἢ
2145 646 2430 704 καομένους,

1449 714 1527 764 ἐπὶ
1550 718 1762 782 σωτηρίᾳ
1782 713 2061 776 πάσχοντας
2081 719 2247 774 ταῦτα,
2268 714 2427 765 ἐλεοῦ-

1452 806 1542 847 μεν
1560 788 1607 834 II
1624 791 1694 844 99,
1716 792 1736 832 1
1759 791 1843 844 (or.
1866 789 1937 845 L).
1962 814 2013 822 —
2036 788 2167 834 adest
2195 789 2241 833 in
2272 792 2430 835 senatu

1452 859 1777 906 Prusaensium
1816 859 1935 919 μήτε
1974 856 2182 920 ἑταιρείᾳ
2221 863 2311 906 τινὶ
2348 877 2428 908 πε-

1453 925 1644 986 ποιθὼς
1672 926 1792 989 μήτε
1824 926 2042 989 συνήθεις
2070 928 2123 984 ἐξ
2147 926 2280 988 ῦμῶν
2309 928 2433 991 ἔχων

1455 999 1588 1057 τινάς
1616 1002 1661 1046 II
1683 1005 1753 1058 98,
1775 1005 1828 1047 20
1859 1006 1942 1056 (or.
1963 1001 2036 1057 L).
2066 1026 2120 1033 —-
2150 1001 2291 1046 filium
2323 1016 2432 1059 quo-

1457 1085 1543 1131 que
1565 1077 1720 1132 sperat
1738 1075 2053 1131 paupertatem
2073 1075 2435 1130 contempturum

1456 1140 1576 1202 ,,ούκ
1609 1140 1727 1193 ὄντα
1758 1142 1879 1203 ἐμοῦ
1895 1146 2048 1206 χείρω
2078 1162 2164 1204 την
2194 1143 2362 1205 φύσιν“
2391 1146 2435 1190 ΙΙ

1457 1221 1527 1272 46,
1545 1220 1615 1263 27.
1638 1243 1692 1250 -
1713 1217 1854 1262 filium
1883 1219 2018 1274 putat
2046 1229 2223 1274 semper
2258 1218 2438 1262 senatui

1460 1302 1644 1348 operam
1683 1290 1895 1335 daturum
1923 1289 1970 1333 II
2000 1291 2070 1343 99,
2104 1292 2171 1334 16.
2212 1314 2266 1321 —
2296 1288 2438 1334 filium

1459 1362 1727 1419 magistratu
1769 1361 2031 1418 fungentem
2067 1359 2175 1406 fort.
2217 1360 2441 1418 significat

1460 1434 1506 1478 II
1537 1437 1607 1490 93,
1642 1437 1709 1478 14.
1742 1459 1797 1465 -
1831 1429 1883 1480 οἵ
1906 1449 1961 1493 γε
1999 1432 2112 1486 (scil.
2145 1432 2439 1488 Prusaenses)

1460 1502 1619 1564 ἐπειδὴ
1638 1501 1855 1564 ᾔσθεσθε
1871 1520 1985 1559 τους
2006 1500 2218 1564 ἐφήβους
2231 1507 2312 1550 καὶ
2327 1502 2442 1558 τούς

1462 1577 1744 1630 νεανίσκους
1787 1577 2070 1634 κρείττονας
2125 1571 2442 1634 πεποιηκότα,

1465 1642 1606 1702 εὐθὺς
1634 1642 1831 1707 ἡγεῖσθε
1861 1650 1942 1694 καὶ
1971 1642 2092 1704 ὑμᾶς
2112 1640 2339 1705 άμείνους
2369 1643 2442 1694 δύ-

1464 1723 1644 1766 νασθαι
1674 1726 1832 1766 ποιεῖν
1851 1719 1897 1763 ΙΙ
1921 1721 2015 1773 103,
2033 1721 2102 1763 26.
2126 1743 2178 1751 —
2200 1718 2319 1764 filius
2340 1731 2442 1764 ora-

1464 1791 1600 1836 tionis
1639 1790 1702 1834 LI
1743 1792 1947 1848 tempore
1986 1801 2227 1835 censuram
2267 1803 2441 1835 morum

1467 1857 1512 1917 (ὃ
1546 1860 1624 1909 ἐπὶ
1655 1862 1738 1921 τῆς
1767 1856 2003 1916 εὐταξίας)
2025 1861 2148 1918 apud
2168 1860 2444 1907 Prusaenses

1467 1934 1660 1992 adeptus
1690 1935 1790 1979 erat
1810 1932 1868 1980 cf.
1895 1935 1920 1988 ,Q
1940 1936 1984 1977 6.
2007 1958 2060 1966 —
2081 1930 2140 1979 τὸ
2163 1931 2258 1994 γὰρ
2279 1929 2446 1992 ἄρχειν

1469 2000 1620 2053 αὐτὸν
1663 1997 1933 2060 άξιώσαντα
1981 2006 2061 2060 τῆς
2101 2002 2290 2059 πόλεως
2332 2004 2445 2058 (scil.

1467 2077 1624 2131 filium)
1657 2071 1721 2130 ῶς
1760 2072 1930 2123 ἱκανὸν
1971 2072 2089 2123 ὄντα
2129 2072 2447 2136 βουλεύεσθαι

1470 2146 1554 2208 ἤδη
1595 2152 1680 2194 etc.
1721 2147 1767 2191 11
1801 2151 1902 2202 101,
1943 2151 1983 2193 9.
2025 2173 2078 2181 —
2119 2142 2267 2206 λόγος
2303 2145 2446 2208 ἐρρύη

1469 2221 1692 2272 τοιοῦτος
1723 2212 1788 2272 ῶς
1815 2216 1900 2275 ἐμὲ
1929 2213 2153 2275 ἐμποδὼν
2181 2215 2447 2277 γενόμενον

1472 2294 1542 2354 τῷ
1564 2288 1856 2349 συνάγεσθαι
1877 2281 2081 2349 βουλήν·
2111 2286 2214 2336 ἐπεὶ
2233 2293 2314 2336 καὶ
2335 2287 2447 2337 τόδε

1469 2359 1677 2423 ἤκουσα,
1715 2356 1781 2414 ῶς
1809 2356 1970 2408 πάντα
2001 2356 2167 2415 ἁπλῶς
2197 2363 2446 2418 νομίζουσι

1473 2430 1531 2482 τὰ
1579 2435 1663 2492 τῆς
1706 2426 1855 2493 άρχῆς
1898 2432 2151 2491 γίγνεσθαι
2195 2427 2318 2479 κατὰ
2362 2431 2449 2491 τὴν

1472 2500 1590 2564 ἐμὴν
1619 2502 1814 2564 γνώμην
1843 2503 1886 2547 II
1913 2507 2005 2560 101,
2028 2507 2064 2547 1·

1418 2577 1687 2637 Cynicorum
1719 2587 1844 2620 more
1858 2574 2045 2620 vestitus
2068 2578 2165 2631 316,
2184 2578 2236 2619 12
2249 2575 2324 2629 (in
2339 2574 2452 2620 Tar-

1473 2649 1570 2695 sica
1584 2648 1662 2703 ΙΙ).
1680 2673 1730 2679 -
1749 2644 1802 2693 ἐν
1817 2647 2056 2706 τριβωνίῳ
2073 2645 2240 2709 φαύλῳ
2254 2645 2450 2691 Alexan·

1474 2720 1628 2766 drinos
1659 2718 1918 2774 adloquitur
1939 2721 2037 2774 273,
2059 2721 2124 2762 11.
2143 2742 2196 2749 —-
2221 2710 2450 2764 οὐδέποτε

1474 2790 1570 2851 γὰρ
1588 2783 1743 2837 ούδενὶ
1758 2784 1909 2848 ἔγωγε
1925 2792 2069 2836 τοῦτο
2080 2783 2370 2847 ὑπεσχόμην,
2387 2783 2453 2842 ὡς

1477 2859 1645 2915 ἱκανὸς
1676 2855 1747 2906 (ὂν
1776 2859 1929 2919 λέγειν
1957 2855 1988 2916 ἦ
2017 2866 2217 2919 φρονεῖν
2245 2856 2275 2917 ἢ
2304 2858 2452 2905 πλέον

1476 2951 1520 2980 τι
1541 2927 1823 2991 γιγνώσκειν
1838 2932 1938 2976 τῶν
1958 2933 2167 2985 πολλῶν,
2198 2923 2309 2976 ἀλλ’
2330 2925 2450 2988 ὑπὲρ

1479 2998 1627 3051 αὐτοῦ
1648 2998 1826 3049 τούτου
1846 2997 2198 3059 διαμαχόμενος
2220 2997 2451 3048 ἑκάστοτε

1477 3078 1558 3122 καὶ
1596 3068 1856 3133 άντιλέγων
1893 3079 1996 3126 τοῖς
2036 3066 2247 3126 άξιοῦσιν
2287 3067 2451 3119 ἔπειτα

1479 3147 1544 3201 εἰς
1573 3143 1630 3193 τὸ
1662 3145 1815 3204 λε’γειν
1844 3144 2141 3200 καθίσταμαι
2170 3143 2214 3187 II
2244 3146 2313 3200 62,
2336 3146 2374 3188 2.
2398 3168 2453 3176 —

1480 3212 1536 3266 ού
1567 3213 1662 3277 γὰρ
1693 3211 1926 3276 λαμβάνω
1956 3206 2179 3272 μαθητάς
2200 3217 2453 3270 158,12.-

1481 3289 1728 3347 Opuntium
1756 3286 1896 3331 habet
1916 3284 2184 3341 discipulum
2204 3285 2247 3329 11
2267 3288 2364 3338 295,
2385 3288 2451 3329 15.

1479 3387 1532 3394 -—
1552 3373 1602 3406 se
1618 3359 1794 3406 nescire
1811 3355 2005 3412 simulat,
2032 3369 2113 3401 cur
2128 3356 2187 3400 ad
2203 3368 2251 3400 se
2267 3355 2451 3399 audien-

1480 3432 1585 3477 dum
1614 3430 1817 3476 homines
1848 3427 2114 3473 conveniant
2143 3441 2207 3473 or.
2231 3426 2375 3472 XLII.
2398 3451 2451 3457 -

1479 3516 1508 3548 a
1551 3501 1755 3559 sophista
1796 3498 1990 3556 quodam
2042 3498 2258 3544 maledico
2296 3488 2452 3556 άηδών

1479 3573 1666 3630 dicitur,
1706 3571 1806 3628 ipse
1842 3577 1944 3623 τοῖς
1981 3569 2150 3625 τέττιξι
2186 3581 2236 3615 se
2276 3579 2452 3623 compa-

1480 3649 1552 3690 rat
1590 3644 1636 3688 II
1666 3647 1741 3697 84,
1774 3645 1842 3687 23.
1892 3666 1949 3674 —
1996 3637 2173 3693 πάντες
2223 3637 2341 3697 γὰρ,
2388 3632 2452 3690 ῶς

1482 3712 1597 3769 ἔπος
1632 3713 1794 3768 εἰπεῖν,
1832 3708 1944 3766 τοὺς
1977 3712 2065 3768 μὲν
2097 3705 2240 3767 ἐμοὺς
2275 3706 2450 3767 λόγους

1483 3786 1765 3833 ἐπίστανται
1792 3786 1873 3830 καὶ
1908 3808 1954 3815 --
1977 3806 2036 3815 —
2054 3774 2270 3839 ἀλλήλοις
2301 3773 2451 3838 α’παγ-
