2684 4140
1013 287 1237 334 ORATIO
1268 287 1477 332 LXVIII.
1774 337 1778 341 ,
2183 279 2285 329 173

200 431 544 486 ἐσπούδακεν
585 435 615 484 ὁ
638 435 740 499 μὲν
765 440 863 504 γῆν
891 434 967 494 ὡς
994 430 1263 502 πλείστην
1288 434 1628 503 κτήσασθαι,
1670 433 1701 482 ὁ
1739 428 1797 482 δὲ
1839 431 2118 499 ἀργύριον,
2157 432 2188 482 ὁ
2224 428 2284 481 δὲ

201 516 548 588 ἀνδράποδα,
589 520 619 568 ὁ
646 516 705 569 δὲ
734 515 1027 584 ξύμπαντα
1054 523 1244 580 ταῦτα,
1287 519 1318 567 ὁ
1356 509 1410 568 δ’
1443 519 1541 568 ἐπὶ
1567 516 1645 585 τῷ
1675 514 1851 583 λέγειν
1878 512 2286 581 θαυμάζεσθαι

198 603 291 654 καὶ
329 601 422 654 διὰ
459 610 623 654 τοῦτο
662 610 772 654 τῶν
812 601 995 654 ἄλλων
1034 600 1208 653 πλέον
1248 600 1558 666 δύνασθαι,
1611 604 1641 652 ὁ
1690 599 1748 653 δὲ
1790 602 1923 652 αὐτὸ
1962 603 2134 665 μόνον
2174 598 2283 651 δει-

197 689 292 748 νὸς
330 687 475 738 εἶναι
509 689 604 738 καὶ
639 690 737 758 τὴν
774 689 1074 756 ἐμπειρίαν
1112 690 1209 757 τὴν
1247 688 1472 756 περὶτὰ
1501 689 1802 756 πράγματα
1842 682 2125 756 ἐζήλωκεν,
2167 686 2198 734 ὁ
2224 683 2283 734 δὲ

140 782 166 823 5
202 764 308 821 ἀπ’
352 769 522 821 ἄλλου
560 773 713 832 τινὸς
762 773 999 836 ἰσχύειν,
1051 774 1082 821 ὁ
1130 769 1188 821 δὲ
1240 774 1455 842 τρυφὴν
1503 773 1580 833 ὡς
1628 769 1899 841 πλείστην
1946 767 2282 839 ἐπιτηδεύει.

196 857 408 906 τούτων
445 856 547 919 μὲν
585 855 697 918 οὖν,
736 858 875 922 ὅπερ
904 857 1062 925 ἔφην,
1104 854 1262 906 οὐδὲν
1301 858 1384 919 ἄν,
1424 858 1500 918 ὡς
1539 858 1701 919 εἰκός,
1742 857 1935 925 ὀρθῶς
1973 857 2277 923 πράττοιεν
2319 861 2349 908 5

195 932 323 989 οὐδὲ
375 940 431 990 οἱ
476 940 545 989 τὰ
591 941 862 1008 κράτιστα
921 938 1210 1001 δοκοῦντες
1259 939 1627 1010 ἐπιτηδεύειν.
1717 932 1779 991 οὗ
1829 942 1932 1010 γὰρ
1972 937 2185 1000 εἰδότες
2221 941 2285 989 τὸ

18 1035 98 1078 (617
117 1035 168 1077 Μ)
191 1021 412 1089 βέλτιον
458 1024 490 1093 ἢ
541 1025 603 1073 τὸ
647 1027 836 1092 χεῖρον
883 1025 915 1093 ἢ
965 1025 1027 1073 τὸ
1080 1028 1365 1093 συμφέρον
1414 1026 1705 1094 αἱροῦνται
1755 1018 1932 1075 οὐδέν.
2019 1026 2176 1084 ὅστις
2229 1016 2280 1073 δ’

195 1108 524 1177 ἐπεθύμησε
567 1109 893 1177 φρονήσεως
930 1108 1023 1157 καὶ
1059 1104 1331 1176 διενοήθη
1372 1114 1496 1168 πῶς
1529 1111 1631 1177 χρὴ
1661 1106 2083 1177 ἐπιμεληθέντα
2117 1109 2290 1158 αὐτοῦ

115 1200 161 1243 10
195 1193 288 1243 καὶ
327 1190 626 1243 παίδευσιν
662 1193 787 1243 τίνα
827 1189 1214 1242 παιδευθέντα
1250 1193 1521 1258 γενέσθαι
1560 1190 1734 1260 ἄνδρα
1774 1193 1994 1259 ἀγαθὸν
2031 1194 2125 1242 καὶ
2165 1190 2284 1242 δια-

194 1282 436 1347 φέροντα
474 1284 584 1329 τῶν
623 1275 866 1341 πολλῶν,
904 1283 1101 1327 τοῦτον
1139 1279 1245 1343 ἐγώ
1288 1293 1435 1347 φημι
1475 1279 1698 1346 φύσεώς
1736 1294 1795 1327 τε
1830 1285 2074 1347 χρηστῆς
2100 1281 2283 1342 τυχεῖν

191 1365 284 1415 καὶ
320 1366 484 1434 τύχης
523 1365 738 1430 ὁμοίας.
815 1361 978 1424 ἐλπὶς
1014 1363 1117 1432 γὰρ
1158 1358 1423 1433 ζητοῦντα
1461 1364 1555 1413 καὶ
1594 1361 2005 1428 παιδευόμενον
2044 1359 2286 1431 ἐξευρεῖν

191 1453 254 1501 τὸ
295 1448 420 1501 δέον
457 1450 550 1499 καὶ
588 1449 732 1517 πρὸς
769 1449 827 1498 τί
864 1449 1078 1516 ὁρῶντα
1115 1449 1209 1498 καὶ
1234 1448 1292 1497 τί
1315 1444 1655 1513 βουλόμενον
1683 1449 1870 1497 πάντα
1897 1448 1966 1497 τοὶ
2006 1445 2147 1497 ἄλλα
2181 1449 2282 1516 χρὴ

192 1528 462 1604 πράττειν
498 1533 592 1583 καὶ
630 1533 958 1598 οἰκονομεῖν.
1037 1533 1068 1582 ὁ
1108 1529 1166 1582 δὲ
1205 1538 1370 1582 τοῦτο
1413 1533 1594 1593 συνεὶς
1621 1533 1846 1582 ἅπαντα
1874 1532 1941 1582 ἂν
1967 1530 2070 1602 ἤδη
2098 1529 2282 1592 καλῶς
2322 1537 2352 1586 6

114 1625 162 1668 15
199 1612 607 1688 διαπράττοιτο
645 1618 831 1668 καὶτὰ
857 1613 1028 1683 μείζω
1070 1615 1337 1667 δοκοῦντα
1384 1618 1478 1668 καὶ
1525 1618 1593 1667 τὰ
1645 1619 2006 1686 σμικρότερα·
2043 1617 2137 1667 καὶ
2173 1613 2285 1665 εἴτε

196 1706 434 1774 ἱππικῆς
454 1701 782 1773 ἐπιτηδεύοι
809 1703 1053 1770 ἀγωνίαν
1081 1701 1192 1753 εἴτε
1219 1709 1490 1773 μουσικῆς
1518 1701 1629 1753 εἴτε
1657 1703 1928 1772 γεωργίας
1955 1699 2284 1766 ἐπιμελοῖτο

194 1787 305 1839 εἴτε
357 1791 682 1857 στρατηγεῖν
730 1784 928 1838 ἐθέλοι
975 1787 1007 1857 ἢ
1059 1788 1247 1856 ἄρχειν
1285 1787 1386 1847 τοὶς
1425 1784 1599 1848 ἄλλας
1636 1787 1809 1855 ἀρχὰς
1844 1788 1875 1856 ἢ
1927 1787 1995 1836 τὰ
2036 1784 2176 1836 ἄλλα
2216 1787 2284 1835 τοὶ

191 1874 350 1923 κοινὰ
390 1875 447 1923 ἐν
485 1879 552 1943 τῇ
591 1869 758 1922 πόλει
795 1870 1094 1942 πράττειν,
1143 1869 1327 1932 καλῶς
1365 1872 1431 1922 ἂν
1471 1867 1658 1922 πάντα
1711 1873 1973 1936 ποιήσειε
2022 1873 2116 1922 καὶ
2155 1873 2286 1939 περὶ

13 1966 96 2018 {SR
119 1966 170 2009 ΙΙ)
197 1951 356 2009 οὐδὲν
394 1959 460 2008 ἂν
502 1954 831 2028 σφάλλοιτο.
902 1958 1030 2007 ἄνευ
1071 1955 1129 2007 δὲ
1169 1959 1369 2007 τούτου
1407 1950 1547 2007 καθ’
1591 1959 1824 2007 ἕκαστον
1846 1959 1946 2022 μὲν
1973 1964 2084 2008 τῶν
2112 1958 2285 2026 ἔργων

13 2033 14 2036 ¹
113 2050 160 2091 20
195 2044 374 2094 ἐνίοτε
413 2040 562 2108 αὐτῷ
601 2059 659 2092 τε
695 2044 790 2092 καὶ
835 2046 956 2103 τοῖς
1005 2039 1198 2103 ἄλλοις
1249 2043 1511 2112 φαίνοιτο
1564 2044 1630 2093 ἂν
1677 2044 2023 2111 κατορθοῦν·
2077 2042 2197 2093 οἷον
2238 2043 2287 2093 εἰ

190 2134 446 2197 γεωργῶν
484 2129 844 2194 ἐπιτυγχάνοι
887 2128 1019 2195 περὶ
1055 2129 1187 2188 τούς
1224 2129 1477 2196 καρπούς
1514 2129 1545 2197 ἢ
1591 2129 1857 2179 ἱππεύειν
1884 2130 2287 2198 ἐμπειρότερος

192 2211 334 2283 εἴηῆ
375 2213 443 2262 τὰ
480 2213 619 2262 κατὰ
657 2214 927 2283 μουσικὴν
968 2214 1169 2273 ἱκανῶς
1206 2214 1504 2279 γιγνώσκοι
1540 2214 1571 2282 ἢ
1614 2210 2020 2280 ἀγωνιζόμενος
2059 2210 2285 2263 δύναιτο

191 2303 301 2348 τῶν
341 2294 666 2348 ἀντιπάλων
704 2301 958 2365 κρατεῖν,
1010 2299 1073 2347 τὸ
1116 2294 1174 2347 δὲ
1219 2299 1445 2363 σύμπαν
1485 2299 1800 2366 ἁμαρτάνοι
1838 2300 1904 2349 ἂν
1945 2301 2085 2366 πρὸς
2128 2296 2286 2349 οὐδὲν

192 2384 412 2451 ἀγαθὸν
452 2381 578 2434 οὐδὲ
620 2384 763 2433 ὥστε
792 2380 1151 2452 ὠφελεῖσθαι
1177 2388 1350 2432 ταῦτα
1380 2378 1759 2451 ἐργαζόμενος.
1827 2384 2021 2434 οὔκουν
2050 2382 2283 2444 δυνατός
2324 2387 2351 2435 7

115 2477 163 2518 25
200 2470 352 2518 ἐστιν
391 2466 767 2533 εὐδαιμονεῖν,
822 2468 1012 2536 ὥσπερ
1055 2460 1177 2517 οὐδ’
1220 2465 1532 2538 εὐπλοῆσαι
1583 2466 1818 2518 δύναταί
1862 2486 1949 2530 τις
1989 2470 2084 2519 οὐκ
2122 2466 2287 2528 εἰδὼς

196 2553 338 2603 ἔνθα
368 2550 515 2616 πλεῖ,
553 2554 733 2622 μάτην
760 2546 840 2620 [δὲ
868 2547 1014 2620 ἄρτι]
1041 2554 1098 2603 ἐν
1124 2551 1203 2620 τῷ
1233 2550 1467 2620 πελάγει
1495 2556 1820 2623 φερόμενος,
1860 2560 1954 2605 νῦν
1978 2556 2080 2620 μὲν
2107 2555 2286 2623 ὀρθῆς

16 755 20 789 ἰ

344 2764 359 2805 1
395 2757 608 2821 ἄργυρον
637 2761 724 2804 ΡΜ
840 2764 864 2805 3
897 2753 956 2807 αὖ
985 2758 1041 2807 τὸ
1073 2762 1116 2806 Η
1206 2761 1263 2808 τὸ
1296 2766 1494 2820 πρᾶγμα
1523 2761 1638 2815 libri,
1669 2760 1727 2809 τά
1761 2759 2019 2821 πράγματα
2041 2762 2202 2817 Pflugk

194 2836 218 2876 5
248 2828 531 2889 ἐπιτηδεύειν
561 2831 602 2875 Η
632 2829 905 2878 ἐπιτιδεύειν
934 2832 970 2876 Ρ
1115 2837 1141 2877 6
1162 2827 1228 2886 ὡς
1257 2829 1386 2885 εἰκὸς
1417 2833 1509 2886 PH,
1541 2829 1606 2886 ὡς
1636 2846 1726 2878 om.
1758 2833 1860 2888 ΒΜ,
1891 2830 2092 2886 εἰκότως
2120 2835 2230 2886 (τως
2260 2844 2287 2874 a

195 2907 327 2956 001'1‘·)
358 2902 398 2946 U
542 2906 565 2947 8
597 2903 836 2962 ξυμφέρον
865 2905 903 2948 Β
1055 2899 1112 2949 τὸ
1146 2900 1392 2962 σύμφέρον
1419 2900 1479 2961 (ἢ
1507 2899 1564 2949 τὸ
1598 2900 1903 2961 ἀσύμφορον)
1932 2902 2201 2946 Herwerden

194 2976 219 3015 9
248 2969 536 3032 ἐπιθύμησεν
565 2974 614 3017 Μ
783 2977 886 3027 πῶς
914 2974 1062 3030 Emp.‚
1093 2970 1158 3027 ὡς
1186 2975 1290 3019 libri
1462 2971 1610 3020 αὐτοῦ
1638 2974 1674 3017 Ρ
1851 2978 1902 3017 10
1935 2969 2171 3018 παιδεύειν
2203 2986 2285 3028 pro

193 3044 433 3090 παίδευσιν
462 3045 510 3087 M
680 3045 788 3091 τίνα
819 3045 973 3100 Emp.‚
1013 3061 1118 3090 τινα
1155 3047 1236 3090 καὶ
1265 3045 1316 3088 Μ
1346 3061 1451 3089 τινα
1490 3045 1628 3088 ceteri
1805 3049 1850 3089 11
1894 3040 2080 3089 τούτων
2108 3043 2144 3086 Β

197 3115 247 3156 12
277 3113 416 3172 τύχης
444 3114 834 3171 wyttenbachius,
867 3118 1016 3173 ψυχῆς
1043 3115 1146 3159 libri
1292 3111 1472 3170 ὁμοίως
1501 3116 1544 3160 U
1574 3129 1630 3160 m.
1662 3128 1730 3171 pr.
1866 3119 1916 3158 13
1950 3115 2016 3169 εἰς
2044 3110 2102 3160 τὸ
2138 3116 2171 3157 Β

12 3213 16 3243 ,
198 3188 248 3227 15
280 3180 576 3240 σμικρότατα
610 3184 650 3227 H
767 3189 815 3228 17
848 3182 1009 3231 ἐθέλοι
1037 3185 1085 3228 in
1114 3199 1226 3240 mrg.
1259 3186 1407 3242 suppl.
1440 3185 1475 3229 P
1611 3190 1660 3230 18
1691 3189 1849 3239 καλῶς
1879 3182 1940 3232 ἂν
1973 3186 2066 3239 ΡΗ,
2099 3199 2284 3242 quorum

12 3253 15 3275 '²
193 3255 295 3298 loco
326 3246 467 3307 οὗτος
497 3254 576 3298 UB
607 3246 659 3300 εὖ
688 3254 738 3297 Μ
852 3252 1064 3313 ποιήσειε
1094 3256 1244 3312 Emp.‚
1275 3256 1459 3309 ποιήσει
1489 3256 1621 3301 UBM
1651 3255 1844 3313 ποιήσοι
1874 3256 1954 3301 ΡΗ
2082 3260 2133 3300 19
2165 3252 2283 3314 σφά-

194 3328 325 3370 λοιτο
358 3324 489 3367 ΜΡΗ
633 3329 686 3369 20
718 3320 849 3385 αὐτῷ
877 3341 928 3370 τε
956 3325 1001 3369 H
1030 3320 1178 3372 αὐτοῦ
1207 3342 1259 3372 τε
1289 3326 1324 3369 Ρ
1468 3334 1571 3380 τοῖς
1601 3339 1685 3370 om.
1717 3327 1848 3372 UBM
2010 3331 2286 3383 κατορθοῦν

193 3395 323 3451 Emp.
355 3397 615 3454 κατορθῶν
647 3395 751 3439 libri
922 3396 966 3443 εἰ
1003 3410 1087 3440 om.
1128 3397 1166 3440 B
1338 3400 1388 3440 21
1431 3399 1540 3456 περὶ
1570 3411 1655 3442 om.
1696 3397 1735 3442 U
1908 3396 2120 3444 ἱππεύειν
2158 3398 2199 3441 H
2229 3399 2283 3451 (Ῥ)

194 3466 373 3521 Reiske,
405 3463 618 3512 ἱππεύων
639 3467 778 3510 ceteri
868 3471 920 3511 22
949 3463 979 3525 ἢ
1008 3464 1066 3514 τὰ
1097 3463 1222 3513 κατὰ
1245 3468 1411 3512 Reiske
1431 3465 1526 3514 εἴτε
1555 3464 1678 3515 κατὰ
1703 3468 1864 3513 UBPH
1893 3462 1975 3527 ἥτε
2005 3466 2128 3515 κατὰ
2152 3469 2198 3510 Μ

192 3534 421 3596 μουσικὴν
459 3529 517 3594 ἦν
554 3537 597 3580 Η
800 3536 1057 3596 γιγνώσκοι
1087 3538 1216 3591 WiL,
1257 3536 1536 3597 γιγνώσκων
1572 3539 1746 3585 UMPH
1786 3537 2035 3599 γινώσκων
2077 3541 2114 3583 Β

193 3611 246 3652 23
277 3603 600 3667 ἁμαρτάνοιεν
629 3622 710 3666 pro
743 3604 1012 3667 ἁμαρτάνοι
1049 3605 1111 3656 ἄν
1152 3609 1199 3651 Μ
1236 3609 1308 3662 (de
1339 3610 1375 3653 B
1413 3610 1476 3654 nil
1515 3613 1710 3656 testatur
1738 3611 1888 3668 Emp.)
2063 3615 2118 3655 24
2149 3615 2282 3657 δυνα-

193 3675 278 3732 τός
305 3679 487 3735 scripsi‚
529 3677 731 3726 δυνατόν
759 3680 862 3725 libri
1034 3684 1086 3725 26
1118 3681 1166 3728 δὲ
1195 3676 1305 3739 ἄρτι
1336 3694 1421 3726 om.
1454 3682 1554 3738 PH;
1602 3682 1650 3729 δὲ
1680 3680 1813 3730 ἄττει
1844 3682 2036 3729 coniecit
2065 3681 2168 3726 Wil.

197 3741 358 3807 ὀρθῶς
386 3749 428 3793 Η
