2684 4140
380 244 481 291 146
1077 234 1314 290 [DIONIS]
1346 234 1429 277 DE
1459 233 1752 278 FORTUNA

375 399 515 433 ποτε
530 383 612 441 εἰς
629 382 870 449 ῥήτορας
891 375 1242 446 ἠδικήθησαν
1261 378 1354 427 καὶ
1372 378 1534 446 ἤγετο
1554 379 1951 447 Δημοσθένης,
1975 380 2159 431 οὐκέτι
2178 389 2276 452 τῆς
2295 385 2461 453 τύχης
2666 356 2676 439 l

373 465 795 531 ἐπισκοπούσης
833 462 932 522 τὰς
951 455 1216 530 Ἀθήνας.
1281 463 1407 526 ἐμοὶ
1447 458 1505 511 δὲ
1535 459 1695 512 δοκεῖ
1710 463 1803 512 καὶ
1831 463 2065 532 οὐρανὸς
2103 467 2267 536 τύχην
2299 468 2458 532 ἔχειν,
2670 478 2674 486 ’

308 556 339 603 4
379 550 591 598 ὁπόταν
629 547 865 614 αἰθρίαν
904 546 1025 613 ἔχῃ,
1074 542 1150 612 μὴ
1193 547 1404 606 σκότος.
1491 548 1627 614 ὁρᾶν
1678 544 1737 596 δὲ
1781 544 1884 616 χρὴ
1923 550 2016 599 καὶ
2052 551 2115 599 τὸ
2156 551 2461 620 εὐμήχανον

373 632 556 700 αὐτῆς.
631 628 736 699 ἤδη
777 635 907 697 γοῦν
944 647 1031 690 τις
1068 631 1322 680 ἐκπεσὼν
1361 631 1499 691 νεὼς
1537 632 1595 681 ἐν
1634 629 1867 699 πελάγει
1895 633 2174 703 εὐπόρησε
2212 643 2314 686 τοῦ
2350 633 2460 708 ζῆν,

367 712 648 784 ἐλθούσης
674 716 853 783 τύχης.
1002 711 1161 777 ἄξιον
1203 713 1260 765 δὲ
1289 716 1473 765 εἰπεῖν
1510 717 1603 766 καὶ
1639 718 1702 766 τὸ
1746 718 1960 784 συμβὰν
2000 720 2116 770 ἀπὸ
2155 728 2254 791 τῆς
2291 725 2456 793 τύχης
2492 736 2515 775 5

361 791 605 866 Ἀπελλῇ
653 797 733 864 τῷ
783 795 1075 870 ζωγράφῳ.
1164 801 1240 861 ὡς
1286 800 1390 869 γὰρ
1442 797 1630 868 λόγος,
1682 802 1864 853 ἵππον
1915 805 2035 869 οὐχὶ
2081 803 2143 868 ἐξ
2179 807 2460 874 ἐργασίας,

368 880 508 932 ἀλλὰ
547 884 606 933 ἐκ
643 881 894 950 πολέμου
921 886 1124 936 ἐποίει.
1188 883 1408 956 ὑψηλὸς
1443 883 1509 956 ἧν
1547 885 1629 953 τῷ
1667 888 1854 952 αὐχένι
1879 891 1973 940 καὶ
2006 891 2332 953 ἐπανεστὼς
2367 894 2462 943 καὶ

367 968 435 1017 τὰ
477 966 593 1018 ὦτα
635 970 836 1035 ὄρθιος
873 972 966 1021 καὶ
1005 968 1203 1040 δριμὺς
1240 972 1342 1033 τὰς
1382 973 1565 1039 ὄψεις,
1607 974 1682 1034 ὡς
1720 974 1779 1023 ἐκ
1818 970 2070 1039 πολέμου
2111 979 2325 1046 παρών,
2365 980 2463 1028 τὸν
2481 997 2678 1038 (3263111

366 1054 425 1103 ἐκ
461 1060 564 1104 τοῦ
600 1051 807 1124 δρόμου
846 1057 1034 1122 θυμὸν
1071 1058 1129 1107 ἐν
1155 1061 1282 1118 ταῖς
1308 1059 1514 1125 ὄψεσιν
1541 1058 1695 1122 ἔχων,
1738 1060 1794 1109 οἱ
1821 1056 1879 1109 δὲ
1906 1057 2082 1122 πόδες
2106 1063 2460 1132 ὑπεφέροντο

366 1139 424 1188 ἐν
463 1137 543 1206 τῷ
581 1140 733 1209 ἀέρι,
781 1142 950 1211 μικροὶ
990 1143 1272 1210 ψαύοντες
1311 1143 1416 1193 ἀνὰ
1465 1147 1636 1212 μέρος
1684 1151 1782 1215 τῆς
1831 1151 1944 1215 γῆς.
2029 1148 2123 1197 καὶ
2173 1148 2204 1197 ὁ
2238 1149 2460 1215 ἡνίοχος
2498 1164 2544 1204 10

367 1226 588 1294 ἐκράτει
625 1231 728 1276 τοῦ
756 1224 1004 1291 χαλινοῦ,
1043 1229 1106 1277 τὸ
1135 1225 1441 1294 πολεμικὸν
1471 1222 1848 1294 σάλευματοῦ
1873 1230 2057 1281 ἵππου
2085 1232 2201 1282 ἀπὸ
2229 1235 2466 1303 ῥυτῆρος

305 1318 336 1366 5
375 1311 539 1377 ἄγων.
635 1311 860 1361 ἅπαντα
913 1309 970 1362 δὲ
1022 1314 1257 1383 ἐχούσης
1303 1320 1402 1384 τῆς
1459 1315 1673 1375 εἰκόνος
1726 1316 1950 1366 ἐοικότα
2006 1314 2229 1369 ἔλειπεν
2280 1320 2470 1389 ἀφροῦ

364 1400 590 1463 χρῶμα,
642 1395 762 1446 οἷον
801 1397 868 1447 ἂν
915 1401 1133 1464 γένοιτο
1184 1402 1443 1466 μιγέντος
1483 1400 1722 1465 αἵματος
1757 1402 1850 1451 καὶ
1886 1402 2057 1470 ὑγροῦ
2089 1404 2230 1453 κατὰ
2272 1412 2463 1475 συνεχῆ
2483 1423 2563 1461 (591
2583 1422 2637 1461 Μ)

369 1476 538 1544 μῖξιν,
581 1477 882 1542 διώκοντος
918 1485 1020 1547 μὲν
1058 1490 1160 1533 τοῦ
1195 1485 1497 1550 ἄσθματος
1523 1487 1586 1535 τὸ
1614 1487 1779 1554 ὑγρὸν
1805 1492 1916 1537 τῶν
1945 1489 2256 1553 στομάτων,
2296 1490 2467 1559 ἀφρί-

371 1559 581 1633 ζον[τος
609 1560 686 1634 δὲ]
714 1573 782 1635 τῇ
807 1574 957 1636 κοπῇ
984 1574 1087 1617 τοῦ
1109 1570 1444 1634 πνεύματος,
1474 1569 1612 1633 αἷμα
1643 1569 1701 1620 δὲ
1728 1573 2168 1643 ἐπιρραινούσης
2193 1572 2272 1641 τῷ
2294 1573 2461 1644 ἀφρῷ
2501 1589 2546 1630 15

369 1656 467 1719 τῆς
505 1651 563 1699 ἐκ
600 1657 703 1700 τοῦ
732 1649 968 1716 χαλινοῦ
1002 1653 1230 1722 ὕβρεως.
1308 1654 1370 1702 οὐ
1403 1650 1469 1721 δὴ
1510 1655 1743 1724 εὐπόρει
1779 1659 2017 1727 γράφειν
2059 1659 2242 1708 ἵππου
2283 1660 2467 1728 ἀφρὸν

368 1738 702 1804 κεκμηκότος
751 1738 809 1787 ἐν
859 1738 1048 1804 ἀγῶνι.
1138 1739 1371 1808 ἀπορῶν
1412 1737 1471 1789 δὲ
1523 1741 1622 1790 ἐπὶ
1671 1738 1873 1804 πλέον,
1925 1740 2084 1803 τέλος
2134 1741 2468 1812 ἀπαλγήσας

368 1822 616 1870 ἐνέσεισε
654 1822 787 1890 περὶ
824 1824 955 1883 τούς
988 1820 1254 1887 χαλινούς
1293 1830 1362 1892 τῇ
1411 1832 1602 1894 γραφῇ
1653 1821 1750 1893 τὴν
1805 1829 2096 1894 σπογγιάν.
2183 1825 2368 1877 πολλὰ
2409 1825 2467 1877 δὲ

371 1906 506 1974 αὕτη
549 1906 751 1970 ἔχουσα
785 1909 1055 1976 χρώματα
1095 1910 1319 1958 ἐοικότα
1347 1908 1513 1978 ἀφρῷ
1540 1902 1840 1979 ᾑμαγμένῳ
1870 1912 2159 1981 ἐφήρμοσε
2186 1919 2254 1981 τῇ
2279 1919 2470 1982 γραφῇ

368 1994 431 2042 τὸ
477 1998 693 2062 χρῶμα.
773 1985 1052 2064 Ἀπελλῆς
1103 1992 1160 2044 δὲ
1212 1991 1348 2045 ἰδὼν
1387 1996 1554 2065 ἐχάρη
1606 1994 1685 2063 τῷ
1737 1997 1795 2046 ἐν
1845 1997 2169 2064 ἀπογνώσει
2216 1993 2464 2066 <τέχνης>
2501 2014 2549 2054 20

369 2079 535 2147 τύχης
572 2078 711 2147 ἔργῳ
763 2079 857 2128 καὶ
905 2076 1154 2130 ἐτέλεσεν
1195 2080 1257 2129 ού
1300 2077 1393 2130 διὰ
1434 2087 1533 2149 τῆς
1570 2084 1790 2148 τέχνης,
1844 2078 1985 2131 ἀλλὰ
2038 2080 2131 2132 διὰ
2171 2089 2269 2152 τῆς
2306 2084 2471 2151 τύχης

370 2159 468 2230 τὴν
505 2164 742 2233 γραφήν.

305 2251 336 2299 6
518 2248 576 2297 τί
613 2245 671 2297 δὲ
711 2245 847 2297 ἄλλο
868 2241 1139 2318 Ἡρακλέα
1178 2254 1442 2317 μέγιστον
1481 2252 1781 2320 έποίησεν;
1820 2250 1961 2302 ἀλλὰ
2000 2253 2102 2322 γὰρ
2141 2254 2234 2303 καὶ
2274 2250 2469 2303 λέοντα

371 2330 544 2399 ἄγξας
583 2330 775 2396 ἔπνιξε
813 2335 906 2384 καὶ
944 2336 1128 2404 πτηνοὶ
1170 2331 1283 2402 ζῷα
1311 2333 1509 2398 ἐδίωξε
1548 2343 1651 2386 τοῦ
1687 2338 1868 2406 ἀέρος,
1906 2340 2000 2389 καὶ
2037 2345 2139 2388 τοῦ
2175 2336 2333 2399 ἕλους
2371 2340 2469 2408 τὴν

370 2418 542 2489 ὕδραν
581 2417 863 2490 ἀφείλετο,
907 2423 1219 2491 συντρίψας
1259 2424 1428 2493 αὐτῆς
1465 2423 1566 2484 τὰς
1602 2421 1878 2493 κεφαλάς,
1916 2424 2010 2473 καὶ
2050 2425 2144 2473 ούκ
2182 2424 2462 2493 ἐφόβησεν
2500 2438 2548 2478 25

373 2506 539 2556 αὐτὸν
590 2507 620 2555 0‘
658 2507 791 2572 περὶ
829 2507 925 2556 τὸν
957 2499 1306 2576 Ἐρύμανθον
1343 2510 1588 2576 κάπρος,
1640 2506 1780 2558 ἀλλὰ
1818 2510 1912 2559 καὶ
1950 2510 2048 2559 ἐπὶ
2086 2510 2183 2578 τὴν
2223 2512 2468 2577 ἑσπέραν

2666 1283 2676 1350 l

517 2721 533 2758 1
568 2709 857 2775 ἠδικήθησαν
885 2716 1001 2769 libri,
1031 2713 1260 2777 ἠδίκησαν
1291 2718 1422 2773 Emp.
1561 2722 1585 2762 2
1617 2716 1725 2775 ἐμοὶ
1755 2719 1804 2765 δὲ
1833 2720 1898 2774 Μ,
1930 2719 1979 2766 δὲ
2010 2732 2097 2764 om.
2132 2720 2271 2764 ceteri
2385 2713 2467 2766 α’ν-

370 2783 602 2847 θρώπους
631 2801 713 2843 pro
746 2781 953 2847 οὐρανὸς
969 2789 1047 2832 ΒΤ
1138 2794 1162 2833 3
1187 2784 1339 2835 ὁπότε
1368 2785 1430 2836 ἄν
1457 2789 1578 2844 libri,
1609 2803 1726 2835 corr.
1748 2790 1884 2834 Dind.
1975 2795 1999 2834 5
2031 2793 2114 2848 τῆς
2145 2787 2284 2848 τύχης
2304 2789 2384 2832 ΡΗ

371 2855 593 2918 ἐλεούσης
624 2859 691 2903 vel
719 2857 954 2918 θελούσης
981 2859 1196 2905 Reiskius
1284 2859 1342 2906 τὸ
1375 2874 1460 2905 om.
1492 2861 1528 2903 B
1647 2864 1671 2905 6
1702 2856 1795 2920 γὰρ
1827 2874 1913 2906 om.
1946 2860 2025 2905 UB
2146 2865 2168 2903 7
2202 2861 2463 2905 scriberem:

370 2927 424 2974 ἐκ
457 2929 671 2986 πολέμου
698 2927 984 2989 (παρόντα)
1014 2930 1102 2976 nisi
1129 2932 1161 2976 ·l.
1194 2935 1218 2975 8
1251 2928 1423 2991 παρών
1452 2937 1706 2976 recurreret
1845 2930 2001 2978 ἐποίει
2034 2957 2084 2962 —
2119 2936 2142 2975 8
2173 2928 2227 2976 ἐκ
2257 2929 2470 2986 πολέμου

371 3001 419 3044 in
450 3014 560 3056 mrg.
591 3001 739 3057 suppl.
774 3001 807 3044 P
925 2994 1011 3048 οὖν
1040 3015 1121 3059 pro
1152 2994 1209 3060 ἦν
1239 3002 1371 3046 ΜΡΗ
1486 3006 1511 3045 9
1544 3001 1728 3047 offendit
1757 3003 1922 3046 iterata
1952 3002 2186 3047 oculorum
2215 3001 2382 3046 mentio

372 3065 667 3129 ὑπεφέροντο
712 3072 897 3127 scripsi,
935 3069 1233 3132 ἐπεφέροντο
1266 3072 1345 3117 UB
1386 3066 1682 3132 ἀνεφέροντο
1714 3072 1845 3117 ΡΗΜ
1886 3073 1964 3117 sed
2005 3073 2176 3129 primae
2218 3072 2394 3116 litterae
2423 3072 2469 3114 in

373 3152 533 3183 rasura
651 3146 701 3185 10
733 3141 981 3202 ψάβοντες
1011 3143 1046 3186 P
1162 3146 1243 3189 καὶ
1274 3140 1365 3190 ἀνὰ
1399 3143 1479 3188 UB
1599 3148 1646 3187 11
1681 3148 1763 3202 τῆς
1788 3140 1941 3190 ἵππου
1961 3143 2135 3189 UMPH
2255 3146 2304 3186 12
2337 3140 2469 3201 ἄγων

376 3210 551 3265 scripsi,
582 3208 742 3269 ἄγχων
772 3213 934 3258 UBPH
965 3211 1128 3273 ἄγχων
1158 3228 1244 3259 om.
1279 3215 1327 3258 M
1446 3211 1640 3268 οἰκόνος
1670 3215 1705 3258 Ρ
1822 3211 1981 3261 ἔλιπεν
2010 3215 2170 3259 UBPH
2282 3218 2334 3258 14
2363 3210 2467 3259 διώ-

375 3294 550 3334 κοντος
578 3282 650 3325 vix
679 3295 858 3340 sanum3
890 3279 1099 3344 ἀφρίζον
1119 3289 1178 3344 τῇ
1199 3287 1318 3341 Wi1.‚
1349 3283 1645 3346 ἀφρίζοντος
1675 3286 1724 3333 δὲ
1753 3290 1810 3345 τῇ
1839 3286 1943 3331 libri
1973 3282 2322 3345 ἀφειρίζοντος
2351 3289 2469 3336 (cum

375 3349 528 3403 litura)
559 3351 598 3395 U
736 3357 784 3397 15
817 3352 1182 3414 ἕπιῤῥαίνοντος
1211 3357 1291 3401 UB
1440 3362 1490 3401 16
1519 3361 1742 3416 χαλεινοῦ
1774 3359 1823 3402 Μ
1956 3349 2131 3416 ῧβρεος
2160 3356 2196 3399 Ρ
2323 3359 2372 3400 17
2403 3351 2466 3412 μὴ

375 3418 669 3479 κεκμηκόῖθς
700 3423 740 3465 Η
912 3422 1200 3485 ἀπαλλαγεὶς
1231 3429 1279 3472 Μ
1458 3433 1506 3473 19
1539 3432 1621 3488 τῆς
1650 3432 1835 3489 γραφῆς
1864 3423 1986 3480 libri‚'
2013 3439 2127 3471 corr.
2159 3426 2326 3470 Reiske

379 3493 431 3533 2⁰
470 3489 526 3536 τὸ
575 3516 626 3522 ·’·
669 3487 812 3551 ἔργον
850 3495 929 3538 ΡΗ
1100 3500 1263 3558 τέχνης
1303 3500 1479 3556 addidi,
1518 3500 1682 3559 τέχνης
1719 3514 1804 3557 pro
1835 3497 1974 3558 τύχης
2003 3497 2144 3542 voluit
2174 3496 2326 3540 Gasda

380 3563 429 3603 21
463 3563 544 3617 τῆς
574 3563 696 3617 prius
727 3577 813 3607 om.
845 3565 926 3609 PH
1069 3564 1158 3615 ἀλὰ
1189 3570 1225 3612 P
1373 3575 1426 3615 23
1458 3573 1506 3617 τι
1535 3574 1610 3617 δαὶ
1642 3571 1721 3616 Uss
1894 3573 1948 3614 24
1980 3566 2095 3623 ἄξας
2126 3567 2174 3610 Μ
2318 3564 2466 3620 ἐδίωξε

381 3630 418 3674 U
459 3644 517 3674 m·
554 3645 620 3688 ΡΥ·
794 3638 846 3678 25
886 3631 1121 3693 ἅφέίλαῒῡ
1166 3640 1211 3682 Μ
1395 3645 1449 3686 26
1487 3639 1735 3700 ἐρύμαθον
1775 3642 1816 3687 U
1997 3641 2077 3685 καὶ
2115 3635 2240 3696 πρὸς
2278 3637 2325 3679 Μ
2367 3640 2465 3694 (pro

379 3698 581 3758 κάπρος)
2682 3705 2684 3761 ᾗ
