2684 4140
301 279 404 329 378
1055 272 1315 320 INDICES.
1365 277 1432 318 10.
1463 273 1669 319 VARIA.

357 413 625 477 Ἀθηναίοις
667 411 1008 462 συναλλάσσειν
1057 413 1181 472 πλὴν
1222 410 1335 473 ἄχρι
1438 414 1594 474 τέρων
1633 411 1837 462 οἰκοῦσαι
1876 415 2042 472 11139,
2071 421 2136 464 13.
2174 444 2230 450 -
2275 422 2416 481 Map-

357 490 588 545 μεδίμνου
615 487 815 545 κριθῶν,
845 483 920 532 διὰ
951 483 1010 531 τὸ
1042 486 1126 543 τῆς
1145 481 1336 545 γνώμης
1435 486 1575 544 γίτου
1606 484 1892 545 μωρότερος
1920 486 1966 530 II
2002 491 2187 542 17Ο,18.
2219 515 2275 522 —-
2306 494 2420 538 πλεῖ

357 553 574 610 ασθενές.
619 556 664 600 11
686 559 885 610 195,17.
1436 573 1596 603 παντα
1629 551 1813 612 ὁμοίως
1835 550 2014 605 οἷκοῖτια
2036 561 2116 605 καὶ
2138 562 2271 606 πᾶσα
2292 564 2414 643 βοῦς

299 628 455 673 Ludus
467 639 708 684 puerorum
720 617 839 674 όταν
853 608 1092 683 παίζωσιν
1108 642 1177 679 ως
1193 619 1334 673 αὐτοί
1435 620 1645 692 αροτριᾷ
1664 627 1709 672 ΙΙ
1735 631 1827 683 185,
1848 631 1917 674 13.
1941 654 1992 660 -
2015 632 2096 676 καὶ
2127 625 2218 676 τὸν
2247 627 2413 686 τόκον,

356 714 488 757 φασι,
518 696 748 757 βασιλέας
766 700 838 754 64,
859 701 884 742 2
915 700 975 756 τῇ
1004 698 1189 761 σφαίρα
1219 713 1331 743 στο·
1434 700 1569 758 φασί,
1599 701 1681 745 καὶ
1703 694 1760 746 τὸ
1783 696 2054 758 κεφάλαιον
2075 703 2159 759 τῆς
2181 704 2414 762 πονηρίας

351 765 586 829 χάζονται
606 764 838 827 αλλήλων,
861 763 887 815 ὃ
912 767 960 815 δὲ
982 771 1174 828 πληγεὶς
1195 760 1329 828 η’ττη-
1431 767 1702 816 ἐκτίνουσιν
1731 770 1776 814 11
1811 774 1904 826 196,
1930 775 1970 816 8.
2009 797 2066 804 -
2104 772 2164 816 ad
2203 768 2337 830 ὑμεῖς
2367 770 2410 819 δ’

362 858 440 887 ται
469 839 580 884 ibid.
615 843 683 883 11.
1433 832 1474 885 ὦ
1517 843 1747 900 Μεγαρῆς
1788 834 1894 888 οὐδ’
1942 839 1996 887 ἐν
2044 842 2175 905 λόγῳ
2215 839 2321 890 οὐδ’
2361 843 2413 890 ἐν

1433 907 1629 973 ἀριθμῷ
1656 911 1830 956 adludit
1845 910 1892 954 II
1907 913 2006 966 216,
2019 914 2089 956 27.
2100 937 2153 944 -
2165 906 2413 973 ὀστράκου

1431 979 1796 1038 μεταπεσόντος
1824 980 1868 1024 11
1890 983 1988 1037 239,
2006 984 2075 1026 23.
2098 1007 2153 1014 -
2177 988 2411 1030 venatores

612 1105 623 1121 r
1433 1045 1734 1109 πυκνότερον
1762 1054 1843 1098 καὶ
1868 1051 2212 1112 συνεχέστερον
2242 1051 2272 1113 ἢ
2301 1054 2413 1108 τοὺς

293 1107 805 1169 Ὀθχησῖθδίδασκαλθς
834 1109 880 1154 ῙῙ
913 1112 1008 1162 2⁶¹2
1035 1112 1100 1155 16·
1430 1123 1688 1182 κυνηγέτας
1718 1126 1836 1182 φασὶ
1863 1124 2102 1183 χαίροντα
2132 1126 2213 1169 καὶ
2242 1122 2410 1171 λυπού-

295 1195 715 1252 Physiognomones
749 1199 816 1248 70,
840 1199 881 1239 4.
1431 1210 1581 1250 μενον
1603 1198 1671 1251 77,
1688 1199 1730 1239 4.
1759 1219 1813 1226 —
1838 1189 1895 1239 τὸ
1927 1196 2011 1252 τῆς
2039 1196 2301 1253 παροιμίας
2330 1190 2412 1250 ,εἷς

296 1265 449 1311 Pictor
479 1264 662 1322 quidam
694 1265 857 1310 nobilis
880 1279 981 1310 cum
1009 1277 1137 1310 ecum
1158 1265 1330 1322 egregie
1433 1258 1554 1325 οἷνηρ
1577 1258 1728 1319 οὐδεὶς
1750 1258 1886 1325 ἀνήρ’
1932 1264 1976 1309 ΙΙ
2006 1267 2075 1321 91,
2099 1269 2139 1310 7.

354 1335 644 1393 dep¹nXi⁸⁸et'
674 1336 840 1381 lterum
862 1336 1065 1394 depumt
1084 1336 1330 1381 secundum
1373 1365 1602 1410 Rhetores
1624 1364 1888 1410 declamatio
1908 1367 2069 1410 cantus
2086 1364 2243 1409 similis
2257 1367 2354 1420 287,
2368 1369 2408 1410 8.

354 1407 474 1464 vulgi
486 1407 857 1463 reprehensiones
871 1419 898 1452 a
909 1420 1051 1464 puero
1064 1406 1151 1452 sibi
1163 1407 1330 1452 relatas

355 1479 401 1523 II
432 1481 621 1536 212,18.
1377 1476 1602 1522 Sardonia
1630 1477 1772 1521 herba
1801 1477 1941 1522 risum
1971 1482 2119 1523 movet
2149 1481 2246 1536 296,
2279 1481 2349 1523 24.

299 1550 554 1594 Praecones
587 1544 802 1609 Κήρυκες
832 1542 989 1595 ὠνίων
1011 1573 1063 1579 —-
1084 1545 1332 1607 κλοπῶνῆ
1376 1548 1639 1604 Sculptores
1680 1560 1836 1592 eorum
1875 1549 1931 1592 de
1970 1549 2199 1604 theologia
2243 1548 2406 1594 merita

357 1622 584 1677 δρασμῶν
631 1614 843 1679 μήνυτρα
892 1618 1205 1678 προτιθέντες
1241 1621 1328 1664 eto.
1434 1631 1538 1663 cum
1580 1621 1816 1674 poetarum
1854 1619 2025 1664 meritis
2066 1622 2403 1676 comparantur.

299 936 459 997 Νόμοι
481 937 607 1000 ἱεροί
618 951 628 962 ·
651 933 772 998 ῧπὲρ
793 940 892 985 τῶν
913 932 1217 998 ἀδικημάτων
1232 942 1331 985 τῶν

354 1008 406 1056 ἐν
439 1017 543 1063 ταῖς
574 1007 766 1070 ἑορταῖς
795 1009 842 1054 II
876 1014 970 1065 193,
993 1013 1062 1055 20.

357 1693 454 1746 212,
478 1693 546 1734 25.
1433 1702 1500 1734 or.
1531 1688 1620 1732 XII
1652 1690 1832 1746 §62sq.

300 1760 566 1831 Proverbia.
586 1756 739 1805 ίππου
778 1763 929 1819 γῆρας
970 1764 1047 1815 91,
1080 1763 1148 1804 22
1180 1786 1234 1792 —-
1267 1761 1332 1814 εἰς
1376 1759 1540 1804 Statua
1597 1760 1851 1815 quingentis
1898 1760 1969 1805 vel
2013 1759 2135 1804 mille
2179 1760 2406 1804 drachmis

359 1829 476 1878 ὄνου
525 1833 627 1877 ω’τα
676 1827 807 1877 αδειν
861 1831 1030 1876 fabella
1076 1831 1332 1876 illustratur
1433 1832 1614 1876 constat
1645 1833 1742 1887 236,
1765 1833 1833 1874 29.

359 1906 457 1959 297,
476 1907 515 1947 4.
541 1905 772 1964 -Λυδῴ,
795 1905 927 1961 φασί,
959 1899 1220 1962 πράγματα
1245 1919 1333 1949 ουκ
1377 1908 1667 1960 συγγραφεῖς
1717 1901 2031 1960 συμβολαίων
2074 1903 2155 1946 καὶ
2199 1892 2407 1960 προκλή·

357 1975 427 2031 η’ν,
461 1972 486 2019 ὁ
521 1974 567 2018 δε
599 1971 813 2027 ἐξελθων
843 1971 1046 2033 ἐπρίατο
1070 1973 1113 2016 ΙΙ
1131 1977 1199 2029 63,
1218 1977 1256 2018 4.
1277 1999 1331 2005 —
1435 1988 1562 2019 σεων
1601 1974 1682 2018 καὶ
1721 1970 1943 2019 καθόλου
1983 1973 2082 2018 τῶν
2122 1973 2232 2031 περὶ
2274 1972 2407 2025 δίκας

356 2043 469 2103 μηδὲ
495 2045 625 2102 δίκην
649 2040 855 2102 δικασῃς,
886 2047 1019 2104 φασὶ,
1041 2047 1154 2104 πρὶν
1175 2061 1331 2103 αμφο-
1433 2047 1513 2090 καὶ
1543 2041 1814 2104 ἐγκλήματα
1847 2047 1943 2100 212,
1975 2046 2045 2087 27.
