2684 4140
1114 287 1338 332 ORATIO
1368 287 1491 332 XLI.
2282 289 2346 337 61

266 430 443 494 ἀξίαν.
519 435 721 502 ἀνάγκη
771 432 873 500 γὰρ
914 429 1074 497 οἶμαι
1111 435 1241 494 τοὺς
1279 430 1525 494 πολλοὺς
1561 435 1672 484 ὑπὸ
1723 435 1827 498 μὲν
1866 430 2119 503 ἀλλήλων
2162 432 2343 501 βλάπ-

263 518 499 581 τεσθαι,
561 518 716 587 παρὰ
766 514 823 567 δὲ
874 520 994 578 τοῖς
1042 514 1237 579 ἄλλοις
1285 518 1778 588 καταφρονεῖσθαι
1825 520 1919 569 καὶ
1969 516 2217 583 ἀδοξεῖν,
2268 522 2345 582 ὡς

262 608 427 652 τοῦτο
464 604 566 668 μὲν
601 603 963 671 ὑπαρχόντων
1002 593 1194 664 αὐτοῖς
1218 604 1500 666 ἐναντίων,
1540 609 1703 654 τοῦτο
1745 600 1803 653 δὲ
1844 597 2047 666 αὐτούς
2086 606 2341 674 ἄφρονας

44 687 357 738 (185R11m0el
396 684 731 756 φιλονίκους.
798 683 992 756 φιλίας
1032 683 1089 736 δὲ
1127 688 1220 738 καὶ
1258 689 1522 753 ὁμονοίας
1562 681 1722 738 οὐδὲν
1759 685 1985 739 κάλλιον
2014 682 2141 739 οὐδὲ
2179 690 2338 740 θειό-

10 759 12 764 ’
205 778 229 818 5
265 787 425 839 τερον
469 773 562 822 καὶ
603 769 762 840 ἀνδρὶ
811 772 955 840 πρὸς
1002 769 1177 840 ἄνδρα
1226 774 1319 823 καὶ
1368 769 1534 823 πόλει
1583 774 1727 842 πρὸς
1775 770 1959 824 πόλιν.
2044 774 2192 835 τίνες
2239 775 2340 839 μὲν

257 856 361 923 γὰρ
407 849 854 925 εὐπρεπέστερον
902 861 1142 907 κτῶνται
1192 857 1417 924 τάγαθὰ
1467 863 1577 907 τῶν
1636 854 1816 926 φίλων
1875 853 2334 926 συμποριζόντων
2362 859 2424 910 13

260 933 482 1003 αὐτοῖς,·
542 942 689 1002 τίνες
740 938 798 991 δὲ
856 942 1248 1011 ἀποφεύγουσι
1295 941 1363 992 τὰ
1423 942 1562 992 κατὰ
1621 940 1760 1011 ῥᾷον
1819 943 1850 1011 ἢ
1912 942 1998 1004 οἶς
2055 943 2122 992 ἂν
2181 940 2342 1012 φίλοι

260 1031 620 1091 συμμαχῶσι,·
667 1026 834 1076 τίνων
885 1023 943 1076 δὲ
996 1026 1162 1095 ἦττον
1211 1027 1454 1076 ἅπτεται
1499 1027 1568 1076 τὰ
1621 1024 1840 1096 λυπηρὰ
1879 1028 1911 1096 ἢ
1953 1033 2064 1078 τῶν
2101 1029 2338 1091 ἑχόντων

256 1111 388 1171 τούς
437 1107 839 1177 συναλγοῦντας
892 1110 985 1160 καὶ
1036 1113 1424 1179 συμφέροντας
1490 1103 1716 1171 αὐτοῖς,·
1770 1111 1889 1161 τίσι
1947 1108 2004 1161 δὲ
2063 1109 2222 1180 ἥδιον
2274 1112 2336 1160 τὸ

171 1198 219 1241 10
259 1187 503 1259 εὐτυχεῖν
538 1195 571 1263 ἢ
611 1197 738 1245 ὅσοι
772 1196 845 1264 μὴ
885 1196 1057 1259 μόνον
1096 1195 1323 1256 αὐτούς,
1374 1191 1514 1243 ἀλλά
1564 1195 1658 1244 καὶ
1695 1191 1898 1256 ἄλλους
1937 1188 2336 1264 εὐφραίνουσιν

256 1277 321 1328 εὖ
355 1279 696 1346 πράττοντες
706 1295 725 1339 ;
763 1279 840 1339 ὡς
870 1278 1039 1345 ἔγωγε
1067 1275 1165 1328 οὐδ
1175 1271 1191 1290 ’
1235 1279 1302 1329 ἂν
1330 1279 1573 1343 εὐτυχεῖν
1599 1280 1808 1330 ἐκεῖνον
1835 1281 1931 1330 τόν
1958 1278 2133 1349 ἄνδρα
2164 1282 2337 1350 φαίην

255 1361 318 1423 ὃς
345 1360 540 1412 οὐδένα
567 1363 680 1427 ἔχει
705 1363 800 1412 τὸν
829 1359 1216 1432 συνηδόμενον.
1282 1357 1385 1430 [τίς
1412 1360 1470 1413 δὲ
1502 1358 1795 1433 συνεργός,]
1833 1365 1920 1426 τίς
1957 1362 2016 1415 δὲ
2058 1361 2335 1430 σύμβολος
2359 1368 2423 1417 14

254 1448 495 1512 ἀμείνων
541 1451 662 1508 τοῖς
713 1444 930 1497 ἰδοῦσιν
979 1448 1011 1516 ἢ
1065 1445 1232 1518 φίλος
1279 1449 1548 1512 ἐντυχών,
1598 1447 1790 1513 σχεδὸν
1837 1449 1940 1518 γὰρ
1991 1446 2153 1510 οὗτος
2203 1450 2336 1513 σύμ-

251 1528 421 1596 βολος
461 1531 522 1580 οὐ
560 1533 731 1597 μόνον
770 1533 1187 1602 εὐφημότατος,
1239 1530 1378 1583 ἀλλὰ
1416 1534 1509 1584 καὶ
1547 1531 2014 1603 ὠφελιμώτατος,
2055 1528 2184 1602 [καὶ]
2225 1536 2331 1600 ὅτῳ

171 1621 219 1664 15
254 1616 322 1666 ἂν
371 1617 561 1685 ἐντύχῃ
614 1617 750 1687 ἀνὴρ
801 1617 1007 1679 εὔνους.
1096 1618 1165 1667 τὰ
1216 1615 1274 1667 δὲ
1325 1624 1428 1668 τοῦ
1470 1619 1672 1683 μίσους
1718 1619 1812 1669 καὶ
1858 1618 1926 1667 τά
1978 1625 2076 1688 τῆς
2124 1619 2334 1686 ἔχθρας

248 1708 506 1770 πανταχῇ
548 1698 767 1771 λυπηρὰ
804 1704 898 1753 καὶ
937 1700 1186 1772 δυσχερῆ.
1257 1700 1506 1767 χαλεπὸν
1554 1704 1655 1768 μὲν
1693 1703 1751 1752 ἐν
1792 1700 2038 1771 σπουδῇ,
2083 1700 2332 1767 χαλεπὸν

249 1783 308 1835 δὲ
346 1787 405 1836 ἐν
443 1787 755 1856 εὐφροσύνῃ
797 1787 994 1855 παρών
1031 1788 1267 1856 ἐχθρός,
1318 1785 1564 1857 λυπηρὸν
1601 1788 1702 1855 μὲν
1741 1788 1943 1855 ὁρῶσι,
1986 1783 2232 1856 λυπηρὸν
2273 1785 2331 1837 δὲ

247 1873 673 1939 μνημονεύουσι,
716 1869 860 1922 πολύ
902 1870 961 1922 δὲ
1001 1874 1231 1923 πάντων
1271 1875 1646 1940 πειρωμένοις
1683 1868 2124 1940 βλαβερώτατον.

12 449 17 572 ἓ

12 573 16 614 ἰ

10 615 15 758 ἕ

25 2313 217 2398 ηὲἓοὲῐἪ
561 2317 682 2382 (25)
740 2315 1167 2384 ΔΙΑΛΕΞΙΣ
1221 2315 1350 2382 ΕΝ
1401 2316 1570 2382 ΤΗΙ
1611 2316 2001 2384 ΠΑΤΡΙΔΙ.

366 2550 559 2619 Ὅπως
615 2559 715 2623 μὲν
764 2560 922 2624 ὑμεῖς
970 2558 1299 2611 διανοεῖσθε
1351 2561 1482 2628 περὶ
1530 2560 1669 2625 έμοῦ
1714 2563 1806 2612 καὶ
1861 2569 1959 2631 τῆς
2014 2564 2150 2633 ἐμῆς
2206 2562 2317 2614 εἴτε
2359 2566 2382 2615 1

157 2657 205 2702 20
244 2642 452 2710 σοφίας
490 2641 601 2692 εἴτε
640 2644 897 2708 ἀμαθίας
937 2645 998 2694 οὐ
1039 2642 1279 2711 δύναμαι
1318 2642 1640 2711 ξυμβαλεῖν,
1691 2648 1931 2715 πότερον
1984 2648 2159 2708 ὅντως
2195 2649 2320 2698 ἑπι-

236 2725 472 2791 θυμεῖτε
510 2733 620 2777 τῶν
660 2725 862 2795 λόγων,
912 2731 989 2791 ὡς
1036 2730 1407 2795 ἀκουσόμενοί
1443 2747 1499 2779 τι
1548 2730 1882 2795 θαυμαστὸν
1933 2733 2026 2782 καὶ
2063 2738 2318 2782 τοιοῦτον

236 2811 437 2861 ὁποῖον
478 2812 573 2861 οὐκ
610 2813 676 2863 ἂν
715 2816 903 2883 ἑτέρου
942 2819 1053 2865 τῶν
1091 2821 1200 2877 νῦν,
1238 2815 1270 2883 ἢ
1311 2815 1650 2877 τούναντίον,
1690 2816 1766 2875 ὡς
1804 2816 1899 2879 ἐμὲ
1939 2812 2313 2881 ἐξελέγξοντες

230 2896 324 2946 καὶ
371 2894 768 2960 ἀποδείξοντες
816 2899 987 2949 οὐθὲν
1035 2902 1175 2965 μέγα
1226 2895 1351 2948 οὐδὲ
1405 2895 1717 2948 σπουδαῖον
1766 2900 2157 2963 ἐπιστάμενον.
2257 2901 2307 2949 εἰ
2346 2902 2377 2951 2

233 2980 334 3043 μὲν
371 2981 472 3049 γὰρ
522 2982 699 3043 οὕτως
737 2983 912 3047 ἔχετε,
952 2984 1184 3051 θαρρῶν
1223 2983 1351 3047 ὑμῖν
1392 2985 1617 3049 παρέχω
1658 2983 1923 3046 ἐμαυτόν,
1977 2983 2066 3032 ἵνα
2105 2981 2316 3052 ἐμπλή-

155 3086 203 3128 25
242 3075 372 3131 σητε
420 3066 518 3134 τὴν
566 3068 922 3135 προθυμίαν·
978 3069 1029 3117 εἰ
1081 3065 1139 3117 δὲ
1187 3068 1291 3135 μή,
1344 3066 1630 3135 φοβοῦμαι
1679 3067 1777 3134 τὴν
1824 3067 2079 3116 ἐναντίαν
2131 3064 2314 3130 δόξαν,

376 3243 395 3282 1
429 3238 541 3294 τοὺς
570 3240 818 3296 τοιούτους
849 3242 1029 3287 Geelius
1188 3238 1490 3290 ἀνάπτεσθαι
1520 3244 1635 3299 libri,
1668 3256 1782 3288 corr.
1813 3244 1944 3301 Emp.
2118 3251 2143 3291 5
2175 3243 2312 3293 πόλει

233 3304 358 3366 πρὸς
378 3307 564 3369 ἰδιώτην
583 3311 702 3367 libri,
724 3325 839 3357 corr.
862 3312 1028 3357 Reiske
1116 3317 1139 3357 7
1161 3310 1191 3371 ἢ
1210 3327 1295 3358 om.
1317 3314 1367 3358 M
1453 3316 1611 3372 φίλοις
1631 3314 1680 3357 Μ
1767 3317 1791 3359 8
1814 3318 2123 3374 συμμαχῶσιν
2139 3317 2228 3360 ΒΜ

232 3381 258 3422 9
290 3374 452 3433 αὑτοῖς
484 3380 525 3426 U
557 3376 718 3435 αὐτοῖς
748 3383 826 3426 ΒΤ
915 3387 963 3427 11
997 3378 1063 3438 ὥς
1092 3379 1242 3443 ἔγωγε
1272 3397 1310 3430 e.
1343 3399 1384 3442 q.
1415 3397 1452 3430 s.
1483 3384 1642 3430 similia
1671 3385 1881 3441 leguntur
1910 3399 1973 3430 or.
2004 3387 2224 3443 111§102

232 3452 282 3492 12
313 3451 389 3496 τίσ
418 3477 471 3483 —
504 3449 731 3511 συνεργός
759 3452 865 3498 secl.
897 3453 1000 3498 Wil.
1117 3457 1191 3501 δαὶ
1220 3468 1305 3512 pro
1335 3455 1384 3502 δὲ
1414 3457 1452 3499 Β
1588 3458 1663 3502 δαὶ
1693 3469 1775 3513 pro
1807 3457 1855 3503 δὲ
1884 3456 1964 3502 UB
2072 3454 2312 3516 σύμβολος

225 3521 401 3578 scripsi,
433 3519 702 3582 σύμβουλος
720 3524 823 3568 libri
910 3528 960 3567 13
983 3532 1084 3578 τοῖς
1103 3525 1282 3572 ἰδοῦσιν
1309 3525 1360 3570 Μ
1390 3533 1491 3579 τοῖς
1519 3520 1709 3584 ηδοῦσιν
1730 3526 1812 3571 BU
1831 3527 1895 3581 (in
1924 3527 2010 3572 hoc
2036 3529 2311 3586 χρηίζουσιν

225 3603 254 3636 a
283 3598 551 3646 correctore)
680 3589 886 3653 ευτυχῶν
915 3595 992 3639 ΒΤ
1024 3591 1232 3654 εὐτυχῶν
1260 3597 1302 3642 U
1329 3609 1388 3642 m.
1418 3610 1484 3654 pr.
1515 3599 1645 3651 (corr.
1677 3594 1900 3656 ἐντυχών)
2025 3599 2166 3651 οὖτος
2196 3594 2309 3655 σύμ-

224 3665 374 3720 βολος
394 3663 525 3709 Dind.
558 3655 700 3717 οὗτος
731 3662 998 3724 σύμβουλος
1025 3666 1073 3710 Μ
1104 3668 1246 3720 οὗτος
1277 3660 1302 3712 ὃ
1336 3663 1605 3726 σύμβουλος
1633 3667 1755 3714 UBT
1789 3670 1930 3722 οὗτος
1958 3670 2038 3714 καὶ
2068 3668 2309 3728 σύμβολος

223 3732 356 3790 Emp.
474 3738 527 3779 14
555 3737 635 3781 καὶ
663 3737 771 3781 secl.
803 3737 932 3793 Emp.
1053 3727 1152 3782 ότω
1187 3749 1242 3782 ex
1273 3728 1398 3784 ου’τω
1429 3750 1517 3783 ras,
1549 3738 1591 3784 U
1681 3765 1683 3767 -
