2684 4140
1057 253 1284 299 ORATIO
1313 253 1456 298 XXX.
2193 254 2293 304 299

221 396 277 444 οἱ
315 392 373 445 δὲ
411 396 505 446 καὶ
529 392 774 456 πλείους.
837 400 1023 461 μένειν
1063 394 1121 447 δὲ
1151 399 1246 462 οὐχ
1272 400 1513 461 ἑκόντας,
1554 396 1693 449 ἀλλά
1719 398 1826 467 μιᾷ
1852 401 2069 460 πάντας
2099 397 2298 452 ἁλύσει

221 476 495 530 δεδέσθαι
531 482 599 529 τά
637 497 697 530 τε
748 482 979 546 σώματα
1028 483 1121 532 καὶ
1158 483 1258 543 τάς
1295 485 1494 550 ψυχάς,
1519 478 1816 552 [καθάπερ
1865 486 1958 534 καὶ
1995 478 2093 555 ἐφ’
2135 489 2294 555 ήμῶν

221 560 362 613 ἰδεῖν
400 564 553 614 ἔστιν
601 565 659 613 ἐν
698 560 893 615 ἁλύσει
928 564 1033 633 μιᾷ
1085 563 1408 631 δεδεμένους
1457 565 1702 629 πολλοὺς
1750 564 1987 639 ἑφεξῆς],
2026 571 2294 635 τούς.μὲν

222 648 402 698 αὐτῶν
432 650 712 716 σμικρούς,
751 651 881 710 τούς
920 647 978 700 δὲ
1004 648 1292 717 μεγάλους,
1331 653 1424 702 καὶ
1449 654 1578 713 τούς
1614 655 1714 717 μὲν
1743 654 2020 721 αἰσχρούς,
2060 655 2190 715 τούς
2235 648 2290 705 δ’

165 739 190 778 5
226 731 554 797 εὐπρεπεῖς,
597 729 754 782 οὐδὲν
794 730 852 782 δὲ
891 734 1055 803 ἧττον
1094 736 1349 796 ἅπαντας
1386 730 1484 785 ἐπ’
1540 735 1666 806 ἴσης
1702 739 1759 787 έν
1807 744 1874 806 τῇ
1914 738 2050 806 αὐτῇ
2088 739 2292 806 ἀνάγκῃ

219 814 470 878 ἔχεσθαι.
536 816 745 880 ὁμοίως
785 814 843 866 δὲ
868 819 961 868 καὶ
997 823 1122 880 ταῖς
1147 821 1338 884 τύχαις
1363 837 1422 870 τε
1446 822 1539 871 καὶ
1566 818 1757 883 δόξαις
1793 823 1885 872 καὶ
1909 826 2100 887 τιμαῖς
2126 820 2290 892 ἀλλή-
2319 825 2381 877 18

221 895 330 949 λων
355 900 662 964 ὑπερέχειν,
705 901 895 970 ὥσπερ
923 907 1044 963 τοῖς
1073 905 1341 968 σώμασιν.
1418 903 1564 955 εἶναι
1590 905 1691 972 γὰρ
1719 907 1848 965 τούς
1873 907 1972 970 μὲν
2009 903 2294 971 βασιλέας,

218 984 349 1043 τούς
388 981 447 1033 δὲ
487 981 746 1047 ἰδιώτας,
784 987 877 1036 καὶ
913 988 1044 1047 τούς
1079 989 1180 1052 μὲν
1220 986 1554 1051 πλουσίους,
1594 991 1724 1049 τούς
1763 987 1821 1038 δὲ
1861 991 2126 1057 ἀπόρους.
2201 991 2296 1040 καὶ

220 1064 380 1118 οὐδέν
417 1083 477 1134 γε
516 1069 671 1137 παρὰ
711 1075 875 1119 τοῦτο
903 1068 1132 1121 ἔλαττον
1157 1074 1511 1123 κακοπαθεῖν
1536 1075 1629 1123 καὶ
1656 1075 1992 1137 συνέχεσθαι
2028 1073 2105 1141 τῷ
2146 1073 2294 1140 αὐτῷ

140 1158 187 1199 10
225 1148 411 1219 δεσμῷ
450 1154 580 1214 τούς
619 1151 953 1219 εὐδαίμονας
989 1152 1361 1220 καλουμένους
1399 1163 1508 1206 τῶν
1548 1159 1800 1226 πενήτων
1839 1174 1896 1206 τε
1933 1160 2026 1207 καὶ
2063 1155 2294 1220 ἀδόξων,

0 1235 1 1267 i
219 1233 360 1286 ἀλλὰ
398 1234 610 1302 μᾶλλον
648 1240 860 1288 τούτων
892 1240 1148 1300 ἐκείνους.
1214 1241 1556 1304 ἰσχνοτέροις
1594 1242 1695 1309 γὰρ
1726 1241 1881 1291 οὖσιν
1911 1242 2100 1302 αὐτοῖς
2136 1258 2292 1306 κεχα-
2319 1247 2382 1297 19

49 1330 203 1376 (80311)
222 1316 440 1371 λάσθαι
478 1323 575 1372 τὸν
615 1319 820 1387 δεσμὸν
856 1325 949 1373 καὶ
978 1321 1361 1392 λαγαρώτερον
1400 1326 1611 1391 ἑκάστῳ
1642 1326 2034 1393 περικεῖσθαι·
2075 1330 2194 1385 τοῖς
2238 1323 2296 1375 δὲ

217 1403 513 1470 βασιλεῦσι
531 1408 624 1457 καὶ
642 1409 949 1475 τυράννοις,
980 1407 1072 1457 οἶα
1096 1405 1158 1477 δὴ
1184 1412 1605 1478 πεφυσημένοις
1631 1411 1728 1479 τὴν
1755 1412 1936 1480 ψυχὴν
1961 1411 2054 1459 καὶ
2075 1407 2294 1479 σφόδρα

217 1489 527 1553 εὐεκτοῦσι,
565 1487 778 1555 μᾶλλον
827 1492 1121 1558 ἐγκεῖσθαι
1167 1494 1260 1543 καὶ
1295 1490 1547 1559 θλίβειν·
1601 1494 1792 1563 ὥσπερ
1831 1496 1888 1544 ἑν
1926 1498 2046 1554 τοῖς
2083 1496 2151 1543 τὰ
2194 1495 2299 1543 σώ-

142 1581 191 1624 15
227 1590 377 1637 ματα
419 1571 736 1640 δεδεμένοις
773 1577 903 1636 τούς
941 1581 1140 1641 παχεῖς
1177 1594 1236 1628 τε
1272 1579 1365 1627 καὶ
1415 1576 1677 1644 ὀγκώδεις
1713 1585 1823 1629 τῶν
1863 1576 2080 1629 λεπτῶν
2117 1596 2179 1629 τε
2211 1581 2304 1629 καὶ

220 1661 486 1731 ἀτρόφων
523 1658 735 1726 μᾶλλον
775 1663 806 1710 ὁ
851 1659 1054 1727 δεσμὸς
1094 1658 1303 1724 πιέζει·
1351 1663 1508 1723 τινὰς
1556 1667 1750 1727 μέντοι
1785 1664 1878 1713 καὶ
1916 1661 2039 1713 λίαν
2079 1660 2302 1729 ὀλίγους

220 1746 461 1813 πάρεσίν
509 1763 634 1796 τινα
685 1747 829 1810 ἔχειν
876 1748 935 1797 έκ
983 1753 1086 1797 τοῦ
1120 1748 1288 1810 θεοῦ,
1325 1749 1419 1798 καὶ
1457 1746 1730 1798 δεδέσθαι
1764 1752 1890 1813 μέν,
1940 1745 2200 1817 ἐλαφρῶς
2242 1746 2299 1798 δὲ

221 1831 369 1880 πάνυ
420 1823 500 1879 δι’
554 1831 890 1880 ἐπιείκειαν·
939 1832 1081 1899 ὑπὲρ
1135 1831 1210 1882 ὧν
1261 1832 1434 1892 αὖθις
1485 1829 1725 1897 λέξομεν.
1907 1835 2181 1901 πρότερον
2233 1829 2290 1881 δὲ
2318 1834 2383 1884 20

222 1914 406 1964 εἰπεῖν
433 1911 607 1977 ἄξιον,
650 1916 726 1975 ὡς
752 1916 858 1981 ἐγώ
887 1930 1026 1966 ποτε
1053 1918 1261 1986 ἤκουσα
1301 1915 1502 1985 ἀνδρὸς
1530 1918 1764 1985 ἀγύρτου
1794 1922 1932 1978 παῖς
1959 1919 2051 1979 ὤν,
2091 1918 2298 1966 ὁποίαν

140 2004 190 2046 20
225 1998 350 2048 τινὰ
378 2000 621 2068 ἔφασκεν
648 1998 794 2050 εἶναι
820 2001 918 2069 τὴν
945 1999 1156 2064 ἅλυσιν,
1200 2003 1321 2052 οὔτι
1359 2018 1469 2051 που
1506 1999 1703 2052 ταῖσδε
1729 2002 1944 2066 ὁμοίαν,
1985 2003 2043 2051 ἐκ
2072 1999 2299 2069 σιδήρου

221 2099 279 2132 τε
304 2085 397 2133 καὶ
418 2080 628 2147 χαλκοῦ
651 2088 1056 2153 πεποιημένην,
1087 2081 1231 2133 πολὺ
1258 2087 1453 2147 μέντοι
1489 2086 1908 2150 κραταιοτέραν,
1935 2084 1997 2131 τὸ
2030 2080 2087 2131 δὲ
2119 2089 2296 2151 σχῆμα

218 2169 312 2218 καὶ
349 2170 446 2238 τὴν
496 2166 709 2239 πλοκὴν
759 2167 1183 2238 παραπλησίαν.
1261 2169 1452 2235 ὥσπερ
1502 2167 1604 2235 γὰρ
1656 2164 1778 2216 αἵδε
1827 2167 1967 2216 εἰσὶν
2006 2167 2065 2215 ἐκ
2099 2167 2299 2233 κρίκων

23 2258 387 2304 δδίΒΠηινῶν
430 2250 857 2319 κεχαλκευμέναι
912 2247 990 2304 δι’
1035 2250 1286 2322 ἀλλήλων
1328 2249 1802 2319 διαβεβλημένων,
1848 2252 1942 2300 καὶ
1989 2255 2152 2299 τοῦτο
2193 2242 2299 2298 ἀπ’

220 2338 390 2407 ἀρχῆς
427 2341 589 2407 μέχρι
636 2336 856 2399 τέλους·
911 2340 1053 2388 οὕτω
1106 2335 1169 2407 δὴ
1219 2338 1472 2405 κάκείνην
1524 2337 1694 2400 ἔχειν,
1744 2328 1781 2404 ᾗ
1821 2333 1883 2405 δὴ
1925 2336 2138 2403 ἔφαμεν
2176 2336 2305 2395 τούς

141 2428 191 2470 25
228 2424 574 2492 ἀνθρώπους
597 2425 711 2474 ὑπὸ
738 2429 850 2473 τῶν
876 2424 1030 2474 θεῶν
1053 2420 1341 2473 δεδέσθαι.
1391 2421 1778 2490 συνηρτῆσθαι
1805 2417 1863 2469 δὲ
1886 2420 2052 2489 αὐτὴν
2075 2421 2301 2469 ἅπασαν
2323 2423 2378 2471 21

220 2505 281 2570 ἐξ
316 2505 520 2578 ἡδονῆς
557 2525 616 2558 τε
653 2509 746 2559 καὶ
787 2505 989 2577 λύπης,
1029 2508 1123 2558 καὶ
1160 2512 1333 2556 ταῦτα
1373 2503 1433 2568 ἐξ
1469 2502 1721 2574 ἀλλήλων
1761 2501 2102 2568 πεπλέχθαι,
2142 2506 2205 2552 τό
2245 2520 2303 2553 τε

221 2590 322 2659 ήδύ
361 2594 455 2643 καὶ
494 2590 757 2663 λυπηρόν,
796 2595 889 2644 καὶ
926 2591 1003 2659 τῴ
1045 2595 1212 2661 ἑτέρῳ
1253 2593 1316 2641 τὸ
1356 2594 1543 2659 ἕτερον
1582 2588 1642 2652 ἐξ
1668 2591 1904 2658 ἀνάγκης
1942 2590 2029 2639 ἀεὶ
2068 2586 2301 2638 ἀκολου-

219 2678 379 2741 θεῖν,
434 2679 625 2747 ὥσπερ
678 2677 838 2743 οἶμαι
884 2679 1014 2738 τούς
1061 2678 1281 2745 κρίκους
1318 2683 1415 2746 τῆς
1453 2673 1732 2736 ἁλύσεως·
1783 2675 2033 2725 ἕπεσθαι
2073 2671 2131 2723 δὲ
2171 2676 2299 2732 ταῖς

220 2764 321 2828 μὲν
359 2760 629 2830 μεγάλαις
665 2761 897 2833 ἡδοναῖς
938 2760 1183 2830 μεγάλας
1224 2759 1430 2823 λύπας,
1480 2764 1605 2820 ταῖς
1656 2757 1714 2809 δὲ
1767 2762 2025 2826 σμικραῖς
2077 2771 2299 2823 σμικρο-

141 2852 189 2895 30
224 2851 405 2916 τέρας,
443 2849 536 2898 καὶ
573 2849 671 2917 τήν
707 2863 767 2914 γε
805 2848 1069 2916 μεγίστην
1106 2844 1307 2915 ἡδονὴν
1356 2846 1454 2894 ἐπὶ
1490 2841 1682 2904 τέλους
1720 2842 1866 2893 εἷναι
1902 2844 1997 2891 τὸν
2033 2842 2299 2891 θάνατον.

224 2931 319 2985 διὰ
358 2939 522 2984 τοῦτο
560 2934 654 2983 καὶ
693 2929 872 3001 λύπην
922 2934 1033 3000 πρὸ
1087 2931 1259 2980 αὐτοῦ
1306 2929 1627 2994 συμβαίνειν
1664 2928 1952 2994 μεγίστην·
1994 2923 2158 2994 δῆλον
2197 2926 2298 2994 γὰρ

363 3145 388 3184 2
418 3135 477 3185 τὰ
509 3140 558 3186 δὲ
587 3138 718 3183 UBM
748 3137 809 3184 τοί
839 3154 891 3184 τε
921 3136 959 3180 Τ
1073 3130 1156 3193 ἐφ’
1186 3130 1320 3193 ἡμῶν
1349 3134 1384 3176 Β
1415 3128 1500 3191 ὑφ’
1529 3128 1662 3191 ἡμῶν
1693 3132 1782 3177 UM
1897 3135 1921 3174 3
1952 3125 2113 3188 ἀλήσει
2144 3130 2192 3173 Μ

220 3207 446 3270 καθάπερ
478 3236 530 3241 -
561 3205 767 3262 πολλοὺς
805 3207 970 3266 ἐφεξῆς
1005 3207 1188 3250 lectoris
1225 3204 1556 3249 adnotationem
1595 3216 1619 3246 e
1659 3203 1856 3257 margine
1893 3202 2128 3257 irrepsisse
2164 3204 2302 3256 puto;

220 3294 324 3326 nam
354 3293 499 3336 neque
528 3274 613 3338 ὑφ’
645 3275 780 3337 ἡμῶν
807 3279 922 3323 bene
950 3290 1000 3322 se
1031 3276 1181 3331 habet,
1211 3288 1354 3332 neque
1384 3268 1467 3330 ἐφ’
1506 3269 1640 3331 ἡμῶν
1672 3272 1962 3317 Charidemus
1993 3271 2189 3315 scribere
2220 3284 2301 3327 po-

220 3353 329 3408 tuit;
374 3352 550 3397 accedit
580 3351 698 3407 quod
728 3350 863 3396 verba
893 3344 1005 3402 τοὺς
1031 3348 1119 3404 μὲν
1149 3341 1305 3393 αὐτῶν
1334 3358 1370 3389 e.
1393 3359 1434 3402 q.
1456 3357 1493 3389 s.
1525 3357 1624 3388 cum
1653 3343 2022 3387 antecedentibus
2068 3341 2302 3395 (δεδέσθαι

23 3471 24 3474 ,
221 3420 281 3471 τά
312 3440 364 3470 τε
395 3419 595 3479 σώματα
624 3424 706 3467 καὶ
734 3420 822 3474 τὰς
852 3415 1022 3478 ψυχὰς)
1051 3423 1148 3462 arte
1179 3415 1488 3471 coniungenda
1517 3427 1616 3459 esse
1645 3417 1823 3459 constat
1937 3416 1962 3457 9
1993 3407 2123 3472 αὐτῷ
2151 3412 2302 3455 malim

23 3480 25 3486 Ι
219 3494 380 3540 abesse
408 3498 591 3551 propter
620 3492 871 3549 genetivum
901 3490 978 3547 qui
1007 3489 1210 3545 sequitur
1299 3491 1349 3530 10
1380 3487 1587 3532 πενίτων
1606 3485 1648 3531 U
1739 3490 1784 3528 11
1819 3483 2143 3543 ἰσχυροτέροις
2171 3481 2211 3525 U

30 3517 35 3644 i
224 3569 276 3610 13
307 3562 393 3624 τὴν
423 3563 576 3625 ψυχὴν
605 3563 778 3621 scripsi,
806 3565 864 3620 τῇ
895 3563 1022 3620 ψυχῇ
1050 3560 1152 3604 libri
1326 3561 1374 3602 21
1407 3556 1735 3616 κρατεοτέραν
1766 3556 1814 3598 Μ
1971 3557 2024 3598 22
2044 3554 2232 3634 ,κρικῶν
2265 3550 2303 3594 U

33 3645 35 3675 ἲ
218 3639 432 3697 κρίκκων
451 3637 501 3681 Μ
645 3639 700 3679 24
731 3631 776 3693 ἧι
807 3637 859 3692 δη
889 3633 930 3679 U
1075 3635 1126 3674 25
1159 3625 1383 3676 δεδόσθαι
1413 3628 1462 3671 Μ
1605 3623 1720 3685 αὐτῆ
1748 3627 1798 3671 Μ
1943 3628 1995 3668 26
2026 3625 2100 3670 αεὶ
2129 3619 2304 3668 πεπλέ-

219 3712 337 3767 χθαι
366 3708 407 3753 U
524 3711 577 3752 29
607 3714 797 3765 μικραῖς
824 3704 875 3749 Μ
979 3706 1033 3747 30
1063 3700 1358 3748 ἐπιτελοῦσιν
1388 3693 1537 3745 αὐτὸν
1567 3696 1782 3745 θάνατον
1811 3696 1860 3740 Μ
