2684 4140
1050 250 1280 296 ORATIO
1311 250 1538 298 LXXVII.
2239 255 2342 303 209

246 397 279 466 ἢ
319 402 418 465 τῆς
454 402 778 465 μαγειρικῆς
815 397 1088 463 τυγχάνοιν
1113 396 1180 446 ἂν
1217 392 1381 446 τοῦδε
1417 401 1521 446 τοῦ
1555 397 1830 462 ὀνόματος
1842 416 1862 460 ,·
1909 427 1978 435 -
2023 393 2138 466 Οὐχ
2174 400 2341 471 ἦττον

251 479 406 542 ἴσως.
445 507 515 515 --
551 481 620 531 A.
652 463 775 547 Ἆρ’
821 480 915 531 οὖν
953 481 1012 531 ἐν
1039 481 1128 549 νηὶ
1152 478 1361 549 μεγάλῃ
1390 477 1575 530 πολλὰ
1603 482 1756 533 ἱστία
1783 484 1982 553 ἐχούσῃ
2009 485 2104 536 καὶ
2131 488 2344 555 φόρτον

249 562 429 615 πολύν
465 566 559 615 καὶ
596 565 922 634 ἀνθρώπων
960 565 1249 630 ἐπιβατῶν
1286 562 1481 630 ὅμιλον
1520 564 1602 627 εἷς
1637 568 1842 637 ναύτης
1877 566 2061 631 καλῶς
2098 573 2345 640 πράττοι

249 650 333 711 ἄν,
371 649 465 699 καὶ
505 652 784 718 συμφέροι
822 641 973 716 αὐτῷ
1009 646 1220 718 μηδένα
1259 646 1428 700 ἄλλον
1466 651 1524 700 ἐν
1561 656 1630 720 τῇ
1656 653 1746 722 νηὶ
1768 650 1932 704 πλεῖν
1956 656 2095 725 μήτε
2132 650 2342 720 μᾶλλον

191 741 215 781 5
253 725 428 782 αἰτοῦ
459 733 600 801 μήτε
638 730 867 783 ἔλαττον
905 734 1283 799 ἐπιστάμενον
1321 734 1390 784 τὰ
1429 736 1686 785 ναυτικά·
1735 737 1802 788 ἂν
1842 735 1900 788 δὲ
1940 736 2146 791 πολλοὶ
2183 737 2341 803 ὦσιν,

247 816 575 886 ἀσύμφοροι
624 814 888 886 ἀλλήλοις
936 818 1164 868 ἔσονται
1209 819 1303 868 καὶ
1341 820 1486 888 πρὸς
1521 816 1763 890 βλάβης,
1811 823 1906 873 καὶ
1946 820 2039 874 διὰ
2078 829 2244 875 τοῦτο
2284 825 2343 874 ἐν

78 901 339 969 (emmam).
373 906 639 966 μισοῦσιν
678 898 950 971 ἀλλήλους
990 904 1046 952 οἱ
1092 900 1350 964 πλείονες
1399 909 1628 966 ναῦται,·
1676 932 1745 940 —
1787 909 1966 958 Τοῦτο
2014 910 2115 974 μὲν
2154 912 2342 979 ἕτερον

246 986 310 1035 τὸ
361 990 471 1036 τῶν
520 991 750 1036 ναυτῶν.
850 983 991 1036 ἀλλὰ
1038 987 1374 1057 κυβερνήτης
1420 1004 1480 1055 γε
1533 987 1695 1054 οἶμαι
1741 992 2075 1062 κυβερνήτην
2126 986 2223 1044 οὐκ
2271 995 2338 1045 ἂν
2378 995 2409 1046 7

245 1066 441 1145 ήδοιτο
482 1071 627 1139 όρῶν
669 1067 1026 1135 συμπλέοντα
1055 1070 1220 1138 αὐτῷ.
1252 1099 1320 1107 -
1345 1073 1413 1121 A.
1441 1073 1697 1141 Πότερον
1723 1076 1856 1126 ὅταν
1877 1078 2089 1143 χειμὼν
2117 1080 2342 1148 ἰσχυρὸς

168 1161 215 1204 10
249 1146 282 1222 ᾖ
323 1155 416 1205 καὶ
451 1156 524 1224 μή
564 1156 830 1223 κατισχύῃ
869 1158 991 1205 τοῖν
1029 1152 1335 1224 πηδαλίοιν
1374 1158 1636 1225 ἑκατέρου
1677 1154 1770 1207 διὰ
1807 1162 2035 1231 γῆραςῆ
2079 1159 2173 1213 διὰ
2212 1163 2341 1229 βίαν

245 1244 344 1308 τῆς
381 1236 690 1308 θαλάττης,
731 1231 792 1288 οἰ
802 1236 860 1288 δὲ
888 1241 1014 1289 τότε
1044 1236 1208 1308 φιλεῖ
1220 1240 1560 1309 κυβερνήτην
1587 1237 1756 1291 ἄλλον
1785 1235 1908 1293 οὐδ’
1952 1245 2170 1309 εὔχεται
2210 1248 2342 1316 φαί-

243 1323 453 1373 νεσθαι
478 1324 574 1373 τὸν
607 1319 1018 1387 διαδεξόμενον,
1049 1315 1174 1372 οἷδ’
1204 1325 1337 1373 ὅταν
1360 1325 1854 1396 κατακοιμηθῆναι
1885 1324 2096 1397 δέηται,
2125 1327 2343 1390 πολλὰς

243 1405 448 1478 ἐφεξῆς
496 1409 792 1476 ἀγρυπνῶν
831 1408 1030 1467 νύκτας
1066 1409 1161 1458 καὶ
1196 1411 1424 1477 ἡμέρας,
1463 1405 1605 1458 ἀλλὰ
1642 1410 1737 1460 καὶ
1772 1413 1900 1461 τότε
1940 1413 2151 1477 ὁμοίως
2187 1418 2354 1479 μισεῖ

243 1493 338 1542 καὶ
375 1488 575 1560 ζημίαν
615 1492 790 1541 αὑτοῦ
824 1493 1125 1557 νενόμικεν,
1165 1493 1217 1542 εἰ
1253 1493 1587 1563 κυβερνήτης
1625 1494 1683 1544 ἐν
1721 1501 1790 1564 τῇ
1827 1497 1917 1565 νηὶ
1948 1498 2136 1567 ἕτερός
2159 1499 2346 1561 ἐστιν,·

167 1586 214 1628 15
250 1601 319 1610 -
364 1574 477 1627 Οὐκ
514 1577 582 1626 ἂν
621 1574 761 1637 ἴσως
796 1578 924 1627 τότε
962 1581 1153 1642 μισοῖ·
1204 1583 1329 1639 πῶς
1378 1579 1516 1648 γὰρ,·
1564 1571 1690 1628 ἀλλ’
1744 1582 1906 1649 ἡμεῖς
1946 1581 2008 1631 οὐ
2048 1584 2181 1653 περὶ
2217 1601 2345 1634 ναυ-

241 1657 426 1722 τιλίας
465 1659 591 1712 οὐδὲ
632 1663 766 1731 περὶ
802 1666 912 1712 τῶν
952 1663 1010 1713 ἑν
1048 1660 1306 1732 θαλάττῃ
1348 1661 1592 1731 λέγομεν.
1645 1684 1712 1700 ·-
1759 1666 1827 1716 Δ.
1869 1665 2024 1717 Εἶεν·
2076 1668 2271 1719 οὐκοῦν
2309 1670 2339 1719 ὅ
2377 1669 2411 1722 8

241 1761 302 1813 γε
342 1747 536 1815 ἰατρὸς
574 1747 674 1797 ἐπὶ
710 1753 809 1816 γῆς
849 1747 1005 1797 ἰᾶται
1042 1749 1137 1799 καὶ
1174 1751 1366 1819 τέχνην
1387 1746 1555 1827 οὐδὲν
1583 1746 1853 1801 ἐλάττονα
1881 1751 1995 1816 ἔχει
2020 1757 2131 1803 τῶν
2157 1756 2341 1804 τεκτό-

242 1849 368 1882 νων.
418 1859 487 1866 -
540 1832 613 1881 Τί
662 1831 757 1882 οὖν
809 1829 872 1901 δὴ
922 1838 1120 1895 τοῦτο;
1167 1860 1240 1869 —-
1285 1833 1354 1884 A.
1389 1827 1525 1902 Ἀρά
1573 1850 1633 1901 γε
1686 1833 1846 1886 δοκεῖ
1888 1849 1980 1886 σοι
2026 1834 2346 1904 βούλεσθαι

243 1919 415 1982 μόνος
463 1917 530 1966 ἂν
580 1915 728 1967 εἶναι
775 1918 874 1987 τήν
923 1921 1116 1987 τέχνην
1166 1919 1546 1984 ἐπιστάμενος
1594 1920 1652 1970 ἐν
1703 1917 1871 1971 πόλει
1929 1918 2228 1991 τηλικαύτῃ
2278 1923 2342 1972 τὸ

26 2001 140 2087 413,ss
161 2013 209 2055 20
242 2001 514 2068 μέγεθος,
562 2003 656 2052 καὶ
692 2008 869 2051 ταῦτα
918 1999 1146 2053 πολλῶν
1196 2005 1544 2067 νοσούντων,·
1581 2033 1652 2041 —-
1696 2008 1741 2055 T
1746 2006 1768 2055 ί
1815 2003 1873 2055 δὲ
1911 2004 2114 2059 κωλύει
2149 2005 2344 2075 βούλε-

247 2086 394 2136 σθαι
429 2088 602 2152 μόνον
641 2084 818 2148 εἷναι,·
855 2090 977 2148 τοῖς
1013 2089 1115 2153 μὲν
1153 2088 1256 2157 γάρ
1297 2086 1492 2150 ἄλλοις
1532 2087 1672 2150 ἴσως
1693 2093 1882 2159 χεῖρον
1923 2091 1985 2140 οὐ
2014 2089 2345 2157 δυναμένοις

242 2164 343 2240 ὑφ’
389 2173 512 2233 ἑνὸς
551 2171 949 2241 ἰατρεύεσθαι·
1001 2173 1064 2222 τὸ
1119 2170 1181 2223 δέ
1215 2189 1276 2240 γε
1315 2174 1527 2224 ἐκείνου
1566 2176 1903 2244 τιμιώτερον
1944 2177 2137 2237 οὕτως.
2217 2174 2343 2226 οὐδὲ

239 2255 343 2324 γὰρ
383 2257 567 2307 εἰπεῖν
615 2257 769 2310 ἔστιν
817 2254 1025 2326 ἡλίκων
1063 2258 1130 2309 ἂν
1177 2260 1271 2310 καὶ
1319 2261 1466 2310 ὅσων
1504 2260 1737 2325 μισθῶν
1775 2263 2038 2327 τυγχάνοι
2074 2263 2247 2326 μόνος
2286 2263 2343 2312 ἐν

242 2342 539 2402 τοσούτοις
582 2347 845 2392 νοσοῦσιν
886 2342 1075 2403 ἱκανὸς
1113 2344 1190 2394 ὢν
1229 2343 1454 2394 ἰᾶσθαι.
1497 2371 1565 2379 --
1601 2345 1669 2395 A.
1703 2337 1857 2394 Ἀλλ’
1904 2346 1966 2395 οὐ
2004 2348 2344 2412 μαινόμενον

157 2439 205 2481 25
244 2425 436 2495 ἰατρὸν
480 2423 618 2492 λέγω
665 2438 772 2476 σοι.
817 2453 887 2462 -—
929 2427 1002 2477 Τί
1049 2424 1140 2489 δέ,·
1184 2432 1526 2494 μαινομένου
1579 2442 1672 2480 σοι
1721 2426 1882 2480 δοκεῖ
1921 2432 1984 2481 τὸ
2035 2431 2343 2496 ἐπιθυμεῖν
2382 2432 2415 2483 9

253 2508 474 2579 σφόδρα
511 2511 799 2576 τιμᾶσθαι
834 2511 928 2562 καὶ
965 2509 1150 2562 πολλοὶ
1183 2514 1442 2584 χρήματα
1483 2511 1787 2580 λαμβάνειν
1798 2533 1818 2577 ,·
1867 2542 1938 2550 -
1984 2516 2053 2566 A.
2079 2509 2249 2567 ‘'Ovav
2286 2532 2347 2582 γε

250 2595 417 2656 αὐτὸς
453 2596 566 2646 ὑπὸ
608 2592 896 2665 ληθάργου
935 2597 1196 2663 ἐχόμενος
1233 2599 1265 2668 ἢ
1309 2596 1592 2668 φρενίτιδι
1640 2600 1968 2668 περιπεσών
2012 2601 2208 2670 χαίρῃ,
2259 2603 2348 2650 ὅτι

250 2678 447 2731 οὐδένα
486 2681 599 2745 ἔχει
634 2681 730 2730 τὸν
770 2681 1070 2745 ἰασόμενον
1112 2680 1238 2733 οὐδὲ
1277 2684 1374 2734 τὸν
1414 2681 1670 2734 δώσοντα
1708 2682 2101 2754 μανδραγόραν
2129 2686 2342 2754 πιεῖνῆ

396 2866 415 2904 1
448 2856 478 2918 ἢ
507 2863 589 2918 τῆς
618 2864 895 2920 μαγειρικῆς
924 2874 1009 2906 om.
1041 2862 1082 2908 U
1172 2856 1258 2921 οὐχ
1279 2853 1425 2921 ἦττον
1455 2860 1570 2915 ἴσως
1598 2860 1695 2920 γὰρ
1727 2853 1814 2909 οὖν
1843 2863 1961 2918 libri,
1991 2874 2106 2907 corr.
2127 2861 2290 2919 Pflugk

246 2936 270 2976 5
303 2926 509 2978 ἔλασσον
539 2931 583 2977 H
727 2935 753 2975 6
783 2926 1099 2992 ἀσύμφθοροι
1130 2933 1164 2975 Β
1307 2933 1389 2978 καὶ
1417 2930 1696 2991 ἐπιβλαβεῖς
1723 2931 1806 2976 ΡΗ
1921 2935 1946 2976 8
1975 2928 2263 2991 κυβερνήτης
2291 2949 2347 2992 γε

247 2997 380 3058 οἶμαι
409 3014 495 3047 om.
526 3000 610 3045 PH
744 3005 771 3046 9
802 2994 964 3059 ἥδοιτο
997 3001 1191 3058 selden„
1221 2997 1389 3061 ἡγοῖτο
1421 3001 1524 3046 libri
1697 2995 1829 3062 αὐτῷ
1854 3001 1958 3045 libri
1985 3005 2167 3058 praeter
2195 3003 2232 3047 P

245 3064 491 3130 πρότερον
518 3071 561 3116 U
590 3085 648 3116 m.
681 3084 747 3128 pr.
779 3071 817 3115 B
930 3068 1086 3130 χιμὼν
1114 3072 1164 3115 Μ
1255 3075 1306 3115 10
1338 3067 1394 3118 οὐ
1424 3084 1506 3128 pro
1536 3070 1599 3129 μὴ
1631 3071 1713 3115 PH
1826 3067 2100 3131 κατισχύσηι
2129 3073 2262 3119 ΠΒΜ

250 3146 298 3186 11
334 3136 441 3188 οὐδὲ
468 3141 551 3186 ΡΗ
665 3141 849 3200 δέχεται
877 3155 960 3199 pro
991 3139 1178 3200 εὔχεται
1207 3142 1251 3186 H
1394 3143 1656 3200 φαίνεσθαι
1685 3140 1860 3198 scripsi,
1891 3146 2151 3200 φανεῖσθαι
2180 3144 2347 3190 UBPH

246 3212 477 3269 φανίσθαι
508 3211 559 3255 Μ
691 3216 742 3255 12
771 3209 1080 3268 διδαξάμενον
1108 3212 1159 3256 Μ
1303 3214 1476 3258 πολλαὶ
1505 3212 1548 3258 U
1577 3225 1634 3256 m.
1665 3225 1734 3268 pr.
1883 3214 1933 3256 13
1966 3206 2087 3260 ἀλλὰ
2116 3212 2201 3260 καί
2227 3231 2279 3262 τε
2311 3216 2346 3260 Ρ

246 3296 304 3327 m.
334 3295 404 3338 pr.
560 3285 614 3324 14
645 3274 793 3328 αὐτοῦ
821 3281 912 3326 ΒΜ
1063 3282 1108 3328 εἰ
1143 3285 1190 3327 et
1229 3280 1359 3328 ἐστιν
1402 3295 1491 3328 om.
1520 3281 1652 3327 UBM
1680 3282 1877 3327 fortasse
1905 3286 2042 3339 recte,
2071 3288 2122 3328 ut
2151 3286 2348 3331 scriben-

247 3353 353 3398 dum
390 3352 473 3397 sit:
518 3348 812 3411 κυβερνήτην
849 3350 902 3398 ἐν
941 3355 1001 3411 τῇ
1039 3352 1119 3411 νηῒ
1151 3349 1321 3410 ἕτερον
1495 3357 1545 3398 15
1578 3353 1830 3414 ναυτηλίας
1865 3352 1909 3398 H
2070 3358 2118 3398 17
2151 3353 2229 3403 ἐπὶ
2264 3360 2350 3416 γῆς

246 3437 318 3469 om
347 3424 429 3468 PH
601 3419 803 3470 ἔλαττον
828 3423 865 3466 H
894 3437 952 3467 m.
983 3437 1052 3480 pr.
1202 3427 1253 3468 19
1285 3419 1345 3470 ἂν
1376 3437 1462 3468 om.
1494 3424 1543 3468 M
1572 3438 1632 3468 m.
1664 3437 1733 3481 pr.
1887 3426 1943 3468 20
1972 3426 2021 3470 τί
2050 3428 2124 3471 δαὶ
2155 3426 2235 3472 UB

246 3498 301 3539 22
332 3495 643 3555 ἰατρέβεσθαι
674 3495 709 3538 Ρ
839 3510 892 3541 τε
920 3507 1005 3551 pro
1035 3510 1091 3550 γε
1120 3495 1171 3539 Μ
1315 3498 1368 3540 23
1401 3491 1462 3542 ἄν
1490 3497 1571 3542 καὶ
1602 3487 1734 3542 ὅσων
1764 3495 1913 3552 suppl.
1945 3507 1974 3540 a
2004 3508 2121 3541 corr.
2154 3497 2189 3540 P
2305 3489 2351 3544 εἰ
2390 3555 2394 3559 .
2458 3560 2460 3562 v
2492 3559 2496 3563 .

245 3562 399 3623 μόνος
420 3566 515 3622 ΗΡ,
544 3566 678 3611 iidem
708 3564 901 3612 δύναται
931 3578 1014 3622 pro
1045 3560 1211 3619 ἱκανὸς
1241 3560 1310 3611 (δν
1397 3569 1452 3610 24
1484 3564 1659 3620 ἱκανῶς
1688 3561 1759 3612 α’)’ν
1778 3565 1828 3610 Μ
1916 3569 1969 3611 25
2003 3581 2080 3613 σοι
2110 3579 2197 3613 om.
2219 3568 2262 3612 H

248 3638 294 3683 τί
323 3640 397 3683 δαὶ
428 3637 509 3683 UB
625 3640 678 3681 26
710 3630 818 3683 ἀλλ’
851 3627 972 3682 ὅταν
1000 3652 1055 3694 γε
1084 3635 1164 3681 UB
1282 3640 1334 3681 27
1366 3639 1637 3697 ληθαργοῦς
1665 3635 1716 3679 Μ
1860 3640 1914 3681 28
1945 3632 2048 3695 ἔχοι
2074 3637 2194 3693 libri,
2228 3651 2344 3684 corr.

247 3707 461 3753 Reiskius
575 3725 649 3766 γρ.
682 3702 1024 3767 μανδραγόρας
1055 3720 1164 3763 mrg.
1195 3707 1238 3751 H
1372 3715 1529 3755 ποιεῖν
1558 3708 1621 3764 Μ,
1651 3721 1698 3752 m
1727 3707 1771 3753 U
1800 3714 1927 3754 πιεῖν
1955 3720 2012 3752 ex
2041 3717 2199 3756 ποιεῖν
2229 3723 2347 3757 corr.

334 3785 429 3821 1210.
456 3785 506 3820 11.
1949 3782 2002 3823 14
