2684 4140
383 247 487 297 286
1105 241 1312 287 DIONIS
1340 239 1766 287 MELANGOMAS

538 510 658 576 (78)
705 505 1473 573 ΜΕΛΑΓΚΟΜΑΣ
1524 510 1587 573 Α
1638 507 1831 573 ΤΗΙ
1878 507 2201 577 ΤΑΞΕΙ
2246 510 2322 577 B.
2508 517 2675 605 {gggff

312 753 335 801 1
519 730 673 787 Ἀλλ>
717 738 859 803 ἐμοὶ,
900 735 942 786 ὦ
985 733 1210 806 ἄνδρες,
1265 731 1385 789 οὐδ’
1428 741 1517 790 ὅτι
1554 737 1701 789 εἴπω
1742 739 1965 790 ἔπεισιν
2004 742 2116 791 ὑπὸ
2147 737 2327 810 λύπης
2365 743 2480 808 ἅμα

375 823 470 873 καὶ
497 819 818 892 ἐκπλήξεως
855 827 959 871 τοῦ
983 819 1275 892 αἰφνιδίου
1317 824 1564 885 πάθους.
1632 824 1694 874 ού
1719 824 1823 892 γάρ
1849 826 2022 889 μόνον
2063 822 2156 875 διὰ
2183 827 2282 896 τὴν
2309 827 2479 897 ἀρχὴν

375 908 442 977 ἢν
483 907 590 972 ἔχω
639 903 853 973 μᾶλλον
903 909 1094 976 ἑτέρου
1144 923 1246 973 μοι
1292 914 1404 959 τῶν
1454 906 1708 959 πολιτῶν
1765 909 1971 959 οἰκεῖον
2009 910 2072 958 τὸ
2116 911 2479 980 συμβεβηκός,

376 989 520 1042 ἀλλὰ
568 993 662 1043 καὶ
700 989 821 1060 ἰδίᾳ
870 1007 971 1058 μοι
1011 989 1179 1062 φίλος
1227 989 1294 1062 ἦν
1333 991 1715 1062 Μελαγκόμας
1761 994 1905 1062 ὑπὲρ
1947 995 2231 1058 ἅπαντας,
2285 996 2478 1066 ὥσπερ

373 1078 468 1128 καὶ
505 1078 659 1143 ὑμῶν
697 1078 1038 1128 ἐπίστανται
1078 1079 1134 1128 οἱ
1171 1075 1420 1141 πλείους.
1488 1080 1583 1130 καὶ
1620 1080 1810 1146 ἔμοιγε
1849 1079 2068 1130 ἄτοπον
2109 1079 2374 1149 φαίνεται
2412 1082 2474 1131 τὸ
2513 1081 2537 1121 5

378 1163 479 1213 ἐπὶ
515 1166 638 1224 τοῖς
675 1163 988 1214 τεθνεῶσιν
1027 1163 1196 1228 ἔθος,
1248 1165 1336 1214 ὅτι
1373 1167 1495 1225 τοῖς
1533 1161 1776 1215 πλεῖστα
1817 1161 2193 1230 λυπουμένοις
2229 1162 2478 1230 μάλιστα

380 1250 688 1319 προσήκειν
729 1244 888 1298 δοκεῖ
917 1249 981 1298 τὸ
1020 1239 1116 1298 ἐπ’
1162 1249 1355 1310 αὐτοῖς
1395 1245 1588 1316 λέγειν.
1668 1250 1724 1300 οἱ
1759 1249 1863 1318 γὰρ
1907 1246 2271 1318 σφοδρότατα
2312 1251 2478 1301 ἀνιώ-

304 1347 336 1398 2
377 1349 542 1399 μενοι
579 1330 849 1384 ἀδύνατοι
888 1330 1065 1400 λέγειν
1102 1327 1206 1384 ὑπ’
1253 1335 1427 1384 αὐτοῦ
1460 1337 1661 1385 τούτου
1702 1335 1863 1386 εἰσίν.
1929 1335 2015 1384 ἔτι
2043 1332 2101 1385 δὲ
2127 1336 2222 1385 καὶ
2257 1333 2479 1405 ῆλικίας

375 1419 433 1469 ἐν
461 1419 639 1485 τούτῳ
670 1419 803 1484 εἰμί,
844 1420 901 1470 έν
930 1411 976 1486 ᾧ
1000 1421 1032 1486 ἡ
1058 1420 1160 1484 μὲν
1186 1425 1289 1469 τοῦ
1315 1417 1478 1487 λόγου
1508 1418 1744 1485 δύναμις
1781 1419 1948 1489 ἧττον
1976 1421 2193 1471 ἅπασιν
2218 1422 2475 1489 ὑπάρχει,

372 1505 437 1553 τὸ
470 1500 528 1553 δὲ
550 1504 770 1571 χαίρειν
807 1505 991 1554 καὶτὸ
1022 1501 1338 1555 λυπεῖσθαι
1378 1506 1744 1574 ἰσχυρότατον
1782 1505 2044 1572 γίγνεται.
2111 1498 2236 1556 ἀλλ’
2276 1504 2473 1577 ἐπειδὴ
2520 1507 2564 1548 10

375 1590 714 1657 τιμιώτερος
749 1590 851 1654 μὲν
882 1596 1197 1658 στρατηγοῦ
1231 1591 1468 1652 ἔπαινος
1506 1591 1605 1641 ἐπὶ
1634 1591 1949 1659 στρατιώτῃ
1991 1589 2196 1658 ἀγαθῷ
2223 1588 2475 1660 τελευτή-

376 1685 565 1736 σαντι,
617 1675 952 1742 τιμιώτερος
993 1670 1051 1723 δὲ
1091 1676 1307 1736 παντὸς
1356 1677 1625 1745 ἄρχοντος
1660 1675 1693 1744 ἢ
1735 1671 1994 1738 ἰδιώτου,
2043 1676 2215 1740 κάμοὶ
2254 1673 2472 1727 λεκτέον
2503 1678 2646 1722 (5373)

371 1764 472 1827 τῆς
511 1759 682 1829 ἀρχῆς
720 1760 898 1808 ἕνεκεν
938 1759 1015 1818 ὡς
1052 1759 1119 1809 ἂν
1162 1756 1430 1826 δύνωμαι.
1507 1763 1726 1829 πρέποι
1766 1752 1820 1809 δ’
1865 1760 1932 1810 ἂν
1958 1766 2027 1828 τῇ
2054 1761 2264 1811 ἐκείνου
2306 1762 2477 1830 ἀρετῇ

370 1844 466 1893 καὶ
503 1850 572 1912 τῇ
616 1845 722 1913 ἐμῇ
760 1846 982 1913 νεότητι
1018 1841 1192 1913 μηδὲν
1230 1846 1442 1914 μακρὸν
1481 1845 1748 1894 ἀπαιτεῖν
1786 1841 1927 1913 μηδὲ
1969 1845 2167 1915 ἀκριβῆ
2207 1842 2474 1914 μᾶλλονῆ

371 1932 626 1994 γενναῖον
663 1931 760 1980 τὸν
800 1929 1052 1979 ἔπαινον.
1164 1928 1406 2000 Πρῶτον
1432 1931 1534 1996 μὲν
1563 1928 1658 1979 οὗν
1686 1929 1964 1996 εὐγενείας
1991 1926 2246 1999 ἀληθοῦς
2272 1929 2473 1994 ἔτυχεν.
2514 1930 2561 1971 15

373 2014 436 2063 ού
465 2014 567 2083 γὰρ
597 2012 656 2064 εἴ
673 2031 749 2080 τῳ
774 2010 1066 2065 πλουσίων
1090 2016 1289 2085 συνέβη
1313 2018 1495 2080 τυχεῖν
1533 2016 1847 2084 προγόνων,
1877 2015 1939 2064 οὐ
1960 2016 2068 2085 μὴν
2091 2007 2213 2065 οὐδ’
2246 2016 2297 2065 εἰ
2315 2016 2476 2082 βασι-

299 2113 331 2164 3
374 2095 531 2162 λέων,
558 2098 627 2148 τὰ
657 2096 715 2148 δὲ
744 2096 886 2148 ἀλλα
917 2096 1165 2168 φαύλων,
1194 2097 1287 2150 ὅδε
1314 2101 1381 2150 ἂν
1409 2098 1494 2168 εἴη
1521 2096 1705 2159 καλιῖς
1729 2100 1985 2166 γεγονώς,
2026 2093 2153 2149 ἀλλ’
2187 2101 2243 2150 οἱ
2273 2102 2476 2170 φύντες
2664 2082 2672 2171 ξ

372 2180 434 2245 εξ
472 2182 724 2250 ἀγαθῶν,
766 2185 958 2253 ὥσπερ
997 2181 1106 2234 ὅδε.
1180 2186 1210 2234 ὁ
1246 2185 1349 2253 γὰρ
1390 2186 1576 2254 πατὴρ
1621 2184 1795 2234 αὐτοῦ
1829 2190 1940 2234 τῶν
1977 2177 2104 2234 κατ’
2149 2185 2316 2235 αὐτὸν
2357 2183 2474 2254 διή-
2666 2176 2672 2190 ”

371 2283 524 2334 νεγκε
555 2272 676 2329 τοῖς
701 2266 1042 2332 καλλίστοις,
1084 2270 1325 2337 εὐψυχίᾳ
1360 2270 1454 2320 καὶ
1491 2271 1667 2339 ῥώμῃ.
1746 2266 1980 2339 δηλοῦσι
2020 2266 2078 2319 δὲ
2120 2270 2180 2319 αἱ
2217 2273 2368 2320 νῖκαι
2409 2271 2475 2331 ἃς

373 2353 593 2422 ἐνίκησε
637 2355 731 2404 καὶ
781 2348 875 2422 [εν]
909 2348 1254 2420 Ὀλυμπίασι
1301 2355 1395 2404 καὶ
1431 2355 1489 2405 ἐν
1527 2358 1649 2415 τοῖς
1695 2351 1890 2415 ἄλλοις
1929 2351 2154 2420 ἀγῶσιν.
2307 2355 2474 2415 αὐτὸς
2512 2356 2559 2398 20

372 2434 431 2487 δὲ
474 2439 582 2508 ἔφυ
620 2436 920 2501 κάλλιστος
959 2440 1304 2509 ἀνθρώπων,
1347 2432 1409 2488 οὗ
1449 2438 1558 2490 τιῖν
1597 2445 1690 2490 νῦν
1727 2442 1918 2505 μόνον,
1959 2432 2108 2502 ἀλλ’,
2150 2439 2227 2500 ὡς
2258 2440 2473 2490 ἔνεστιν
2656 2404 2671 2454 ἶ

371 2518 609 2584 εἰκάζειν
654 2525 714 2574 ἐκ
751 2532 850 2595 τῆς
887 2522 1231 2594 ὑπερβολῆς,
1281 2525 1375 2574 καὶ
1413 2525 1682 2574 ἁπάντων
1731 2521 1928 2585 ἁπλᾶς
1971 2522 2081 2574 τιῖν
2119 2521 2181 2586 ἐξ
2220 2525 2474 2584 ἅπαντος

297 2625 331 2673 4
370 2614 471 2658 τοῦ
516 2611 718 2678 χρόνου
770 2611 1183 2675 ὠνομασμένων
1231 2610 1330 2659 ἐπὶ
1375 2606 1595 2674 κάλλει,
1646 2611 1774 2660 ὅσοι
1820 2610 2027 2679 θνητοὶ
2069 2611 2339 2676 ἐγένοντο.
2418 2609 2474 2658 οἱ
2497 2570 2672 2689 (293Εὓξ

368 2694 470 2759 μὲν
509 2695 611 2762 γὰρ
653 2692 859 2746 πολλοὶ
896 2692 1005 2745 τῶν
1044 2697 1456 2760 νενομισμένων
1493 2693 1692 2760 καλεῖν,
1731 2699 1869 2764 μέρη
1910 2695 2036 2745 τινὰ
2075 2699 2177 2744 τοῦ
2210 2695 2471 2759 σώματος
2653 2691 2669 2741 ²1:

371 2771 629 2850 εὐπρεπῆ
669 2780 904 2844 ἔχοντες,
945 2780 1144 2830 ἔπειτα
1175 2777 1233 2830 δὲ
1262 2777 1461 2842 ἔδοξαν
1485 2776 1666 2842 καλοί,
1704 2786 1803 2849 τῆς
1831 2781 2022 2848 ὄψεως
2058 2780 2147 2830 ἀεὶ
2171 2779 2240 2828 τά
2267 2776 2470 2848 ἥδιστα
2508 2782 2557 2823 25

368 2862 715 2934 βουλομένης
756 2866 913 2935 ὁρᾶν,
963 2863 1073 2916 τῶν
1114 2862 1172 2915 δὲ
1212 2867 1459 2932 ἡττόνων
1499 2861 1830 2933 ἀμελούσης.
1909 2865 1965 2914 οἱ
2005 2860 2067 2913 δέ
2103 2880 2251 2924 τινες
2301 2865 2472 2933 φύσει

366 2950 469 3014 μὲν
510 2942 762 3011 εὐειδοῦς
804 2952 1065 3016 σώματος
1105 2942 1203 3000 οὐκ
1241 2951 1449 3015 ἔτυχον,
1492 2950 1608 3019 ὥρα
1650 2947 1708 2999 δὲ
1746 2940 1938 3010 αὐτοῖς
1975 2945 2256 3018 ἐπῆλθεν·
2294 2949 2470 3018 ἡττώ-

514 3156 717 3202 Titulus:
749 3157 813 3201 ita
842 3155 999 3213 UBM;
1032 3157 1234 3201 ordinem
1264 3156 1765 3213 traditum'g’orationum
1782 3156 1993 3201 XXVIII.
2023 3156 2179 3200 XXIX
2207 3155 2386 3200 restitui

371 3231 389 3269 1
425 3224 534 3283 ἐμοὶ
562 3227 650 3283 μὲν
678 3228 720 3273 U
836 3231 860 3271 3
893 3224 1017 3287 ἔχων
1046 3228 1096 3271 Μ
1212 3232 1239 3272 4
1267 3232 1347 3275 καὶ
1377 3226 1497 3288 ὑπὲρ
1527 3228 1577 3272 Μ
1693 3231 1717 3270 5
1749 3228 1971 3286 φαίνεται
2001 3224 2058 3273 τὸ
2090 3227 2238 3284 Emp.,
2267 3227 2467 3285 φαίνετο

366 3297 417 3341 Μ
450 3297 675 3356 ἐφαίνετο
707 3294 764 3345 τὸ
797 3299 876 3344 UB
995 3303 1020 3343 6
1051 3304 1256 3347 πλεῖστα
1286 3301 1434 3357 Emp.‚
1464 3292 1633 3359 ἥκιστα
1663 3299 1767 3344 libri
1904 3303 1950 3343 11
1986 3295 2278 3357 στρατιώτης
2306 3297 2356 3341 Μ

371 3370 423 3410 12
458 3362 504 3412 δ’
529 3364 723 3423 ἔπαινος
751 3383 834 3426 pro
866 3369 915 3417 δὲ
944 3367 1127 3425 παντὸς
1148 3370 1362 3416 Reiskius
1476 3371 1562 3416 καί
1582 3386 1667 3427 μοι
1687 3370 1737 3414 Μ
1835 3374 1887 3415 14
1905 3365 2081 3428 μικρὸν
2101 3369 2249 3424 UBM,
2277 3366 2470 3426 μακρὸν

367 3437 406 3481 Τ
505 3443 553 3483 16
583 3447 740 3498 τυχεῖν
771 3440 943 3500 συνέβη
973 3441 1014 3486 U
1043 3442 1148 3495 (hoc
1180 3442 1293 3497 ord.)
1386 3435 1537 3495 οὐδεὶς
1565 3454 1649 3498 pro
1682 3435 1784 3488 οὐδ’
1816 3440 1860 3487 εἰ
1885 3441 1936 3486 Μ
2047 3443 2100 3484 20
2130 3437 2183 3486 ἐν
2214 3433 2471 3494 ὄλυμπίασι

367 3507 471 3561 ΒΜ,
502 3509 548 3553 in
578 3509 619 3554 U
649 3508 701 3555 ἐν
731 3523 908 3556 erasum
1015 3507 1199 3571 ἀγῶσιν
1230 3516 1274 3567 (ν
1304 3525 1333 3557 a
1364 3515 1498 3567 corr.)
1529 3512 1569 3557 U
1715 3516 1765 3556 21
1799 3508 1966 3569 μόνων
1994 3512 2032 3556 Β
2165 3507 2215 3556 ἒν
2245 3506 2372 3555 ἔστιν
2403 3506 2471 3561 (ἐν

367 3582 660 3636 expunctum)
682 3581 731 3625 M
819 3586 871 3626 23
902 3579 1095 3638 κάλλιος
1125 3582 1173 3630 οἳ
1195 3585 1243 3628 Μ
1331 3588 1386 3628 24
1417 3581 1555 3631 ἄλλοι
1583 3596 1664 3641 pro
1697 3585 1869 3630 πολλοὶ
1889 3582 1930 3627 U
2018 3585 2072 3626 25
2102 3576 2266 3627 ἔπειτα
2296 3578 2345 3624 δὲ
2364 3581 2469 3634 post

365 3650 528 3706 partic.
553 3651 611 3695 cf.
633 3664 699 3696 or.
721 3652 850 3698 XVII
869 3655 896 3709 ξ
919 3657 972 3697 20
1061 3658 1114 3699 26
1145 3651 1342 3714 ἐπήνθει
1362 3655 1589 3710 Reiskius‚
1621 3654 1700 3700 sed
1720 3653 1895 3710 imperf.
1918 3652 1992 3696 hic
2014 3652 2163 3697 locum
2183 3663 2274 3695 non
2303 3649 2470 3693 habere

365 3723 523 3766 monet
554 3722 684 3779 Emp.
725 3735 870 3779 neque
909 3722 1113 3771 ἐπανθεῖ
1147 3726 1320 3783 placet,
1362 3726 1467 3783 quia
1503 3725 1707 3783 sequitur
1745 3719 1987 3781 ἀνθούσης
2131 3717 2388 3780 ἦττόμενοι
2421 3718 2470 3762 Μ
