2684 4140
1070 277 1296 329 ORATIO
1325 277 1471 329 XVII.
2214 280 2314 338 247

0 429 17 472 [ιέ
232 422 429 491 ρεῖται.
501 425 687 475 καίτοι
723 428 780 477 τί
815 426 917 477 τοῦ
952 422 1045 496 ζῆν
1084 427 1511 498 ἀναγκαιότερόν
1549 431 1727 494 ἐστιν,
1776 431 1808 501 ἢ
1848 432 1906 482 τί
1941 433 2140 483 τούτου
2179 429 2312 504 ’περὶ
2336 438 2397 488 11

14 491 17 502 “
233 504 495 569 πλείονος
533 516 832 562 ποιοῦνται
870 513 1107 573 πάντες,·
1145 504 1269 561 ἀλλ’
1314 515 1464 578 ὅμως
1489 515 1581 565 καὶ
1605 521 1769 565 τοῦτο
1798 513 2149 568 ἀπολλύουσι
2181 531 2315 589 χρητ-

231 592 440 655 μάτων,
482 594 537 642 οἱ
564 591 622 644 δὲ
645 595 739 646 καὶ
763 596 864 656 τὰς
891 593 1171 664 πατρίδας
1196 597 1297 658 τὰς
1325 599 1506 649 αὐτῶν
1533 599 1880 662 ἀναστάτους
1907 602 2204 671 ἐποίησαν.

231 676 372 740 μετὰ
411 682 584 726 ταῦτα
623 679 808 730 τοίνυν
846 681 877 729 ὁ
914 680 1079 741 αὐτὸς
1117 683 1359 752 ποιητὴς
1398 683 1464 733 οὔ
1502 696 1675 753 φησιν
1712 686 1770 736 ἐν
1807 689 1928 746 τοῖς
1954 683 2143 748 θείοις
2170 681 2317 739 εἶναι

26 768 79 804 ³50
98 769 150 811 M)
174 767 200 808 5
235 756 564 822 πλεονεξίαν
583 772 594 783 ·
635 759 728 812 διά
766 770 930 814 τοῦτο
969 765 1245 834 ἄφθαρτα
1271 768 1367 817 καὶ
1392 767 1577 837 ἀγήρω
1603 772 1790 834 μένειν
1818 770 1974 833 αὐτὰ,
2014 772 2112 841 τὴν
2138 780 2315 841 προσι-

230 844 471 912 ήκουσαν
509 846 566 895 ἓν
592 848 823 899 ἕκαστον
851 848 1031 916 ἑαυτῷ
1056 847 1214 912 τάξιν
1243 848 1611 920 φυλάττοντα,
1649 855 1748 923 τήν
1785 870 1845 904 τε
1883 856 2048 905 νύκτα
2085 856 2179 906 καὶ
2215 857 2314 927 τὴν

229 931 437 995 ἡμέραν
473 931 567 980 καὶ
602 932 703 993 τὰς
742 933 906 1001 ὥρας.
982 935 1033 983 εἰ
1070 934 1173 1002 γὰρ
1211 937 1284 1005 μὴ
1326 942 1522 987 τοῦτον
1562 936 1673 1001 εἶχε
1710 940 1806 988 τὸν
1843 941 2072 1008 τρόπον,
2114 939 2209 990 οὐκ
2247 941 2314 990 ἂν

231 1013 412 1064 αὐτῶν
461 1012 620 1066 οὐδὲν
668 1014 954 1068 δύνασθαι
1003 1015 1302 1083 διαμένειν.
1395 1022 1527 1070 ὅταν
1585 1021 1680 1072 οὖν
1725 1024 1819 1073 καὶ
1865 1027 1986 1084 τοῖς
2044 1024 2234 1085 θείοις
2280 1028 2311 1095 ἡ

230 1094 527 1161 πλεονεξία
569 1101 799 1170 φθορὰν
837 1103 1111 1171 ἐπιφέρῃ,
1150 1104 1208 1153 τί
1238 1105 1341 1173 χρὴ
1383 1100 1627 1169 νομίζειν
1663 1107 2035 1174 τάνθρώπεια
2075 1110 2313 1173 πάσχειν

152 1188 198 1229 10
234 1182 350 1232 ἀπὸ
388 1186 593 1253 ταύτης
630 1192 728 1255 τῆς
764 1188 932 1236 νόσου
944 1204 964 1247 ,·
999 1184 1182 1248 καλῶς
1221 1185 1280 1237 δὲ
1317 1192 1595 1257 μέμνηται
1630 1191 1723 1240 καὶ
1758 1195 1974 1259 μέτρων
2012 1193 2106 1242 καὶ
2139 1193 2315 1242 στοιθὃ

22 1275 212 1318 [467RID
227 1271 373 1330 μῶν,
424 1268 501 1328 ὡς
547 1270 688 1337 ὑπὲρ
739 1275 841 1318 τοῦ
887 1267 1105 1320 δικαίου
1154 1272 1388 1321 καὶτοῦ
1423 1270 1775 1325 πλεονεκτεῖν
1823 1273 2033 1344 μηδένα
2078 1273 2316 1345 μηδενὸς

228 1352 442 1401 τούτων
481 1353 808 1421 εὑρημένων.
957 1356 989 1403 ὁ
1027 1352 1085 1404 δὲ
1117 1347 1380 1417 Ἡσίοδος
1425 1359 1519 1407 καὶ
1557 1356 1730 1409 πλέον
1769 1358 1916 1410 εἶναι
1963 1366 2065 1410 τοῦ
2100 1363 2313 1421 ’παντός
2335 1366 2399 1416 12

230 1448 375 1503 φησι
411 1437 474 1485 τὸ
513 1437 711 1504 ἥμισυ,
762 1437 863 1498 τὰς
900 1438 959 1487 ἐκ
997 1443 1098 1487 τοῦ
1134 1436 1488 1491 πλεονεκτεῖν
1536 1439 1751 1509 βλάβας
1791 1442 1951 1508 οἶμαι
1987 1445 2080 1494 καὶ
2119 1440 2318 1513 ζημίας

230 1515 598 1586 λογιζόμενος.
683 1522 771 1582 τίς
818 1522 921 1591 γὰρ
972 1525 1213 1574 πώποτε
1258 1526 1290 1594 ἢ
1341 1523 1606 1592 βασιλεὺς
1654 1528 1685 1597 ἢ
1740 1524 2012 1597 δυνάστης
2060 1529 2091 1598 ἢ
2145 1526 2318 1599 δῆμος

149 1611 195 1652 15
231 1605 596 1674 ἐπιχειρήσας
620 1607 933 1677 ὑπερβῆναι
969 1610 1032 1658 τὸ
1075 1606 1290 1660 δίκαιον
1326 1612 1420 1661 καὶ
1456 1618 1559 1662 τοῦ
1594 1609 1858 1674 πλείονος
1889 1613 2194 1684 ὀρεχθῆναι
2222 1614 2318 1677 οὐχ

226 1689 455 1739 ἅπασαν
503 1691 604 1754 μὲν
653 1693 750 1760 τὴν
794 1693 1156 1761 ὑπάρχουσαν
1208 1693 1569 1761 εὐδαιμονίαν
1619 1694 1896 1764 ἀπέβαλε,
1945 1696 2216 1765 μεγάλαις
2256 1696 2314 1748 δὲ

221 1774 316 1823 καὶ
365 1774 672 1843 ἀμηχάνοις
727 1777 999 1846 ἐχρήσατο
1054 1783 1399 1849 συμφοραῖς,
1453 1782 1638 1831 ἅπασι
1689 1779 1747 1831 δὲ
1797 1785 1918 1843 τοῖς
1965 1775 2092 1848 μετ’
2149 1783 2314 1833 αὐτὸν

225 1856 657 1926 παραδείγματα
709 1861 930 1931 ἐμφανῆ
979 1869 1077 1932 τῆς
1126 1864 1322 1926 ἀνοίας
1368 1866 1460 1915 καὶ
1509 1873 1607 1935 τῆς
1656 1868 1932 1935 πονηρίας
1985 1865 2315 1929 κατέλιπεν,·

222 1943 254 2011 ἢ
315 1944 402 2004 τίς
465 1950 575 1994 τῶν
642 1942 1025 1997 ἐλαττοῦσθαι
1078 1946 1432 2014 βουλομένων
1501 1951 1594 2000 καὶ
1652 1952 1750 2021 τὴν
1810 1948 2081 2003 δοκοῦσαν
2144 1953 2314 2023 ἧτταν

144 2034 196 2076 20
231 2025 444 2096 ῥᾳδίως
480 2030 782 2094 ὑπομένειν
821 2032 882 2080 ού
922 2029 1328 2084 πολλαπλάσια
1354 2036 1455 2099 μὲν
1482 2040 1592 2085 τῶν
1619 2032 1801 2086 ἄλλων
1828 2037 2114 2106 ἐκτήσατο,
2155 2038 2315 2087 αὐτο-

222 2114 415 2178 μάτως
454 2114 604 2181 αὐτῷ
640 2117 734 2166 καὶ
773 2113 897 2180 δίχα
948 2119 1126 2167 πόνου
1177 2121 1636 2186 περιγιγνόμενα,
1690 2117 1958 2171 πλεῖστον
2010 2119 2067 2170 δὲ
2113 2123 2313 2190 χρόνον

222 2199 321 2267 τὴν
359 2199 654 2268 εὐημερίαν
694 2204 972 2265 κατέσχεν,
1018 2199 1424 2272 ἀσφαλέστατα
1465 2201 1523 2253 δὲ
1563 2205 1836 2274 ἐχρήσατο
1875 2209 1996 2266 τοῖς
2023 2206 2178 2273 παρὰ
2217 2213 2315 2276 τῆς

222 2284 388 2352 τύχης
408 2284 684 2351 ἀγαθοῖς,·
712 2286 907 2336 αὐτίκα
933 2294 1063 2354 γοῦν
1092 2290 1148 2338 οἱ
1172 2295 1270 2358 τῆς
1289 2281 1572 2358 Ἰοκάστης
1598 2290 1740 2350 υἱεῖς
1766 2284 1915 2357 [οὐκ],
1944 2291 2071 2340 ἐπεὶ
2093 2288 2309 2360 διέστη-
2335 2295 2398 2346 13

226 2380 327 2418 σαν
366 2375 468 2418 τοῦ
502 2367 766 2432 πλείονος
799 2373 992 2440 χάριν,
1035 2374 1066 2422 ὁ
1101 2375 1203 2438 μὲν
1240 2376 1412 2439 μόνος
1450 2375 1638 2443 ἄρχειν
1675 2371 2040 2440 βουλόμενος,
2091 2377 2122 2425 0‘
2160 2367 2213 2425 δ’
2257 2372 2317 2438 ἐξ

144 2459 193 2500 25
231 2453 483 2515 ἅπαντος
521 2458 735 2523 τρόπου
775 2453 951 2527 ζητῶν
988 2459 1348 2524 κομίσασθαι
1384 2465 1482 2529 τῆς
1522 2457 1851 2520 δυναστείας
1888 2461 1950 2509 τὸ
1989 2463 2174 2528 μέρος,
2221 2460 2316 2509 οὐκ

224 2535 464 2609 ἀδελφοὶ
499 2542 600 2606 μὲν
640 2543 795 2604 ὄντες
833 2540 1107 2613 ἀλλήλους
1148 2545 1499 2607 ἀπέκτειναν,
1538 2541 1793 2611 μεγάλων
1833 2541 1891 2593 δὲ
1929 2550 2109 2594 κακῶν
2138 2542 2314 2594 αἴτιοι

221 2628 570 2694 κατέστησαν
617 2630 738 2688 τοῖς
791 2632 1196 2697 συναραμένοις
1245 2629 1587 2699 ἀμφότεροι,
1636 2633 1747 2678 τῶν
1802 2630 1902 2694 μὲν
1950 2630 2314 2696 ἐπιστρατευ-

17 2718 207 2762 (468R11)
227 2710 443 2760 σάντων
483 2719 822 2782 παραχρῆμα
863 2711 1249 2779 ἀπολομένων,
1290 2719 1400 2764 τῶν
1441 2711 1500 2764 δὲ
1540 2714 1904 2779 ἀμυναμένων
1941 2713 2080 2778 μετὰ
2118 2714 2314 2781 μικρὸν

220 2795 606 2864 ἡττηθέντων,
647 2795 843 2868 ἐπειδὴ
884 2800 1015 2859 τοὺς
1052 2800 1276 2868 νεκροὺς
1316 2799 1412 2848 οὐκ
1449 2797 1580 2848 εἴων
1617 2803 1866 2866 ταφῆναι
1877 2814 1896 2858 ,·
1943 2797 2035 2846 καὶ
2077 2797 2184 2865 μὴν
2225 2789 2305 2845 δι’
2335 2802 2401 2851 14

142 2885 191 2929 30
228 2881 351 2941 ἑνὸς
389 2877 592 2949 ἀνδρὸς
631 2879 990 2947 πλεονεξίαν,
1038 2889 1142 2933 τοῦ
1175 2885 1273 2953 τὴν
1304 2874 1519 2950 Ἑλένην
1570 2883 1933 2951 ἁρπάσαντος
1979 2878 2073 2931 καὶ
2109 2880 2177 2930 τὰ
2216 2886 2318 2929 τοῦ

377 3038 394 3075 1
437 3036 548 3090 περὶ
594 3037 682 3079 τοῦ
728 3047 814 3089 pro
853 3030 1028 3080 τούτου
1075 3036 1185 3090 περὶ
1225 3034 1273 3077 Μ
1475 3036 1499 3076 2
1548 3033 1772 3085 πλείονος
1808 3032 2042 3083 Reiskius‚
2089 3033 2315 3078 πλείστου

221 3100 328 3147 libri
463 3106 545 3148 καὶ
574 3115 659 3147 om.
688 3104 737 3146 M
866 3099 1132 3150 ἀπολύουσι
1159 3103 1203 3149 U
1373 3105 1398 3146 3
1427 3105 1508 3148 καὶ
1538 3116 1624 3147 om.
1655 3102 1693 3145 B
1865 3095 2023 3148 αὐτῶν
2051 3102 2168 3157 libri,
2198 3115 2313 3146 corr.

222 3173 358 3218 Dind.
473 3176 501 3215 4
529 3172 650 3229 μετὰ
682 3176 830 3220 ταῦτα
861 3178 948 3218 eto.
979 3174 1090 3218 Eur.
1121 3174 1152 3217 1.
1183 3174 1211 3217 l.
1242 3187 1283 3218 v.
1317 3176 1398 3217 543
1415 3185 1479 3229 sq.
1593 3177 1729 3226 θεοῖς
1759 3171 1806 3214 Μ
1923 3176 1948 3216 6
1979 3168 2031 3218 ἓν
2060 3185 2146 3216 om.
2178 3171 2229 3216 M

224 3248 247 3286 7
278 3239 432 3302 ἡμέρα
461 3241 512 3286 Μ
657 3247 681 3288 8
712 3244 958 3288 orationem
994 3243 1222 3300 obliquam
1250 3243 1430 3297 retinui,
1461 3255 1730 3300 quamquam
1758 3241 1871 3287 nihil
1899 3244 1990 3287 tale
2018 3243 2065 3287 in
2095 3242 2313 3287 Phoenis-

222 3327 373 3359 sarum
402 3314 501 3359 loco
616 3318 751 3367 θεοῖς
780 3314 830 3358 Μ
945 3317 971 3357 9
1002 3307 1287 3372 τάνθρώπια
1318 3314 1408 3358 ΒΜ
1527 3317 1576 3358 10
1608 3308 1700 3360 ὑπὸ
1734 3314 1928 3358 Cobetus
2022 3317 2069 3358 11
2101 3309 2166 3368 ὡς
2195 3308 2314 3372 ὑπὲρ

224 3385 434 3439 casaub„
466 3375 632 3445 ὥσπερ
661 3386 766 3429 libri
883 3388 935 3428 12
967 3382 1208 3444 ἓρημένων
1238 3385 1277 3429 U
1385 3382 1604 3438 Ἡσίοδος
1634 3385 1733 3430 scil.
1767 3384 1851 3441 Op.
1885 3389 1930 3429 et
1957 3384 2079 3430 Dies.
2109 3399 2150 3430 v.
2172 3388 2227 3429 40

226 3460 278 3500 13
308 3456 462 3514 λαβὰς
489 3456 540 3500 Μ
685 3459 735 3499 15
766 3453 1070 3515 ἐπεχείρησεν
1099 3456 1148 3499 Μ
1291 3449 1483 3515 ὠρέχθη
1516 3449 1569 3508 ὃς
1598 3455 1647 3499 Μ
1791 3458 1842 3500 21
1877 3451 2216 3515 περιγινόμενα
2246 3452 2311 3519 Β;

223 3519 617 3587 παραγιγνόμενα
647 3527 875 3581 Reiskius‚
906 3539 993 3582 quo
1023 3538 1116 3571 non
1145 3538 1261 3582 opus
1292 3529 1361 3571 est
1524 3529 1578 3570 23
1611 3519 1698 3573 οὐκ
1730 3526 2046 3571 secludendum
2074 3533 2175 3570 esse
2203 3526 2314 3571 mihi
2349 3567 2351 3569 ,

222 3599 448 3655 persuasit
476 3598 583 3643 Wil.
728 3601 782 3641 25
813 3599 900 3643 τοῦ
929 3593 1116 3657 τρόπου
1146 3596 1195 3639 Μ
1337 3600 1390 3641 28
1421 3591 1767 3654 ἀπολλυμένων
1794 3597 1844 3640 Μ
2000 3591 2314 3659 ἀμυναμένων

222 3669 377 3726 Emp.,
414 3669 709 3727 αἰτιωμένων
737 3669 867 3726 libri,
907 3663 1219 3725 ἀμυνομένων
1248 3668 1428 3713 Geelius
1463 3664 1827 3726 ἦναντιωμένων
1858 3662 2092 3725 Reiskius,
2130 3669 2312 3716 αἰκισα·ὁ

221 3740 382 3798 μένων
410 3741 542 3798 Emp.
572 3742 619 3785 in
650 3741 873 3787 Additam.
902 3754 947 3797 p.
971 3742 1054 3785 824
1081 3739 1424 3796 διαδεξαμένων
1454 3740 1645 3785 Casaub.
