2684 4140
419 254 519 302 158
1139 241 1344 286 DIONIS
1375 240 1460 284 DE
1489 239 1783 284 FORTUNA

417 398 505 446 ἀεὶ
531 397 651 452 τοῖς
683 391 874 449 αὐτοῖς
901 391 1228 456 παρέμενεν,
1277 385 1373 433 οὐκ
1400 384 1552 434 ἔστιν
1592 386 1750 443 ὅπως
1791 384 1910 447 οὐχὶ
1947 381 2024 450 τῴ
2054 386 2227 435 παντὶ
2250 381 2505 450 μείζονος

415 479 507 527 καὶ
548 473 901 541 δικαιοτέρας
951 472 1210 537 ἐτύγχανε
1258 468 1610 537 κατηγορίας.
1696 470 1841 517 ὅπου
1879 468 1982 536 γὰρ
2031 475 2125 519 νῦν
2172 471 2336 539 ὁρᾶτε
2374 472 2505 532 τούς

412 561 477 611 εὖ
512 560 863 627 πράττοντας
905 556 1082 615 οὕτως
1122 555 1287 613 ὄντας
1326 554 1608 622 πονηρούς
1652 553 1745 603 καὶ
1781 552 2002 621 βαρεῖς,
2050 555 2144 604 καὶ
2192 560 2366 604 ταῦτα
2405 561 2508 605 τοῦ

408 641 709 709 μέλλοντος
757 641 1108 708 ὑπάρχοντος
1155 635 1391 707 ἀδήλου,
1448 640 1633 706 πόσης
1681 638 1748 687 ἂν
1799 636 1996 688 οἴεσθε
2047 639 2249 700 αὐτούς
2296 627 2684 710 ὑπερη-(ΒΜΒΕ

411 728 618 797 φανίας
653 726 746 775 καὶ
785 726 1116 792 σκαιότητος
1155 721 1302 773 εἶναι
1339 725 1606 788 μεστούς,
1658 723 1709 773 εἰ
1745 720 1998 773 καθόλου
2037 725 2110 794 μὴ
2151 726 2250 795 τὴν
2288 722 2495 776 ἐλπίδα
2533 737 2556 776 5

408 818 507 882 τῆς
542 807 858 879 μεταβολῆς
894 810 1234 878 ὑφεωρῶντο
1247 826 1265 870 ,·

343 900 372 948 S
557 896 701 965 φασὶ
747 891 953 944 πολλοὶ
1001 894 1100 963 τὴν
1149 894 1314 962 τύχην
1365 894 1592 961 ἄκριτον
1642 891 1790 943 εἶναι
1834 895 1928 944 καὶ
1965 897 2238 963 πονηροῖς
2282 894 2506 963 ἀνθρώ-

409 996 545 1042 ποις
605 983 973 1048 προσμένειν,
1031 984 1142 1029 τῶν
1193 984 1452 1048 χρηστῶν
1510 975 1568 1028 δὲ
1627 975 1880 1044 ἀμελεῖν,
1948 980 2081 1029 ὅταν
2138 980 2315 1048 ὁρῶσι
2376 981 2507 1041 τούς

406 1062 749 1135 ἠξιωμένους
798 1070 909 1115 τῶν
959 1056 1102 1133 παρ’
1155 1065 1368 1133 ἐκείνης
1416 1064 1651 1130 ἀγαθῶν
1699 1063 1893 1132 βαρεῖς
1943 1064 2106 1125 ὄντας
2142 1065 2236 1114 καὶ
2275 1062 2506 1134 δυσχρή-

409 1164 570 1212 στους
607 1152 701 1201 καὶ
739 1151 998 1217 ἀγεννεῖς.
1087 1147 1246 1200 δοκεῖ
1288 1147 1350 1200 δέ
1384 1166 1485 1214 μοι
1521 1153 1553 1219 η
1594 1151 1725 1219 τύχη
1767 1151 1912 1218 πρὸς
1961 1150 2163 1211 αὐτούς
2202 1148 2391 1201 δίκαια
2430 1151 2497 1201 ἂν
2540 1160 2584 1201 10

403 1238 587 1287 εἰπεῖν
625 1238 713 1286 ὅτι
753 1237 922 1305 φύσει
962 1232 1380 1305 φιλάνθρωπος
1420 1234 1560 1284 οὖσα
1600 1235 1691 1285 ἀεί
1727 1248 1847 1284 τισι
1887 1236 2161 1304 πάρεστιν
2199 1239 2372 1305 ἡμῶν,
2409 1237 2505 1300 οὐχ

405 1323 706 1391 αἱρουμένη
748 1322 878 1382 τούς
917 1317 1109 1383 ἀξίους
1149 1317 1276 1370 οὐδὲ
1316 1322 1447 1381 τοὺς
1485 1322 1785 1389 πονηρούς,
1827 1321 1915 1370 ἀεὶ
1954 1318 2012 1370 δὲ
2043 1321 2189 1382 οἵοις
2217 1323 2284 1372 ἂν
2313 1323 2505 1383 αὐτοῖς

405 1410 808 1475 παραγένηται,
847 1407 1139 1466 τοιούτους
1179 1406 1381 1466 αὐτούς
1421 1406 1586 1466 ὄντας
1625 1402 2036 1472 ἐξελέγχεσθαι.
2117 1403 2232 1458 δεῖν
2273 1406 2368 1458 οὖν
2405 1409 2504 1478 τὴν

406 1493 588 1542 αὑτῶν
617 1491 920 1542 αἰτιᾶσθαι
948 1492 1136 1560 φύσιν,
1175 1492 1248 1560 μὴ
1279 1492 1377 1560 τὴν
1405 1491 1632 1560 ἐκείνης,
1673 1493 1762 1541 ὅτι
1787 1497 2039 1542 τοιοῦτοι
2064 1492 2501 1566 καθεστήκασιν,
2679 1551 2681 1555 ⁴

339 1582 370 1631 9
411 1578 554 1627 ὥστε
594 1578 625 1626 ὁ
661 1578 762 1642 μὲν
799 1573 1000 1636 ἐνδεῶς
1039 1576 1124 1625 ἔτι
1163 1577 1428 1644 πράττων
1467 1569 1676 1643 [εὐθὺς]
1715 1573 1875 1638 ἄξιος
1914 1575 2059 1627 εἶναι
2087 1574 2247 1627 δοκεῖ
2274 1574 2496 1643 βέλτιον
2541 1585 2583 1625 15

403 1659 809 1724 ἀπαλλάττειν,
861 1663 968 1727 ὅτῳ
1025 1653 1077 1710 δ’
1133 1661 1199 1709 ἂν
1237 1657 1458 1728 ὑπάρξῃ
1498 1660 1566 1709 τὰ
1608 1654 1748 1728 παρ’
1795 1661 1964 1732 αὑτῆς
2002 1662 2221 1728 ἀγαθά,
2270 1658 2503 1731 (εὐθὺς)
2676 1649 2678 1651 ’

400 1746 692 1815 μοχθηρὸς
731 1749 997 1815 πέφηνεν.
1066 1745 1190 1794 ἔστι
1214 1745 1317 1813 γὰρ
1345 1747 1541 1810 ὅμοιον
1570 1745 1762 1813 ὥσπερ
1791 1744 1849 1796 εἴ
1867 1763 1970 1809 τις,
2011 1747 2246 1813 ἀγγείων
2275 1744 2502 1797 πολλῶν

404 1833 612 1893 ὅντων,
661 1828 901 1900 μηδενὸς
949 1825 1069 1898 (δὲ)
1106 1830 1320 1897 ὑγιοῦς,
1369 1831 1466 1880 τὸν
1514 1830 1596 1890 εἰς
1635 1830 1775 1880 αὐτὰ
1815 1831 2073 1897 ἐγχέοντα
2111 1827 2343 1899 (ψέγοι)
2379 1830 2502 1899 βλέ-

403 1931 527 1966 πων
565 1919 693 1986 ῥέον
733 1917 821 1966 ἀεὶ
857 1910 982 1982 <τὸ>
1020 1912 1423 1984 πληρούμενον.
1498 1913 1657 1965 εἴποι
1694 1915 1798 1983 γὰρ
1838 1916 1923 1979 ἄν,
1957 1909 2111 1966 Ἀλλ’
2155 1918 2277 1968 ἔστι
2316 1920 2502 1968 πάντα

402 2006 665 2052 τοιαῦτα·
705 2003 811 2061 ἕως
851 1990 904 2050 δ’
949 2001 1015 2050 ἂν
1051 1983 1088 2069 ᾗ
1126 2002 1273 2058 κενά,
1315 1997 1602 2050 λανθάνει.
2540 2010 2586 2050 20

324 2094 386 2143 10
549 2081 826 2150 θαυμάζω
866 2090 992 2146 πῶς
1039 2100 1181 2134 ποτε
1230 2085 1286 2134 οἱ
1335 2081 1542 2135 πολλοὶ
1587 2085 1685 2154 τὴν
1724 2087 1890 2155 τύχην
1939 2087 2114 2155 φασὶν
2152 2085 2506 2138 ἐπικίνδυνον

404 2170 551 2222 εἶναι
585 2172 680 2221 καὶ
725 2168 898 2239 μηδὲν
937 2176 1047 2220 τῶν
1097 2162 1242 2238 παρ’
1297 2170 1466 2240 αὐτῆς
1513 2170 1785 2239 ὑπάρχειν
1831 2171 2078 2237 βέβαιον.
2171 2175 2348 2243 ἐκείνη
2397 2174 2501 2243 γὰρ
2518 2181 2673 2222 (34531

403 2254 637 2307 ἐπειδάν
676 2273 789 2306 τινι
828 2253 908 2322 δῷ
945 2255 1013 2305 τὰ
1055 2248 1196 2324 παρ’
1242 2256 1412 2325 αὑτῆς
1465 2255 1658 2321 ἀγαθά
1707 2254 1901 2318 (ταῦτα
1954 2249 2008 2306 δ>
2062 2259 2183 2308 ἐστὶ
2226 2260 2500 2328 χρήματα,

405 2343 587 2406 ἰσχύς,
639 2338 791 2404 δόξα,
830 2342 1009 2406 τιμαί)
1049 2342 1273 2401 τούτοις
1314 2337 1511 2390 οὐδένα
1550 2337 1753 2390 κωλύει
1797 2342 2052 2411 χρῆσθαι
2099 2343 2239 2392 κατὰ
2289 2346 2502 2412 τρόπον

402 2429 495 2477 καὶ
534 2429 594 2497 νὴ
624 2428 738 2476 Δία
778 2442 837 2493 γε
877 2427 958 2487 εἰς
996 2423 1286 2495 τάσφαλὲς
1326 2427 1517 2486 αὑτοῖς
1553 2426 1996 2489 κατατίθεσθαι,
2039 2425 2176 2495 λέγω
2208 2426 2265 2478 δὲ
2294 2429 2390 2478 οὐκ
2416 2430 2497 2490 εἰς
2536 2435 2581 2476 25

402 2514 501 2582 τὴν
543 2513 724 2562 οἰκίαν
763 2509 922 2562 ἔνδον
964 2504 1081 2561 οὐδ’
1127 2512 1207 2571 εἰς
1245 2513 1307 2560 τὸ
1348 2514 1603 2575 ταμιεῖον
1654 2509 1781 2561 οὐδὲ
1831 2509 1980 2573 κλεῖς
2029 2514 2374 2583 ἐφιστάντας
2409 2514 2502 2564 καὶ

552 2784 567 2822 1
605 2774 707 2825 οὐδ’
739 2772 813 2825 άεὶ
843 2782 888 2822 et
917 2776 1210 2836 παραμένειν
1241 2776 1435 2820 MPHP2
1582 2773 1682 2823 ἔστι
1713 2773 1760 2822 δ’
1794 2769 1926 2831 ὅπως
1956 2777 2099 2821 PHP2
2229 2781 2253 2821 2
2283 2781 2364 2824 καὶ
2393 2782 2499 2834 post

400 2845 493 2910 γὰρ
525 2850 626 2894 add.
661 2850 838 2894 Selden.
956 2853 982 2892 4
1015 2847 1205 2895 οἴεσθαι
1234 2848 1322 2892 ΜΡ
1448 2842 1620 2902 αὐτοὺς
1651 2861 1738 2894 om.
1770 2848 1806 2892 P
1952 2853 1976 2892 5
2008 2848 2052 2894 εἰ
2077 2852 2158 2894 καὶ
2189 2848 2319 2893 UBM
2434 2847 2495 2906 μὴ

400 2933 484 2964 om.
516 2923 552 2965 B
583 2921 645 2979 μὴ
677 2916 897 2966 καθόλου
926 2920 1030 2973 (hoc
1061 2918 1176 2972 ord.)
1206 2919 1265 2963 P2
1428 2923 1452 2964 8
1484 2919 1533 2965 δὲ
1560 2922 1782 2978 χρηστῶν
1810 2919 1926 2973 (hoc.
1960 2919 2073 2973 ord.)
2108 2919 2143 2963 U
2259 2917 2414 2973 ἄλλως
2446 2937 2497 2965 τε

402 2984 520 3038 ὅταν
550 2993 631 3037 ΠΒ
775 2996 799 3035 9
829 2994 910 3037 καὶ
938 2995 1107 3050 βαρεῖς
1139 2991 1268 3035 UBM
1417 2993 1466 3034 10
1498 2990 1548 3036 δέ
1574 3007 1660 3047 μοι
1688 2990 1827 3034 PHP2
1859 2990 1912 3049 γε’
1940 3006 2024 3047 μοι
2059 2990 2134 3034 UB
2164 2990 2213 3036 δὲ
2242 2990 2295 3048 γε’
2323 3006 2407 3046 μοι
2436 2989 2498 3045 Μ,

399 3063 519 3107 unde
549 3062 597 3108 δέ
626 3057 679 3120 γ’
710 3060 817 3119 ἐμοὶ
847 3061 1022 3117 Pflugk.
1138 3063 1328 3114 δικαίως
1357 3061 1474 3104 idem
1594 3065 1637 3105 11
1674 3077 1744 3113 τις
1773 3074 1854 3117 pro
1887 3076 1980 3106 τισι
2008 3060 2067 3104 P2
2181 3059 2295 3119 ἡμῖν
2325 3061 2382 3104 P2

403 3137 454 3176 12
486 3128 604 3179 αὐτὰ
631 3134 731 3178 HP2
755 3128 869 3192 αὑτὴ
893 3133 927 3176 Ρ
1027 3137 1076 3177 13
1100 3136 1170 3178 δεῖ
1188 3132 1291 3176 HP2
1398 3136 1449 3176 14
1481 3128 1791 3178 αἰτιάσασθαι
1812 3131 1944 3177 UBM
2033 3124 2106 3177 ὅτι
2138 3149 2181 3178 τι
2213 3123 2346 3177 οὗτοι
2375 3131 2410 3174 Ρ

406 3207 454 3247 15
485 3220 528 3248 τι
558 3203 674 3257 libri,
706 3202 771 3250 ἔτι
793 3205 960 3248 Reiske
1045 3208 1149 3260 post
1165 3195 1520 3261 καθεστήκασιν
1541 3216 1714 3247 comma
1734 3205 1865 3259 posui
1886 3217 1967 3259 pro
1989 3206 2159 3259 puncto
2261 3197 2401 3256 εὐθὺς
2422 3202 2496 3247 hic

402 3274 534 3328 delet,
565 3279 671 3319 ante
699 3272 949 3334 μοχθηρὸς
977 3276 1234 3331 transponit
1263 3275 1394 3331 Emp.
1542 3278 1672 3321 δοκεῖ
1701 3278 1782 3321 καὶ
1816 3275 1892 3319 UB
2039 3278 2090 3318 16
2118 3267 2316 3333 ὑπάρξει
2345 3273 2381 3316 Ρ

409 3348 455 3389 18
485 3347 566 3390 καὶ
594 3342 801 3404 μηδενὸς
830 3346 910 3390 UB
1026 3346 1075 3392 δὲ
1104 3346 1207 3391 add.
1239 3346 1373 3403 Emp.
1490 3344 1721 3404 ἐκχέοντα
1752 3346 1795 3390 Η
1937 3345 2079 3405 ψέγοι
2108 3346 2255 3402 suppl.
2288 3344 2486 3399 Pfiugk.;

402 3415 558 3460 dubito
587 3428 647 3460 an
678 3416 808 3471 plura
838 3416 1085 3460 exciderint
1232 3420 1283 3461 19
1316 3416 1441 3473 ῥέων
1471 3418 1507 3461 Β
1652 3412 1682 3475 ἢ
1712 3414 2042 3478 πληρούμενον
2072 3416 2204 3471 UBP,
2232 3416 2354 3472 <τὸ>
2381 3419 2493 3473 πλη-

404 3482 640 3546 ρούμενον
670 3486 835 3531 Reiske
977 3483 1133 3533 πάντα
1165 3501 1247 3532 om.
1280 3488 1340 3532 P2
1486 3492 1539 3532 20
1571 3484 1829 3534 λανθάνειν
1858 3488 1951 3531 ΜΗ
2095 3490 2146 3532 21
2179 3482 2412 3542 θαυμάζω
2443 3484 2491 3531 δὲ

401 3556 543 3601 PHP2
575 3553 642 3603 ἔτι
671 3553 903 3614 θαυμάζω
936 3557 1063 3601 UBM
1210 3558 1257 3604 οἳ
1286 3561 1482 3605 παλαιοὶ
1512 3559 1570 3603 P2
1733 3562 1785 3603 23
1818 3557 1876 3606 τά
1909 3552 2033 3617 παρ’
2063 3555 2244 3614 ἐκείνης
2274 3554 2376 3598 HP2

403 3630 454 3671 25
488 3624 651 3681 αὐτοῖς
680 3628 785 3672 libri
813 3632 991 3684 praeter
1022 3630 1058 3672 Β
1175 3632 1228 3673 26
1261 3630 1445 3676 οἰκείαν
1476 3632 1512 3674 Β
1627 3637 1828 3687 τιμιεῖον
1856 3630 1894 3673 Β
1981 3624 2241 3687 ἐφιστάντα
2274 3626 2363 3670 ΒΜ
2393 3623 2491 3671 ἐπι-

403 3695 583 3745 στάντα
615 3698 655 3744 U
685 3713 741 3743 m.
773 3712 840 3755 pr.
875 3706 1007 3751 (corr.
1041 3703 1091 3757 φ)
