2684 4140
414 279 481 327 36
1027 272 1232 318 DIONIS
1261 271 1345 315 AD
1377 269 1877 316 NICOMEDIENSES

411 419 469 472 δὲ
509 422 702 485 ἔχομεν
747 418 840 467 καὶ
889 413 1086 485 φιλίας
1135 412 1444 476 ἰδιωτικάς.
1520 415 1696 477 θεούς
1744 433 1803 466 τε
1842 419 1972 478 τοὺς
2011 411 2214 480 αὐτοὺς
2252 417 2502 485 νομίζετε

405 505 498 554 καὶ
534 503 635 563 τὰς
673 500 872 567 ἑορτὰς
912 494 1072 565 <τάς>
1110 496 1384 560 πλείστας
1423 501 1635 565 ὁμοίως
1672 502 1848 568 ἄγετε.
1915 503 2008 552 καὶ
2045 505 2152 572 μὴν
2193 495 2320 555 οὐδὲ
2359 508 2501 575 ὑπὲρ

405 593 515 637 τῶν
552 587 706 636 ἐθῶν
747 575 845 634 ούκ
883 584 1036 634 ἔστιν
1076 576 1310 649 οὐδεμία
1350 586 1479 649 ὑμῖν
1516 587 1680 655 μάχη.
1744 589 1957 637 τούτων
1998 584 2056 637 δὲ
2096 589 2364 640 ἁπάντων
2404 584 2502 641 οὐκ

406 672 618 738 ἔχθρας
656 671 1016 738 παρεχόντων
1058 670 1263 732 αἰτίαν,
1304 667 1444 720 ἀλλά
1483 664 1811 722 τούναντίον
1852 670 2049 742 φιλίας
2084 674 2177 723 καὶ
2217 675 2499 739 ὁμονοίας,

317 757 385 808 23
404 755 723 821 μαχόμεθα.
799 755 901 804 κᾶν
939 771 1026 815 τις
1062 755 1202 819 ὑμᾶς
1240 755 1483 816 ἐπιστὰς
1520 757 1732 825 ἔρηται,
1777 758 1848 807 Τί
1887 754 1945 807 δὲ
1983 759 2128 823 ὑμᾶς
2167 760 2223 809 οἱ
2261 761 2496 820 Νικαεῖς
2534 775 2558 814 5
2604 750 2682 828 (Ἢ

403 838 727 901 ἀδικοῦσιν,·
777 832 937 890 οὐδὲν
987 840 1172 890 εἰπεῖν
1221 837 1387 903 ἕξετε.
1474 842 1575 891 κᾶν
1613 843 1838 892 ἐκείνων
1877 843 2139 912 πύθηται
2178 842 2375 908 πάλιν,
2431 847 2503 896 Τί
2680 829 2681 833 ¹

403 923 461 976 δὲ
502 926 558 974 οἱ
595 921 941 994 Νικομηδεῖς
979 922 1270 976 ἀδικοῦσιν
1309 926 1480 991 ὑμᾶς,·
1526 917 1653 976 οὐδὲ
1694 920 1856 977 αὐτοὶ
1895 924 2073 994 λέγειν
2110 925 2330 990 ἕξουσιν
2371 923 2498 980 οὐδὲ

400 1013 472 1062 ἕν.
544 1007 685 1060 ἀλλὰ
726 1007 909 1061 ἆθλόν
947 1012 1102 1061 ἐστιν
1140 1012 1198 1061 έν
1236 1009 1315 1078 τῷ
1354 1015 1506 1078 μέσῳ
1546 1013 1815 1077 κείμενον,
1855 1005 1996 1081 ὑπὲρ
2038 1011 2106 1062 οὗ
2130 1010 2497 1083 διαφέρεσθε.

398 1097 492 1146 καὶ
528 1097 586 1146 τί
621 1098 787 1146 τοῦτό
826 1097 1012 1158 ἐστιν,·
1052 1098 1086 1146 ἃ
1124 1100 1226 1162 μέν
1264 1112 1324 1164 γε
1362 1098 1457 1147 καὶ
1496 1098 1778 1162 ὀνομάσαι
1814 1094 1974 1159 ἄξιον
2011 1099 2105 1148 καὶ
2154 1096 2498 1169 ὁμολογῆσαι

396 1182 491 1232 καὶ
517 1183 648 1250 περὶ
677 1180 752 1232 ὧν
793 1182 859 1232 ἂν
895 1183 990 1232 καὶ
1031 1183 1287 1251 συγγνοίη
1330 1199 1418 1243 τις
1456 1187 1578 1244 τοῖς
1604 1178 2054 1250 ἀγωνιζομένοις,
2093 1184 2307 1233 τούτων
2334 1175 2493 1234 οὐδέν
2533 1198 2579 1240 10

397 1269 536 1330 ἐστι,
573 1268 642 1317 τὰ
684 1265 742 1318 δὲ
781 1269 914 1317 ὅντα
946 1260 1074 1318 οὐδὲ
1104 1269 1288 1318 εἰπεῖν
1317 1260 1444 1318 οὐδὲ
1474 1265 1822 1338 ὁμολογῆσαι
1849 1262 1962 1336 [ὡς]
1988 1265 2173 1329 καλῶς
2200 1268 2312 1333 ἔχει
2332 1281 2343 1292 ·
2381 1286 2497 1319 τοι·

401 1355 540 1404 αῦτά
568 1355 739 1416 ἐστιν,
789 1354 933 1403 οὕτω
965 1355 1186 1419 σμικρά,
1229 1355 1407 1415 οὕτως
1433 1354 1502 1403 τὰ
1530 1346 1781 1419 τυχόντα,
1810 1347 1908 1424 ἐφ’
1942 1354 2027 1415 οἷς
2056 1356 2112 1404 οἱ
2135 1355 2237 1419 μὲν
2266 1355 2496 1423 ἀνόητοι

313 1443 381 1494 24
403 1435 839 1509 φιλοτιμηθεῖεν
883 1439 949 1488 ἂν
992 1437 1158 1502 ἴσως,
1208 1439 1273 1489 εὖ
1307 1436 1367 1489 δὲ
1410 1445 1634 1509 φρονῶν
1684 1440 1750 1490 ἂν
1792 1432 1989 1501 οὐδεὶς.
2079 1441 2135 1489 οἱ
2170 1440 2273 1508 γὰρ
2315 1456 2497 1509 παρα-

396 1521 694 1585 καλοῦντες
733 1525 874 1589 ὑμᾶς
912 1525 1012 1574 ἐπὶ
1047 1525 1146 1593 τὴν
1189 1526 1416 1574 στάσιν·
1470 1516 1547 1574 δι’
1594 1526 1660 1585 ἃς
1712 1522 1769 1575 δὲ
1812 1525 2000 1585 αἰτίας
2050 1515 2147 1574 οὒκ
2184 1527 2318 1590 ἐμὸν
2358 1524 2496 1587 ἴσως

396 1606 724 1676 ἐξελέγχειν·
765 1600 891 1658 ἀλλ’
938 1610 999 1658 οἵ
1017 1625 1077 1676 γε
1099 1610 1393 1678 χαίροντες
1433 1603 1571 1678 αὐτῇ
1610 1615 1775 1659 τοῦτο
1802 1612 1973 1675 μόνον
2002 1607 2292 1660 λαλοῦσιν·
2326 1603 2489 1680 Ὑπὲρ
2530 1625 2576 1666 15

397 1695 694 1763 πρωτείων
722 1689 1135 1760 ἀγωνιζόμεθα.
1201 1696 1435 1755 τούτους
1462 1694 1557 1744 οὖν
1598 1685 1802 1755 αὐτούς
1840 1696 2118 1764 ἐρήσομαι
2158 1692 2332 1745 πάλιν
2359 1697 2493 1762 ἐγώ·

401 1780 583 1830 Τίνων
623 1780 951 1847 πρωτείων,·
997 1780 1091 1829 καὶ
1142 1781 1384 1846 πότερον
1423 1780 1562 1848 ἔργῳ
1612 1781 1706 1829 καὶ
1745 1781 2037 1847 πράγματι
2087 1777 2494 1847 δοθησομένων

394 1866 425 1935 ἢ
467 1866 601 1934 περὶ
639 1858 918 1930 ὀνόματος
958 1857 1093 1914 αὐτὸ
1132 1862 1308 1930 μόνον
1336 1866 1488 1915 ἐστὶν
1515 1866 1705 1933 ύμῖνή
1745 1866 1926 1932 μάχη,·
1962 1865 2057 1914 καὶ
2083 1861 2363 1933 πρότερον
2389 1866 2494 1933 γὰρ

397 1948 609 2021 δήποτε
650 1951 833 2000 ἀκούω
873 1951 937 2000 τὸ
978 1943 1113 2000 αὐτὸ
1153 1957 1318 2000 τοῦτο
1347 1950 1619 2018 γενέσθαι
1648 1952 1902 2011 στάσεως
1934 1940 2248 2020 Ἑλληνικῆς
2293 1948 2492 2018 αἴτιον,

393 2037 487 2087 καὶ
513 2034 837 2106 πολεμῆσαι
864 2037 996 2104 περὶ
1021 2041 1132 2086 τῶν
1172 2037 1469 2105 πρωτείων
1496 2037 1628 2097 τοὺς
1649 2028 1992 2104 Ἀθηναίους
2023 2036 2118 2085 καὶ
2142 2036 2273 2096 τούς
2299 2038 2486 2086 Λακε-
2524 2050 2572 2090 20

308 2126 376 2176 25
398 2119 742 2188 δαιμονίους.
835 2122 928 2171 καὶ
978 2119 1127 2171 διότι
1171 2123 1272 2187 μὲν
1322 2118 1448 2171 οὐδὲ
1500 2122 1735 2181 ἐκείνοις
1783 2117 2241 2190 ἐλυσιτέλησενή
2293 2124 2491 2184 στάσις

391 2209 484 2258 καὶ
524 2208 553 2257 0‘
591 2205 856 2272 πόλεμος,
897 2203 1038 2256 ἀλλά
1079 2209 1224 2275 πρὸς
1262 2203 1535 2276 ἀλλήλους
1574 2201 1975 2273 ἀγωνιζόμενοι
2013 2207 2145 2274 περὶ
2182 2211 2293 2255 τῶν
2333 2222 2486 2273 πρω-

392 2294 558 2343 τείων
597 2290 905 2342 ἀπώλεσαν
946 2292 1085 2341 αὐτὰ
1125 2293 1472 2362 ἀμφότεροι,
1521 2293 1616 2341 καὶ
1662 2292 1822 2356 ὑμεῖς
1861 2292 2108 2351 ἅπαντες
2146 2291 2328 2340 ἐκεῖνα
2369 2290 2489 2342 ἴστε

392 2380 484 2429 καὶ
525 2377 663 2439 ἴσως
699 2378 848 2445 κάγὼ
886 2379 1084 2446 μικρὸν
1122 2379 1355 2446 ὕστερον
1381 2379 1524 2445 ὑπὲρ
1567 2377 1748 2427 αὐτῶν
1788 2378 1914 2445 ἐρῶ.
1979 2377 2037 2426 τί
2076 2374 2138 2427 δέ
2149 2393 2168 2436 ,·
2206 2382 2371 2425 τοῦτο
2411 2378 2488 2438 ὡς

390 2467 586 2530 ὅμοιον
625 2464 813 2530 ἐκείνῳ
856 2460 1310 2531 προβαλλόμενοι
1338 2460 1622 2529 λέγουσιν,·
1654 2456 1960 2530 Ἀθηναῖοι
1987 2463 2247 2527 περὶτοῦ
2271 2458 2484 2530 φόρους
2522 2475 2571 2516 25
2587 2437 2672 2521 {ff}

392 2547 695 2616 λαμβάνειν
734 2549 890 2617 παρὰ
930 2554 1041 2599 τῶν
1079 2554 1371 2618 νησιωτῶν
1411 2545 1752 2613 ἐπολέμουν,
1802 2548 1896 2597 καὶ
1935 2548 2067 2615 περὶ
2104 2551 2206 2596 τοῦ
2242 2542 2484 2608 δικάζειν
2628 2521 2678 2563 Π)

392 2634 538 2686 οἴκοι
574 2635 675 2695 τὰς
713 2634 981 2684 ἁπάντων
1012 2632 1169 2695 δίκας
1195 2627 1499 2703 [Ἑλλήνων]
1539 2628 1892 2702 ἠγωνίζοντο,
1931 2634 2025 2682 καὶ
2061 2628 2314 2682 καθόλου
2355 2633 2487 2699 περὶ

305 2722 373 2774 26
392 2718 687 2787 βασιλείας
726 2720 757 2768 0‘
796 2717 1045 2786 πόλεμος
1082 2716 1148 2789 ῆν
1186 2723 1312 2780 ταῖς
1353 2716 1590 2768 πόλεσιν
1628 2718 1883 2778 ἐκείναις.
1947 2721 2109 2787 ἡμεῖς
2137 2715 2195 2767 δὲ
2235 2717 2302 2766 ἂν
2342 2717 2485 2765 ἀπο-

391 2803 648 2873 λάβωμεν
704 2809 766 2857 τό
821 2809 1102 2875 πρωτεῖον
1163 2806 1366 2870 ἀμαχεὶ
1425 2800 1798 2872 παραδόντων
1858 2803 1992 2852 αὐτὸ
2049 2808 2160 2852 τῶν
2209 2804 2484 2864 Νικαέων,

388 2894 601 2961 πότερα
652 2889 961 2962 ληψόμεθα
1005 2892 1137 2951 τούς
1187 2892 1423 2961 φόρους,
1476 2890 1571 2950 οὓς
1610 2894 1703 2939 νῦν
1741 2889 1944 2938 ἐκεῖνοι
1984 2884 2395 2953 λαμβάνουσιν;
2443 2888 2474 2955 ἢ
2515 2902 2563 2942 30

387 2978 489 3039 τὰς
546 2975 744 3039 πόλεις
799 2977 900 3038 τάς
959 2973 1331 3036 συντελούσας
1389 2976 1469 3036 εἰς
1523 2976 1587 3024 τὸ
1641 2966 1784 3041 παρ’
1837 2973 2071 3033 ἐκείνοις
2122 2970 2481 3040 δικαστήριον

530 3187 555 3228 2
586 3181 673 3238 τοὶς
701 3185 804 3229 add.
835 3182 1000 3239 Pflugk
1117 3187 1141 3227 3
1171 3181 1330 3229 ἐθνῶν
1362 3182 1451 3225 ΒΜ
1568 3186 1592 3225 5
1625 3178 1780 3241 εἶ’ρητε
1813 3180 1861 3223 M
1950 3180 1997 3226 τί
2027 3182 2102 3225 δαὶ
2133 3179 2253 3225 UBT
2341 3182 2367 3223 6
2400 3173 2482 3226 πύ-

386 3260 504 3315 θητε
532 3257 570 3301 Β
601 3253 806 3315 πύθητέι
835 3259 903 3310 (αι
931 3267 960 3299 a
991 3257 1124 3310 corr.)
1153 3254 1194 3301 U
1311 3255 1359 3300 τί
1388 3256 1464 3300 δαὶ
1493 3252 1616 3299 UBT
1734 3258 1756 3296 7
1790 3255 2045 3309 νικομιδεῖς
2073 3252 2123 3296 Μ
2268 3255 2291 3296 8
2323 3251 2483 3307 διαφέ-

390 3331 562 3387 ρεσθαι
591 3326 641 3370 Μ
759 3331 811 3371 10
842 3329 940 3380 (καὶ
969 3326 1164 3371 alterum
1193 3338 1282 3371 om.
1313 3324 1464 3382 Emp.)
1551 3321 1805 3383 συγγνώμη
1834 3339 1905 3377 τις
1933 3322 2051 3376 libri,
2084 3335 2200 3367 corr.
2231 3322 2398 3367 Reiske

388 3392 524 3444 οὐδέν
543 3395 657 3450 ἐστι,
688 3397 747 3444 τά
771 3397 820 3444 δὲ
842 3393 961 3444 ὄντα
983 3396 1175 3451 Selden.,
1206 3391 1310 3443 οὐδ’
1332 3391 1433 3442 ἔστι
1453 3393 1512 3442 τοὶ
1537 3395 1707 3442 δέοντα
1727 3395 1816 3439 ΒΜ
1838 3389 2022 3441 οὗὸέστι
2042 3390 2102 3440 τὰ
2124 3393 2294 3439 δέοντα
2315 3392 2395 3437 UT

391 3472 440 3512 11
474 3466 539 3522 ὡς
568 3469 686 3513 delet
714 3468 848 3525 Emp.
980 3471 1029 3512 12
1063 3459 1216 3521 οὕτως
1245 3463 1392 3525 μικρά
1425 3466 1557 3512 MUT
1704 3459 1832 3513 οὕτω
1863 3461 1921 3512 τὰ
1953 3464 2031 3508 ΒΤ
2180 3468 2231 3507 16
2261 3458 2481 3522 άγονιζό·

387 3543 515 3594 μεθα
546 3539 583 3583 T
697 3539 787 3596 μὲν
817 3531 904 3585 οὖν
932 3538 1013 3584 UT
1162 3542 1212 3583 18
1244 3533 1356 3596 ἡμῖν
1384 3535 1514 3584 ἐστιν
1543 3538 1649 3592 (hoc
1680 3537 1797 3592 ord.)
1826 3536 1875 3580 M
1903 3530 2014 3592 ὑμῖν
2044 3547 2130 3580 om.
2161 3534 2197 3576 B
2315 3536 2368 3577 23
2399 3530 2474 3580 αὐ-

389 3605 500 3662 τοὺς
529 3608 568 3652 Τ
684 3605 792 3656 ἕστε
823 3609 860 3652 Τ
978 3612 1032 3653 24
1062 3610 1107 3654 τί
1137 3611 1211 3654 δαὶ
1240 3607 1360 3653 UBT
1478 3611 1531 3652 26
1562 3610 1671 3667 περὶ
1701 3603 1758 3653 τὸ
1790 3606 1872 3652 UT
2023 3609 2075 3649 27
2108 3605 2241 3656 δίκας
2271 3601 2477 3661 ἓλλήνων

387 3676 679 3738 ἠγωνίζοντο
702 3680 751 3723 Μ
781 3682 914 3734 δίκας
941 3675 1066 3726 κατὰ
1091 3673 1307 3738 ἀλλήλων
1327 3675 1620 3737 ἠγωνίζοντο
1646 3678 1746 3734 UB3
1771 3669 2007 3735 Ἑλλήνων
2027 3675 2207 3730 seclusi,
2237 3686 2264 3717 a
2284 3674 2475 3719 lectione

389 3749 438 3794 Μ
466 3749 845 3805 proficiscendum
874 3764 973 3796 esse
1002 3753 1129 3796 ratus
1247 3753 1300 3794 29
1334 3752 1403 3795 τῶ
1433 3749 1472 3794 U
1502 3763 1559 3793 m.
1590 3761 1658 3806 pr.
1774 3748 1975 3794 νικαίων
2004 3746 2042 3790 Τ
