2684 4140
905 262 1133 310 ORATIO
1162 262 1414 311 LXXVIII.
2210 263 2309 311 217

24 395 29 429 J

218 410 448 478 τρόπον,
486 406 658 472 κόλαξ
690 409 785 460 καὶ
819 411 953 479 γόης
991 409 1115 459 ἀντὶ
1150 410 1404 476 γενναίου
1429 408 1524 459 καὶ
1549 405 1802 479 ἀληθοῦς
1842 408 2055 479 φανείς.
2188 410 2308 460 καί-
2330 409 2398 461 34

0 512 12 555 ι)
218 509 310 544 τοι
356 494 415 544 τί
461 509 602 544 ποτε
648 491 950 560 βούλονται
998 498 1108 543 τῶν
1157 494 1447 562 μακαρίων
1497 495 1646 555 τινὲς
1684 493 2125 563 θεραπεύεσθαι
2164 494 2311 563 πρὸς

35 526 40 696 e
221 578 547 647 ἀνθρώπων
585 575 900 647 ἐλευθέρων
940 577 1087 629 εἶναι
1127 580 1458 648 φασκόντων
1495 579 1590 628 καὶ
1625 579 1757 639 τούς
1800 575 2176 644 καλουμένους
2217 595 2310 648 φι-

35 715 37 724 Ᾰ
223 659 507 732 λοσόφους
544 663 643 713 ἐπὶ
679 662 890 731 θύραις
919 664 1101 713 αὐτῶν
1143 663 1397 731 ὁρᾶσθαι
1434 664 1738 724 ταπεινούς
1772 664 1866 714 καὶ
1903 663 2163 729 ἀτίμους,
2204 657 2315 731 [καὶ

34 739 36 743 ’
163 755 187 795 5
223 741 318 815 μὴ]
367 746 633 815 καθάπερ
682 750 714 816 ἡ
745 747 922 816 Κίρκη
973 744 1233 813 ἐβούλετο
1272 749 1370 817 τὴν
1425 745 1642 817 οἴκησιν
1694 748 1863 818 αὐτῆς
1917 745 2313 818 φυλάττεσθαι

30 778 35 945 1
217 831 331 880 ὑπὸ
373 827 611 881 λεόντων
645 828 844 882 δειλῶν
869 832 962 882 καὶ
986 834 1446 901 κατεπτηχότων,·
1486 832 1680 883 οὔκουν
1709 830 1834 883 οὐδὲ
1863 834 2066 883 ἐκεῖνοι
2094 829 2312 894 λέοντες

30 974 32 978 ¹
220 916 373 977 ὄντες
421 912 736 985 ἐφύλαττον
789 916 984 986 αὐτήν,
1045 914 1186 966 ἀλλά
1249 914 1514 986 δύστηνοι
1564 918 1873 987 ἄνθρωποι
1921 918 2016 967 καὶ
2063 918 2310 987 ἀνόητοι,

28 982 32 1096 J
219 997 637 1070 διεφθαρμένοι
675 998 768 1051 διὰ
807 1003 1022 1071 τρυφὴν
1058 1003 1152 1052 καὶ
1201 1002 1414 1070 ἀργίαν.
1503 1002 1696 1052 οὐκοῦν
1747 1004 1879 1052 ὅταν
1930 999 2019 1070 ἴδῃ
2072 1018 2159 1062 τις
2196 1006 2307 1052 τῶν
2329 1007 2396 1058 35

27 1098 31 1113 ‘
220 1082 557 1156 φιλοσόφων
595 1086 720 1136 τινὰ
771 1083 1126 1151 καλουμένων
1176 1087 1308 1155 περὶ
1354 1086 1455 1146 τὰς
1505 1083 1678 1147 αὐλάς
1723 1088 1818 1137 καὶ
1871 1086 2140 1155 πρόθυρα
2192 1086 2314 1135 σαί-

139 1174 186 1217 10
224 1185 391 1220 νοντα
438 1172 533 1221 καὶ
579 1171 848 1221 ταπεινὸν
896 1171 1119 1220 ἐκείνων
1181 1167 1341 1232 ἄξιον
1401 1171 1836 1240 ἀναμνησθῆναι
1894 1176 2005 1220 τῶν
2058 1168 2312 1233 λεόντων,

23 1288 29 1319 1
215 1256 372 1306 κυσὶν
410 1256 621 1321 ὁμοίων
659 1259 902 1305 πεινῶσι
937 1255 1032 1304 καὶ
1070 1251 1304 1317 δειλοῖς,
1346 1255 1678 1322 ὠρυομένων
1720 1252 2015 1317 ὀξύτατον,
2066 1256 2162 1304 ἅτε
2199 1256 2312 1304 ύπὸ

26 1342 27 1347 ’
219 1341 528 1408 φαρμάκων
580 1336 1033 1408 διεφθαρμένων.
1120 1335 1262 1388 ἀλλὰ
1315 1336 1380 1408 δή
1435 1340 1589 1389 ἐστιν
1641 1340 1737 1389 οὐκ
1788 1332 1902 1389 οἶδ’
1947 1340 2148 1389 ὁποῖόν
2186 1356 2244 1389 τι
2279 1343 2311 1408 ή

215 1427 447 1494 τοιαύτη
488 1424 791 1489 ἐπιθυμία.
875 1424 1070 1492 μυρίοι
1117 1425 1219 1489 μὲν
1266 1425 1370 1493 γάρ
1423 1424 1595 1488 εἰσιν,
1655 1425 1712 1474 οἳ
1759 1426 1976 1485 ἑκόντες
2022 1425 2117 1474 καὶ
2164 1425 2313 1474 πάνυ

217 1510 537 1579 προθύμως
573 1509 969 1578 θεραπεύουσι
1007 1510 1139 1570 τούς
1188 1506 1499 1571 πλουσίους
1544 1510 1640 1560 καὶ
1689 1507 1959 1570 δυνατούς
2004 1510 2099 1559 καὶ
2134 1508 2313 1574 μεστὰ

135 1600 183 1643 15
220 1595 407 1645 πάντα
444 1590 695 1644 κολάκων
733 1595 855 1644 ἐστὶ
892 1599 1003 1644 τῶν
1039 1587 1164 1660 μετ’
1209 1595 1510 1663 ἐμπειρίας
1534 1595 1628 1645 καὶ
1654 1598 1846 1664 τέχνης
1875 1595 2008 1644 αὐτὸ
2036 1595 2314 1663 πραττόν-

17 1689 121 1742 528R
144 1689 195 1732 11)
219 1696 346 1729 των.
435 1679 579 1729 ὥστε
629 1679 725 1728 οὐκ
773 1679 990 1748 ἀπορίᾳ
1039 1676 1201 1729 τοῦδε
1239 1684 1342 1729 τοῦ
1380 1680 1667 1748 χρήματος
1718 1676 1946 1749 ζητοῦσι
1994 1679 2151 1747 παρὰ
2198 1683 2309 1727 τῶν
2332 1680 2397 1733 36

217 1764 280 1813 οὐ
319 1766 684 1834 πεφυκότων,
736 1756 864 1813 ἀλλ>
907 1764 1061 1814 ἔστιν
1101 1766 1298 1829 ὅμοιον
1338 1770 1504 1814 τοῦτο
1545 1767 1714 1833 ἑτέρῳ
1767 1765 2166 1833 ἐπιχειρήματι
2202 1767 2313 1812 τῶν

217 1846 440 1918 σφόδρα
495 1846 847 1911 ἀκολάστων,
902 1849 959 1898 02
1003 1854 1277 1916 γυναικῶν
1328 1849 1606 1917 ἀφθόνων
1660 1849 1841 1899 οὐσῶν
1893 1841 1972 1898 δι’
2024 1848 2184 1915 ὕβριν
2221 1847 2316 1897 καὶ

215 1935 577 2004 παρανομίαν
615 1935 1002 2000 ἐπιθυμοῦσιν
1040 1936 1100 1984 ἐκ
1137 1940 1248 1985 τῶν
1287 1932 1505 2004 ἀνδρῶν
1544 1938 1807 2002 γυναῖκας
1837 1934 2005 2004 σφίσι
2042 1932 2315 2000 γενέσθαι

134 2026 183 2068 20
218 2019 313 2070 καὶ
350 2015 615 2085 λαβόντες
653 2017 867 2080 παῖδας
905 2016 1178 2085 ἐξέτεμον.
1244 2020 1381 2070 ὅθεν
1421 2017 1567 2069 πολὺ
1606 2021 1798 2070 κάκιον
1835 2020 1930 2069 καὶ
1957 2016 2314 2082 δυστυχέστε-

213 2119 311 2172 ρον
349 2107 508 2170 γένος
546 2097 857 2171 [εὐνούχων]
897 2105 1130 2171 ἐγένετο,
1171 2105 1584 2173 ἀσθενέστερον
1610 2110 1713 2154 τοῦ
1734 2104 2047 2170 γυναικείου
2075 2104 2169 2153 καὶ
2204 2103 2312 2171 θη-

214 2185 456 2258 λύτερον.
641 2179 765 2238 ἀλλ’
811 2191 841 2239 ὅ
887 2204 948 2255 γε
987 2191 1132 2258 πρὸς
1181 2186 1461 2258 ἀλήθειαν
1500 2187 1757 2258 ἀνδρεῖος
1805 2190 1900 2239 καὶ
1935 2185 2308 2256 μεγαλόφρων
2331 2188 2398 2240 37

129 2328 131 2330 ,
215 2273 311 2323 οὐκ
349 2274 416 2324 όὶν
456 2290 597 2325 ποτε
636 2274 829 2324 πάθοι
866 2279 1125 2325 τοιοῦτον
1154 2271 1313 2324 οὐδὲν
1343 2266 1464 2324 οὐδ’
1497 2275 1563 2324 ἂν
1592 2276 1832 2343 πρόοιτο
1859 2274 1957 2343 τὴν
1984 2270 2314 2341 ἐλευθερίαν

212 2359 311 2428 τὴν
352 2359 527 2409 αὑτοῦ
568 2360 663 2410 καὶ
699 2360 798 2429 τὴν
836 2360 1160 2428 παρρησίαν
1208 2366 1377 2430 τιμῆς
1425 2375 1579 2420 τινος
1618 2360 1820 2425 ἀτίμου
1865 2361 2030 2428 χάριν
2079 2359 2111 2427 ἢ
2155 2355 2315 2408 δυνά-

135 2451 186 2492 25
222 2460 372 2508 μεως
409 2445 441 2513 ἢ
478 2446 806 2513 χρημάτων,
858 2437 979 2494 οὐδ’
1023 2446 1090 2495 ἂν
1130 2445 1357 2514 φθονοῖ
1395 2448 1517 2506 τοῖς
1564 2441 2080 2511 μεταβαλλομένοις
2128 2460 2187 2493 τε
2223 2443 2316 2492 καὶ

214 2533 792 2598 μεταμφιεννυμένοις
830 2531 929 2581 ἐπὶ
965 2532 1258 2591 τοιαύταις
1299 2527 1553 2597 δωρεαῖς,
1595 2523 1721 2579 ἀλλ’
1764 2522 1945 2597 ἡγοῖτ’
1989 2530 2056 2579 ἂν
2085 2528 2314 2593 ὁμοίους

214 2617 337 2674 τοῖς
374 2611 822 2680 μεταβάλλουσιν
860 2612 922 2677 ἐξ
960 2615 1288 2684 ἀνθρώπων
1327 2616 1409 2676 εἰς
1458 2616 1620 2685 ὄφεις
1656 2616 1688 2684 ἢ
1730 2611 1871 2663 ἄλλα
1920 2614 2128 2682 θηρία·
2178 2614 2315 2663 ἐκεί-

216 2714 345 2759 νους
381 2701 483 2764 μὲν
524 2700 586 2749 ού
626 2695 802 2769 ζηλῶν
844 2693 972 2750 οὐδὲ
1019 2701 1338 2766 βασκαίνων
1380 2693 1574 2761 αὐτοῖς
1611 2707 1710 2770 τῆς
1737 2706 1968 2769 τρυφῆς,
2009 2695 2150 2747 ἀλλὰ
2189 2690 2313 2747 τού-

47 2794 123 2835 (661
137 2793 190 2836 Μ)
215 2784 438 2834 ναντίον
466 2781 883 2854 ὀλοφυρόμενος
907 2786 1001 2836 καὶ
1027 2782 1213 2849 ἐλεῶν,
1252 2788 1384 2836 ὅταν
1412 2786 1511 2835 ἐπὶ
1538 2782 1759 2854 δώροις,
1790 2785 1981 2852 ὥσπερ
2012 2784 2067 2832 οἱ
2092 2780 2312 2845 παῖδες,

85 2856 89 2860 ’
131 2876 180 2919 30
217 2869 659 2938 ἀποκείρωνται,
706 2872 800 2921 καὶ
848 2877 1022 2921 ταῦτα
1071 2871 1172 2932 τὰς
1220 2868 1454 2930 πολιάς’
1507 2863 1674 2930 αὐτὸς
1725 2866 1784 2918 δὲ
1833 2869 1896 2917 τὸ
1944 2860 2084 2916 καθ’
2140 2859 2307 2916 αὑτὸν
2329 2863 2395 2915 38

213 2956 552 3023 πειράσεται
580 2953 981 3025 διαφυλάττειν
1008 2946 1363 3024 εὐσχημόνως
1381 2956 1476 3005 καὶ
1500 2954 1759 3020 βεβαίως,
1786 2949 2073 3021 μηδέποτε
2102 2948 2312 3000 λείπων

214 3039 313 3107 τὴν
353 3041 526 3089 αὑτοῦ
559 3038 735 3104 τάξιν,
775 3042 975 3110 ἀρετὴν
1017 3038 1075 3090 δὲ
1113 3041 1209 3090 καὶ
1249 3040 1621 3108 σωφροσύνην
1659 3042 1837 3102 τιμῶν
1877 3037 1966 3086 ἀεὶ
2000 3037 2094 3086 καὶ
2132 3033 2312 3098 αὔξων

361 3234 389 3274 4
420 3225 578 3277 αὐτῶν
606 3231 722 3285 libri,
755 3244 868 3276 corr.
894 3232 1028 3276 Dind.
1124 3235 1204 3279 καὶ
1234 3229 1296 3291 μὴ
1327 3233 1435 3278 secl.
1458 3231 1579 3292 Wil.,
1609 3237 1688 3280 καὶ
1718 3232 1772 3290 νὴ
1805 3233 1897 3278 Δία
1927 3231 2060 3289 Emp.
2180 3237 2204 3277 6
2234 3235 2314 3279 καὶ

223 3315 309 3347 om.
340 3301 382 3346 U
501 3298 675 3348 οὔκουν
714 3306 1001 3360 corruptum,
1042 3297 1098 3350 οὗ
1132 3302 1226 3362 μὴν
1263 3303 1438 3350 ἐκεῖνοι
1467 3305 1576 3350 Wil.
1723 3309 1745 3348 7
1781 3303 1826 3350 οἱ
1866 3302 2121 3363 ἄνθρωποι
2152 3303 2203 3347 Μ

224 3377 271 3417 11
310 3367 494 3430 ὁμοίως
514 3374 595 3419 UB
684 3375 854 3420 πίνωσι
884 3374 932 3417 Μ
1019 3377 1168 3420 δειλοῖ
1197 3374 1518 3434 σορυωμένων
1548 3376 1598 3419 Μ
1631 3379 1800 3429 δειλοῖς
1831 3369 2131 3435 ω’ρυωμένων
2161 3373 2203 3419 U

222 3447 273 3488 12
306 3444 682 3504 διεφθαρμένους
712 3444 760 3487 Μ
845 3439 872 3502 ἡ
906 3458 990 3490 om.
1013 3445 1094 3491 UB
1187 3449 1238 3489 15
1270 3438 1466 3492 πάντων
1486 3446 1535 3489 Μ
1622 3449 1720 3492 τῶν
1740 3446 1966 3500 Reiskius,
1996 3448 2076 3491 καὶ
2096 3445 2200 3489 libri

222 3520 272 3560 17
310 3510 366 3562 οὐ
396 3515 529 3572 Emp.
562 3516 790 3572 dubitans,
821 3508 874 3563 εὖ
901 3516 1006 3561 libri
1090 3515 1463 3575 πεφεεεεκότων
1492 3517 1591 3572 (sub
1621 3530 1782 3562 rasura
1814 3534 1874 3574 οι,
1904 3517 1952 3561 ni
1980 3515 2129 3571 fallor)
2160 3516 2201 3561 U

221 3589 271 3630 21
310 3580 551 3645 εὐνούχων
581 3586 761 3640 seclusi,
791 3586 1049 3643 interpretis
1080 3600 1179 3632 esse
1208 3590 1334 3633 ratus
1425 3591 1477 3632 23
1508 3592 1702 3636 τοιοῦτο
1725 3588 1765 3633 U
1854 3583 1991 3635 οὐδὲν
2011 3601 2096 3633 om.
2119 3588 2200 3633 ΠΒ

222 3662 277 3702 24
308 3654 457 3705 αὐτοῦ
485 3658 603 3711 libri,
636 3654 784 3704 αὑτοῦ
812 3658 901 3701 iam
932 3671 1046 3703 corr.
1077 3658 1118 3702 U
1206 3661 1259 3702 26
1293 3653 1492 3716 ὁμοίους
1516 3660 1730 3717 casaub„
1764 3656 1944 3717 ὁμοίως
1973 3658 2079 3705 libri
2166 3662 2218 3702 27
2251 3656 2316 3710 εἰς

223 3722 358 3786 ὄφεις
373 3723 403 3788 ἢ
419 3729 566 3787 Emp.,
582 3723 664 3776 ἐπ’
683 3726 818 3788 ὄφεις
833 3725 863 3788 ἢ
877 3729 958 3774 UB
973 3727 1244 3789 ἐποφθείση
1259 3730 1307 3773 Μ
1365 3724 1568 3785 ἐκείνοις
1582 3731 1622 3775 U
1682 3734 1735 3776 32
1754 3730 1902 3778 αὐτοῦ
1916 3730 2034 3785 libri,
2052 3742 2168 3775 corr.
2184 3729 2316 3785 Emp.
