2684 4140
370 245 471 293 138
1147 237 1350 282 DIONIS
1381 236 1674 282 CHRYSEIS

364 390 548 453 μένην.
586 412 656 420 -
691 385 759 434 Δ.
805 383 875 432 Τί
911 383 1044 449 γάρ,·
1093 382 1152 430 ἐκ
1203 386 1314 430 τῶν
1360 384 1668 447 γενομένων
1720 383 1851 449 περὶ
1899 382 2067 450 αὐτὴν
2118 381 2214 430 οὐκ
2257 382 2324 432 ἄν
2362 400 2448 443 τις

368 466 642 534 συμβάλοι
678 469 776 537 τὴν
817 463 1073 516 διάνοιαν
1109 466 1182 534 μὴ
1226 468 1373 516 πάνυ
1414 463 1612 526 ἀπλῶς
1639 463 1780 535 μηδὲ
1821 466 2045 534 εὐήθως
2085 471 2311 516 σκοπῶν
2323 484 2342 527 ,·
2380 494 2451 500 —

350 546 524 612 Ἴσως.
564 579 635 585 —-
669 545 952 618 Πότε<ρον
992 545 1116 616 mh>
1155 550 1414 614 οἰώμεθα
1454 552 1550 600 τὸν
1587 551 1819 619 Χρύσην
1858 551 2101 619 ἀκούσης
2138 557 2236 620 τῆς
2273 550 2457 617 θυγα-’

363 637 492 703 τρὸς
530 636 612 695 εἰς
648 636 711 684 τδ
753 631 1138 701 στρατόπεδον
1187 632 1380 685 ἐλθεῖν
1427 635 1569 700 μετὰ
1622 633 1833 704 λύτρων
1884 637 1999 701 ἅμα
2049 636 2118 686 τά
2160 639 2448 701 στέμματα

360 714 655 784 κομίζοντα
693 724 796 768 τοῦ
829 719 976 769 θεοῦ
1007 720 1101 769 καὶ
1137 721 1200 769 τὸ
1263 717 1491 790 πλῆθος
1548 721 1810 771 ἱκετεύειν
1858 722 1951 771 καὶ
1998 722 2129 783 τούς
2176 718 2446 788 βασιλέας
2483 735 2507 775 5

363 805 595 874 ἀφιέναι
644 804 838 874 αὐτήν,
889 804 919 873 ἢ
960 804 1284 855 τούναντίον
1322 806 1534 875 ἐκείνης
1574 802 1839 875 δεομένης
1876 812 1979 855 τοῦ
2014 809 2257 873 πατρός,
2309 805 2366 856 εἴ
2397 823 2452 855 τι
2476 822 2556 863 (582
2571 821 2621 860 Μ)

295 891 327 938 4
367 886 608 951 δύναιτο,
647 889 915 958 βοηθεῖν,·
953 890 1004 940 εἰ
1043 891 1145 958 γὰρ
1185 891 1407 959 ἔστεργε
1445 895 1567 951 τοῖς
1605 896 1885 959 παροῦσιν
1911 895 1942 961 ἡ
1971 893 2226 961 Χρυσηὶς
2256 892 2350 941 καὶ
2374 889 2455 957 τῴ

358 965 728 1040 Ἀγαμέμνονι
763 978 1010 1025 συνεῖναι
1038 972 1324 1044 ἠβούλετο,
1356 968 1624 1026 οὐδέποτ’
1655 976 1722 1026 ἂν
1750 974 1928 1027 εἵλετο
1956 979 2189 1045 Χρύσης
2216 978 2329 1042 ἅμα
2357 977 2455 1045 τὴν

362 1058 646 1127 θυγατέρα
679 1055 870 1109 λυπῶν
897 1058 975 1127 τῷ
1002 1057 1236 1126 βασιλεῖ
1254 1061 1712 1125 ἀπεχθάνεσθαι,
1755 1062 1850 1111 οὐκ
1889 1062 2103 1128 ἀγνοῶν
2142 1063 2301 1122 ὅπως
2340 1060 2452 1125 εἶχε
2477 1071 2674 1122 (314311)

284 1170 287 1171 ⁷
364 1145 507 1212 πρὸς
546 1145 730 1214 αὐτήν.
817 1147 880 1195 τὸ
929 1146 1032 1215 γὰρ
1075 1150 1323 1197 συνεῖναι
1358 1145 1439 1214 τῴ
1491 1145 1725 1213 βασιλεῖ
1753 1149 1852 1217 τὴν
1889 1144 2188 1216 Χρυσηίδα
2230 1161 2450 1214 στεργο-
2489 1162 2536 1205 10

361 1232 530 1298 μένην
581 1230 677 1295 οὐχ
726 1230 893 1301 ἦττον
931 1230 1009 1298 τῷ
1048 1233 1246 1301 Χρύσῃ
1299 1236 1614 1302 συνέφερεν.
1700 1234 1793 1283 καὶ
1839 1233 1942 1301 γὰρ
1991 1236 2022 1302 ἡ
2072 1234 2227 1301 χώρα
2264 1233 2358 1282 καὶ
2395 1233 2457 1281 τὸ

366 1314 514 1382 ἱερὸν
559 1316 653 1365 καὶ
701 1315 867 1377 αὐτὸς
914 1317 1026 1366 ὑπὸ
1073 1321 1194 1378 τοῖς
1239 1310 1488 1382 Ἀχαιοῖς
1538 1319 1807 1386 ἐγεγόνει,
1857 1323 2110 1379 κακεῖνος
2158 1315 2223 1387 ἦν
2279 1318 2460 1368 αὐτῶν

300 1402 331 1451 5
367 1401 571 1467 κύριος.
648 1401 733 1450 ἔτι
772 1398 830 1450 δὲ
871 1407 995 1462 πῶς
1034 1409 1372 1472 παραχρῆμα
1411 1405 1513 1468 μὲν
1549 1400 1794 1474 ἁλούσης
1833 1404 1957 1454 οὔτε
1982 1401 2158 1474 ἦλθεν
2188 1403 2312 1453 οὔτε
2339 1404 2462 1468 ἐμέ-

362 1500 537 1553 μνητο
584 1486 715 1553 περὶ
753 1482 992 1553 λύτρων,
1043 1488 1134 1536 ὅτε
1173 1488 1321 1548 εἰκὸς
1358 1485 1423 1557 ἢν
1456 1486 1853 1558 χαλεπώτερον
1906 1493 2126 1559 φέρειν,
2178 1491 2358 1556 χρόνῳ
2402 1486 2460 1538 δὲ

363 1569 594 1636 ὕστερον
632 1576 730 1638 τῆς
767 1571 869 1634 μὲν
908 1567 1088 1639 λύπης
1113 1568 1411 1633 ἐλάττονος
1441 1578 1819 1643 γεγενημένης,
1863 1575 2170 1644 συνηθείας
2209 1571 2268 1624 δὲ
2308 1575 2453 1642 πρὸς
2493 1588 2538 1629 15

363 1655 459 1703 τὸν
490 1646 874 1719 Ἀγαμέμνονα
915 1652 1179 1716 πλείονος
1190 1674 1209 1716 ,·
1249 1653 1601 1726 δεκάτῳ-γὰρ
1641 1659 1756 1709 ἔτει
1784 1667 1881 1729 τῆς
1910 1657 2244 1728 πολιορκίας
2282 1665 2455 1709 ταῦτα

367 1739 643 1809 συμβῆναί
681 1754 855 1808 φησιν
895 1741 926 1789 ὁ
965 1742 1221 1809 ποιητής,
1262 1742 1330 1790 τά
1370 1744 1504 1809 περὶ
1529 1744 1628 1812 τὴν
1655 1741 1854 1813 ἄφιξιν
1881 1750 1984 1794 τοῦ
2010 1746 2205 1810 ἱερέως
2229 1745 2323 1794 καὶ
2361 1745 2459 1813 τὴν

362 1821 597 1893 κομιδὴν
634 1829 745 1874 τῶν
774 1821 1001 1893 λύτρων.
1066 1825 1168 1885 τὰς
1207 1823 1266 1875 δὲ
1307 1828 1633 1894 περιοίκους
1660 1825 1858 1889 πόλεις
1895 1830 1988 1879 καὶ
2026 1829 2127 1889 τὰς
2157 1825 2460 1889 ἐλάττονας

365 1910 511 1970 εἰκὸς
557 1905 623 1978 ἧν
674 1902 847 1971 εὐθύς
885 1907 1100 1960 ἁλῶναι
1147 1903 1274 1961 κατ’
1328 1912 1502 1980 ἀρχὰς
1539 1919 1642 1963 τοῦ
1687 1910 1969 1978 πολέμου,
2021 1913 2098 1964 ὧν
2145 1915 2389 1984 ὑπῆρχεν
2426 1917 2457 1983 ἡ

362 1996 563 2063 Χρῦσα
601 1996 793 2045 καὶτὸ
836 1996 1000 2064 ἱερόν.
1047 2024 1118 2030 --
1171 1990 1383 2047 Οὐκοῦν
1435 1999 1466 2047 ὁ
1515 1995 1677 2066 λόγος
1729 1997 1893 2060 οὗτος
1940 1995 2161 2066 πολλὴν
2211 2000 2457 2050 ἀτοπίαν
2496 2008 2543 2055 20

368 2076 716 2129 ἐπιδείκνυσι
754 2087 852 2149 τῆς
888 2079 1241 2151 Χρυσηίδος,
1289 2085 1353 2133 τὸ
1405 2086 1682 2153 πρότερον
1730 2087 1831 2150 μὲν
1885 2082 2241 2150 αἰχμάλωτον
2293 2085 2465 2136 οὖσαν

368 2165 701 2229 ἀνέχεσθαι,
741 2169 1094 2237 προσφάτως
1134 2172 1471 2238 στερομένην
1509 2176 1612 2220 τοῦ
1647 2172 1865 2239 πατρὸς
1900 2171 1994 2220 καὶ
2032 2177 2132 2239 τῆς
2171 2167 2464 2239 πατρίδος,

301 2249 332 2299 6
373 2247 717 2301 διελθόντων
757 2249 815 2301 δὲ
853 2248 1043 2320 (δέκα)
1079 2255 1219 2304 έτῶν
1263 2251 1529 2320 χαλεπῶς
1580 2259 1788 2325 φέρειν.
1839 2284 1910 2289 -
1955 2257 2023 2306 Δ.
2064 2254 2140 2305 Εἴ
2170 2272 2229 2322 γε
2266 2256 2359 2306 καὶ
2396 2255 2464 2304 τά

368 2333 509 2386 ἄλλα
550 2337 871 2399 ἀκούσειας·
923 2337 1049 2389 οὐδὲ
1099 2340 1202 2408 γὰρ
1254 2343 1351 2391 τὸν
1402 2343 1637 2406 τυχόντα
1689 2342 1929 2411 ἐραστὴν
1979 2338 2135 2404 ἅπαξ
2170 2343 2464 2408 γενόμενον

367 2419 470 2491 ἡδύ
521 2420 829 2474 ἀπολιπεῖν
878 2430 1004 2486 ταῖς
1052 2423 1411 2493 ἐλευθέραις,
1460 2428 1535 2496 μή
1588 2444 1644 2478 τι
1692 2443 1752 2494 γε
1800 2428 1897 2476 τὸν
1947 2424 2314 2488 ἐνδοξότατον
2363 2426 2458 2475 καὶ
2496 2441 2544 2480 25

369 2504 824 2572 πλουσιώτατον,
893 2509 1131 2576 βασιλέα
1201 2514 1303 2577 μὲν
1368 2518 1479 2563 τῶν
1538 2506 1807 2581 Ἑλλήνων
1876 2510 2242 2578 ξυμπάντων,
2311 2513 2464 2578 μεγί-

373 2606 506 2661 στην
559 2591 617 2644 δὲ
667 2596 862 2659 ἔχοντα
912 2594 1146 2662 δύναμιν
1196 2599 1253 2647 ἐν
1301 2601 1599 2659 τοῖςτότε
1651 2599 2016 2666 ἀνθρώποις,
2065 2599 2255 2666 κύριον
2299 2594 2357 2647 δὲ
2401 2589 2463 2646 οὗ

368 2681 540 2743 μόνον
579 2680 805 2749 ἐκείνης,
846 2678 987 2731 ἀλλὰ
1025 2684 1119 2733 καὶ
1157 2690 1258 2733 τοῦ
1294 2686 1513 2753 πατρὸς
1549 2686 1644 2735 καὶ
1679 2690 1779 2754 τῆς
1818 2681 2122 2752 πατρίδος,
2163 2678 2463 2744 ἐλπίζοντα

371 2762 430 2814 δὲ
468 2766 762 2834 κρατήσειν
808 2764 995 2833 ὀλίγου
1029 2771 1231 2834 χρόνου
1269 2770 1363 2819 καὶ
1400 2776 1499 2839 τῆς
1532 2762 1729 2830 Ἀσίας
1767 2770 1849 2830 (τὸ
1897 2770 2000 2838 γὰρ
2028 2759 2196 2819 Ἴλιον
2235 2765 2466 2837 φαύλως

370 2848 511 2914 εἶχεν
549 2852 607 2900 ἐκ
647 2848 875 2914 πολλοῦ,
914 2854 1006 2903 καὶ
1042 2851 1207 2918 μόλις
1246 2852 1619 2924 διεφύλαττον
1659 2847 1828 2924 αὐτὴν
1866 2850 1964 2923 τὴν
2005 2851 2190 2915 πόλιν,
2230 2846 2459 2920 ἐπεξῄει
2495 2866 2543 2905 30

373 2932 430 2985 δὲ
472 2928 654 2997 οὐδεὶς
693 2938 774 2998 εἰς
810 2938 1026 3007 μάχην),
1064 2941 1158 2990 καὶ
1194 2938 1370 2990 ταῦτα
1399 2931 1463 2990 οὐ
1491 2943 1787 3009 παρέργως
1813 2939 2038 3003 ἔχοντος
2061 2933 2266 3006 <πρός>
2293 2930 2463 3006 αὐτὴν

370 3018 467 3069 τοῦ
506 3019 801 3086 βασιλέως,
839 3021 980 3073 ἀλλὰ
1005 3026 1099 3076 καὶ
1127 3031 1385 3095 φανερῶς
1411 3023 1818 3092 ὁμολογοῦντος
1845 3029 2130 3092 προτιμᾶν
2166 3030 2264 3092 τῆς
2292 3020 2462 3072 αὐτοῦ
2485 3034 2671 3078 (315Rn

371 3108 641 3169 γυναικός.
705 3107 950 3158 τοσαῦτα
979 3110 1389 3160 ἀποπτύουσαν
1426 3111 1519 3161 καὶ
1556 3107 1858 3179 τηλικαῦτα
1886 3109 2097 3176 ἀγαθά,
2135 3109 2228 3158 καὶ
2265 3109 2328 3157 τὸ
2367 3111 2461 3173 μέ·
2485 3120 2627 3164 (583Μ)

520 3287 536 3326 1
573 3284 839 3340 γινομένων
867 3287 905 3330 Β
1022 3293 1046 3330 3
1078 3288 1198 3334 ποτὲ
1229 3285 1437 3345 οἰόμεθα
1460 3289 1602 3342 (nulla
1620 3288 1983 3346 interpunctione
2012 3293 2118 3333 ante
2148 3286 2269 3333 ποτὲ
2298 3285 2466 3342 posita)

375 3351 492 3405 libri,
523 3349 736 3410 πότερον
767 3352 984 3412 οἰώμεθα
1015 3358 1196 3415 Reiske,
1227 3359 1443 3418 πότερον
1475 3351 1560 3406 οὖν
1591 3359 1769 3404 Selden.
1888 3365 1913 3402 6
1945 3355 2013 3405 ἔτι
2043 3371 2124 3415 pro
2156 3355 2207 3404 εἴ
2228 3373 2274 3403 τι
2301 3356 2352 3400 Μ

379 3429 403 3468 8
435 3422 586 3471 εἵλετο
620 3424 669 3468 Μ
699 3417 836 3484 ἥδετο
866 3428 947 3473 UB
1064 3432 1089 3472 9
1120 3431 1291 3476 malim:
1324 3427 1519 3490 ἀγνοῶν
1546 3447 1601 3490 γε
1732 3434 1781 3475 11
1814 3430 2074 3489 συνέφερεν
2103 3432 2146 3483 (ν
2176 3432 2309 3480 eras.)
2339 3426 2381 3471 U

383 3500 431 3540 16
463 3493 530 3542 ἔτι
559 3496 608 3540 Μ
723 3501 770 3540 21
806 3495 1114 3545 ἐπιδείκνυσιν
1143 3504 1195 3553 (v‘
1215 3501 1291 3545 fin.
1323 3501 1532 3557 deletum)
1561 3503 1604 3548 U
1703 3503 1784 3547 καὶ
1815 3503 1898 3560 τῆς
1926 3500 2006 3545 UB
2123 3501 2193 3545 τῶ
2221 3494 2466 3557 πρότερον

378 3566 459 3611 BU
488 3580 546 3611 m.
578 3579 666 3611 sec.
836 3564 899 3626 μὴ
930 3582 1011 3625 pro
1041 3570 1129 3626 μὲν
1160 3571 1208 3614 Μ
1380 3577 1433 3617 23
1465 3572 1577 3619 δέκα
1606 3572 1710 3618 add.
1741 3572 1909 3616 Reiske
2065 3573 2118 3614 25
2150 3576 2254 3622 ταῖς
2282 3565 2464 3613 ἐλευθε-

381 3639 502 3695 ρίαις
529 3638 572 3683 U
742 3642 790 3682 31
826 3636 950 3699 πρὸς
979 3641 1079 3684 add.
1110 3641 1277 3688 Reiske
1438 3648 1491 3689 33
1522 3637 1870 3691 ἀποπτύουσαν
1898 3642 1948 3687 Μ
1978 3645 2112 3696 (corr.
2145 3634 2468 3690 ἀπολύουσαν,

377 3720 488 3763 mrg.
519 3709 651 3765 vulg.)
682 3703 1043 3757 ἀπολείπουσαν
1074 3712 1152 3756 UB
