2684 4140
1161 251 1389 298 ORATIO
1420 251 1536 297 LIX.
2284 247 2386 295 131

303 398 589 463 ἀνοήτοις,
649 395 774 448 οὐδὲ
824 397 1142 468 ἡγήσεσθαι
1195 395 1496 460 οὐδέποτε,
1554 399 1698 447 ὅπου
1749 398 1815 447 ἂν
1866 392 2145 464 πολεμῇς,
2202 395 2390 444 καίτοι

87 489 278 531 (ΒΟΒΒΠ)
307 479 543 542 Θέτιδος
582 483 714 532 ὄντα
751 483 845 532 καὶ
881 479 1133 551 Πηλέως.
1222 479 1316 532 διὰ
1364 486 1559 547 μέντοι
1605 483 1668 531 τὸ
1722 482 1945 550 θράσος
1989 482 2083 531 καὶ
2120 482 2183 531 τὸ
2222 481 2390 544 τάχος

300 569 394 617 καὶ
440 569 537 637 τὴν
587 568 743 631 ἰσχὺν
780 564 1173 628 κολακεύοντές
1214 579 1274 617 σε
1317 569 1565 637 φήσουσι
1605 570 1883 636 φέρτατον
1909 563 2153 634 ἀνδρῶν.
2239 566 2390 630 ὅμως

304 649 361 701 δὲ
400 653 511 701 ὑπὸ
561 649 745 702 ἄλλων
783 649 1095 714 ἀξιώσουσι
1131 648 1570 717 βασιλεύεσθαι,
1625 653 1685 702 σὲ
1726 649 1785 702 δὲ
1822 651 2113 716 μάχεσθαι
2148 650 2243 699 καὶ
2276 666 2390 699 κιν-

247 742 268 780 5
308 733 551 786 δυνεύειν
588 737 729 805 ὑπὲρ
769 738 951 787 αὐτῶν
989 738 1366 804 ἀναγκάσουσι
1393 733 1597 805 δώροις
1622 752 1682 786 τε
1704 736 1798 785 καὶ
1823 736 2082 795 ἐπαίνοις
2106 734 2388 799 ματαίοις,

300 823 406 881 ἕως
431 822 499 871 ἂν
536 821 854 890 ἀποθάνῃς.
920 819 1080 886 οἶμαι
1119 818 1182 870 δέ
1214 834 1282 877 ,σε
1316 818 1457 889 μηδὲ
1495 826 1606 871 τῶν
1633 825 1836 887 νεκρῶν
1865 816 2205 888 ἀφέξεσθαι,
2243 814 2383 867 ἀλλά
2424 819 2455 868 6

299 906 392 955 καὶ
428 907 659 967 τούτους
695 902 820 972 <ἂν>
855 909 1063 956 κεντεῖν
1101 922 1160 955 τε
1196 907 1290 956 καὶ
1327 903 1530 968 ἕλκειν,
1582 906 1658 965 ὡς
1711 902 1775 973 δή
1816 921 1872 954 τι
1920 907 2060 970 μέγα
2114 900 2389 969 διαπρατ-

300 990 558 1053 τόμενον·
588 990 779 1058 ὥσπερ
805 990 874 1040 τά
902 987 1182 1057 παιδάρια
1209 989 1277 1039 τὰ
1305 990 1480 1058 νήπια
1508 990 1615 1052 ὅ,τι
1640 989 1707 1038 ἂν
1729 988 2140 1037 ἀποκτείνωσιν
2167 984 2390 1037 ἕλκουσι

301 1069 494 1139 κύκλῳ.
570 1079 826 1134 τοιοῦτος
865 1070 925 1123 δὲ
964 1074 1041 1123 ὢν
1080 1073 1355 1141 ἀποθανῇ
1390 1066 1493 1123 ὑπ’
1539 1069 1765 1132 οὐδενὸς
1808 1077 1919 1121 τῶν
1967 1073 2262 1138 γενναίων,
2312 1072 2389 1131 ὡς

223 1163 270 1204 10
307 1158 372 1205 σύ
413 1155 547 1207 οἴει·
586 1154 726 1207 ἀλλὰ
764 1158 894 1218 τούς
929 1159 1030 1222 μὲν
1070 1156 1256 1224 σαυτῷ
1331 1157 1576 1222 ὁμοίους,
1615 1158 1745 1216 τούς
1783 1153 2073 1224 ἀνδρείους
2095 1156 2189 1204 καὶ
2226 1155 2389 1223 ἀνοή-

301 1257 446 1304 τους,
486 1242 812 1302 ἀποκτενεῖς
849 1238 1088 1309 ῥᾳδίως·
1136 1242 1249 1291 ὑπὸ
1291 1238 1349 1290 δὲ
1389 1238 1592 1309 ἀνδρὸς
1632 1240 1911 1309 φρονίμου
1948 1240 2042 1290 καὶ
2079 1236 2391 1303 πολεμικοῦ

301 1325 589 1394 ἀποθανῇ,
630 1323 756 1375 οὐδὲ
796 1322 931 1375 ἰδών
971 1325 1152 1375 αὐτόν.

747 1704 749 1706 -
805 1621 848 1738 ,’
899 1677 1023 1738 (42)
1061 1622 1784 1760 ΦΙΛΟΚΤΗΤΗΣ.

1254 1815 1407 1823 -Ἥ

439 1905 781 1977 (Ὀδυσσεύς).
848 1916 1145 1982 Φοβοῦμαι
1179 1918 1402 1986 μήποτε
1439 1918 1619 1985 μάτην
1655 1909 1782 1966 κατ’
1826 1917 1966 1981 ἐμοῦ
1991 1921 2217 1985 φανῶσι
2253 1918 2382 1965 ταύ-
2427 1921 2447 1969 1

299 2014 397 2066 την
437 1999 491 2047 οἱ
531 2000 811 2064 σύμμαχοι
860 2003 958 2071 τὴν
1007 1999 1175 2064 δόξαν
1214 1999 1511 2072 εἰληφότες
1549 2003 1626 2062 ὡς
1678 2002 1910 2069 ἀρίστου
1963 1998 2026 2070 δὴ
2066 2002 2159 2051 καὶ
2200 2015 2389 2070 σοφω-

222 2095 268 2138 15
306 2086 475 2135 τάτου
526 2091 636 2136 τῶν
669 2079 949 2156 Ἑλλήνων.
1028 2088 1216 2138 καίτοι·
1254 2088 1396 2138 ποία
1435 2104 1522 2139 τις
1558 2089 1590 2154 ἠ
1630 2087 1860 2154 τοιαύτη
1905 2086 2081 2154 σοφία
2118 2086 2212 2135 καὶ
2252 2087 2388 2154 φρό-

124 2184 203 2223 (575
223 2182 483 2238 Μ)νησις,
524 2163 604 2220 δι’
646 2171 712 2240 ἥν
749 2188 836 2232 τις
874 2167 1241 2238 ἀναγκάζεται
1279 2169 1458 2222 πλείω
1501 2177 1608 2222 τῶν
1648 2168 1834 2221 ἄλλων
1873 2174 2069 2223 πονεῖν
2107 2171 2250 2238 ὑπὲρ
2290 2177 2389 2240 τῆς

81 2269 272 2309 ‹somn›
295 2261 484 2324 κοινῆς
523 2257 802 2324 σωτηρίας
826 2258 919 2307 καὶ
944 2257 1113 2326 νίκης,
1153 2254 1277 2320 ἐξὸν
1305 2259 1399 2307 ἕνα
1427 2262 1528 2306 τοῦ
1553 2253 1816 2325 πλήθους
1845 2253 2112 2305 δοκοῦντα
2150 2252 2389 2324 μηδενὸς

298 2335 528 2389 ἔλαττον
565 2341 623 2390 ἐν
659 2342 884 2402 τούτοις
932 2342 1077 2407 ἔχειν
1125 2347 1237 2392 τῶν
1286 2342 1563 2410 ἀρίστων,·
1611 2337 1753 2390 ἀλλὰ
1803 2341 1905 2407 γὰρ
1958 2338 2096 2400 ἴσως
2139 2336 2389 2404 χαλεπὸν

298 2425 476 2491 εὑρεῖν
515 2426 658 2475 οὕτω
706 2423 1063 2496 μεγαλόφρον
1111 2428 1206 2477 καὶ
1257 2423 1560 2496 φιλότιμον
1606 2427 1792 2476 ὁτιοῦν
1833 2426 1910 2486 ὡς
1947 2426 2083 2494 ἀνὴρ
2124 2428 2387 2494 πέφυκεν.

214 2520 261 2561 20
297 2511 428 2570 τοὺς
464 2509 566 2578 γὰρ
608 2513 884 2580 φανερούς
920 2513 1014 2563 καὶ
1050 2509 1328 2563 πλειόνων
1357 2511 1653 2562 ἅπτεσθαι
1677 2507 2003 2576 τολμῶντας
2032 2507 2226 2574 σχεδὸν
2264 2511 2388 2559 τού-

298 2610 428 2655 τους
466 2596 712 2657 ἄπαντες
746 2593 1112 2662 θαυμάζομεν
1148 2599 1242 2648 καὶ
1278 2596 1359 2664 τῷ
1397 2598 1517 2647 ὄντι
1554 2594 1762 2664 ἄνδρας
1799 2595 2108 2665 ἡγούμεθα.
2175 2587 2277 2664 ὑφ’
2320 2594 2385 2664 ἧς
2424 2598 2457 2646 2

301 2676 630 2748 φιλοτιμίας
665 2682 813 2749 κάγὼ
854 2684 1181 2751 προάγομαι
1219 2679 1460 2733 πλεῖστα
1500 2683 1803 2750 πράγματα
1832 2681 1975 2744 ἔχειν
1999 2681 2094 2730 καὶ
2132 2675 2225 2749 ζῆν
2263 2681 2388 2729 ἐπι-

299 2766 488 2826 πόνως
537 2755 677 2834 παρ’
731 2768 1006 2829 ὁντινοῦν,
1066 2768 1158 2818 ἀεί
1203 2784 1328 2817 τινα
1381 2763 1831 2830 ποοσδεχόμενος
1878 2766 2070 2815 καινὸν
2117 2760 2386 2825 κίνδυνον,

299 2850 471 2900 ὀκνῶν
510 2847 853 2921 διαφθεῖραι
878 2853 976 2922 τὴν
1003 2853 1101 2903 ἐπὶ
1126 2855 1247 2912 τοῖς
1274 2851 1606 2920 ἔμπροσθεν
1632 2851 1918 2917 γεγονόσιν
1955 2845 2217 2898 εὔκλειαν.
2294 2853 2387 2897 νῦν

215 2943 261 2984 25
301 2934 395 2984 οὖν
431 2935 572 2985 κατὰ
612 2933 819 3005 πρᾶξιν
858 2939 1005 2987 πάνυ
1044 2933 1336 3006 ἐπισφαλῆ
1374 2937 1468 2985 καὶ
1506 2932 1758 3003 χαλεπὴν
1809 2931 1968 3001 δεῦρο
2018 2929 2267 3000 ἐλήλυθα
2306 2932 2388 2991 εἰς

298 3022 552 3089 Λῆμνον,
574 3022 747 3082 Υὅπως
789 3018 1136 3090 Φιλοκτήτην
1173 3022 1267 3070 καὶ
1302 3020 1371 3069 τὰ
1402 3013 1736 3087 Ἡρακλέους
1774 3014 1908 3079 τόξα
1941 3012 2230 3081 κομίζοιμι
2266 3021 2389 3077 τοῖς

303 3106 627 3168 συμμάχοις.
716 3106 746 3154 ὁ
794 3105 898 3173 γὰρ
952 3103 1014 3174 δὴ
1068 3106 1488 3169 μαντικώτατος
1538 3106 1772 3171 Φρυγῶν
1795 3094 2015 3162 Ἕλενος
2055 3102 2085 3150 ὁ
2121 3102 2386 3168 Πριάμου

442 3286 467 3326 2
495 3281 632 3339 μέντἰ·
658 3281 693 3325 Ρ
782 3286 807 3326 3
836 3281 1079 3338 θέρτατον
1107 3281 1144 3326 P
1173 3295 1231 3327 m.
1261 3295 1330 3338 pr.
1442 3275 1601 3327 αὐτῶν
1628 3294 1710 3338 pro
1741 3277 1931 3341 ἀνδρῶν
1959 3279 2051 3327 UM
2081 3280 2200 3325 unde
2230 3275 2388 3327 αὑτῶν

301 3353 405 3396 Wil.
486 3357 510 3396 5
542 3347 699 3399 αὐτῶν
718 3350 843 3398 UPH
930 3348 1254 3411 ἄναγγάσουσι
1283 3352 1320 3396 Ρ
1339 3364 1399 3397 m.
1421 3364 1490 3408 pr.
1579 3355 1603 3394 7
1634 3347 1696 3399 ἂν
1715 3351 1878 3406 addidi,
1906 3350 2151 3410 κεντήσειν
2173 3354 2220 3396 et
2239 3348 2386 3406 ἕλξειν

298 3423 532 3480 proposuit
553 3422 705 3467 Gasda
820 3426 844 3467 8
876 3413 965 3476 &u
986 3418 1045 3469 ἂν
1064 3421 1112 3465 Μ
1135 3413 1256 3469 ὅταν
1273 3421 1439 3468 UBPH
1552 3416 1921 3469 ἀποκτείνουσιν
1941 3422 1978 3466 Ρ
2070 3425 2120 3466 10
2149 3421 2237 3479 μὲν
2259 3416 2388 3483 αὐτῷ

298 3493 430 3540 BMU
458 3507 517 3539 m.
546 3507 636 3550 pr.;
668 3495 819 3550 potest
846 3493 1006 3538 scribi:
1039 3488 1169 3555 αὑτῷ
1296 3489 1608 3552 Φιλοκτήτης·
1639 3488 1739 3539 ἔστι
1768 3492 1818 3540 δὲ
1847 3489 2156 3552 παράφρασις
2186 3491 2274 3536 ΒΜ

302 3568 351 3608 13
382 3567 598 3623 φανῶσιν
628 3559 775 3623 αὐτὴν
794 3563 874 3610 UB
966 3567 1015 3608 16
1045 3567 1142 3609 τῶν
1162 3560 1320 3611 ἄλλων
1339 3563 1637 3618 Valckenaar,
1668 3567 1766 3610 τῶν
1786 3558 2019 3622 Ἑλλήνων
2038 3563 2141 3608 libri
2232 3567 2279 3607 17
2312 3566 2386 3609 ὁο-

297 3638 475 3682 κοῦντα
495 3638 582 3682 τοῦ
602 3631 815 3694 πλήθους
834 3635 876 3681 U
899 3635 1000 3687 (hoc
1021 3634 1135 3689 ord.)
1227 3638 1276 3679 19
1300 3626 1451 3688 οὕτως
1476 3633 1515 3680 U
1600 3631 1945 3694 μεγαλόφρονα
1966 3633 2048 3680 UB
2138 3628 2191 3687 ὃς
2219 3632 2301 3679 UB

300 3706 477 3765 πέφυκε
506 3705 546 3751 U
577 3719 693 3753 corr.
810 3711 860 3751 21
894 3698 1112 3760 ἅπαντας
1141 3706 1257 3762 libri,
1287 3701 1462 3760 πάντες
1491 3705 1588 3751 cod.
1622 3706 1666 3761 S,
1689 3704 1822 3750 Dind.
1940 3708 1995 3749 24
2025 3701 2274 3762 ἔμπροσθε
2303 3703 2384 3748 UB

1982 3777 2043 3818 9*
