<?xml version="1.0" encoding="UTF-8"?>
<!DOCTYPE html PUBLIC "-//W3C//DTD XHTML 1.0 Transitional//EN"
    "http://www.w3.org/TR/xhtml1/DTD/xhtml1-transitional.dtd">
<html xmlns="http://www.w3.org/1999/xhtml" xml:lang="en" lang="en">
 <head>
  <title>
</title>
<meta http-equiv="Content-Type" content="text/html;charset=utf-8" />
  <meta name='ocr-system' content='tesseract 3.04.00' />
  <meta name='ocr-capabilities' content='ocr_page ocr_carea ocr_par ocr_line ocrx_word'/>
</head>
<body>
  <div class='ocr_page' id='page_1' title='image "./dionisprusaensis02diocuoft_0341.png"; bbox 0 0 2684 4140; ppageno 0'>
   <div class='ocr_carea' id='block_1_1' title="bbox 638 232 2299 290">
    <p class='ocr_par' dir='ltr' id='par_1_1' title="bbox 638 232 2299 290">
     <span class='ocr_line' id='line_1_1' title="bbox 638 232 2299 290; baseline 0.005 -14"><span class='ocrx_word' id='word_1_1' title='bbox 638 232 1015 278; x_wconf 87' lang='lat' dir='ltr'>TESTIMONIA</span> <span class='ocrx_word' id='word_1_2' title='bbox 1044 233 1129 278; x_wconf 84' lang='lat' dir='ltr'><em>DE</em></span> <span class='ocrx_word' id='word_1_3' title='bbox 1159 233 1310 279; x_wconf 86' lang='lat' dir='ltr'>VITA</span> <span class='ocrx_word' id='word_1_4' title='bbox 1340 233 1545 279; x_wconf 88' lang='lat' dir='ltr'>DIONIS</span> <span class='ocrx_word' id='word_1_5' title='bbox 1577 233 1883 290; x_wconf 86' lang='lat' dir='ltr'>(PHOTIUS).</span> <span class='ocrx_word' id='word_1_6' title='bbox 2197 236 2299 284; x_wconf 83' lang='lat'><em>323</em></span> 
     </span>
    </p>
   </div>
   <div class='ocr_carea' id='block_1_2' title="bbox 212 371 2300 618">
    <p class='ocr_par' dir='ltr' id='par_1_2' title="bbox 212 371 2300 618">
     <span class='ocr_line' id='line_1_2' title="bbox 217 371 2300 457; baseline 0.003 -32"><span class='ocrx_word' id='word_1_7' title='bbox 217 373 274 425; x_wconf 81' lang='grc' dir='ltr'><em>δὲ</em></span> <span class='ocrx_word' id='word_1_8' title='bbox 314 377 446 444; x_wconf 84' lang='grc' dir='ltr'><em>περὶ</em></span> <span class='ocrx_word' id='word_1_9' title='bbox 484 378 750 442; x_wconf 82' lang='grc' dir='ltr'><em>ὁμονοίας</em></span> <span class='ocrx_word' id='word_1_10' title='bbox 787 384 884 447; x_wconf 86' lang='grc' dir='ltr'><em>τῆς</em></span> <span class='ocrx_word' id='word_1_11' title='bbox 924 380 1069 448; x_wconf 86' lang='grc' dir='ltr'><em>πρὸς</em></span> <span class='ocrx_word' id='word_1_12' title='bbox 1105 380 1236 439; x_wconf 83' lang='grc' dir='ltr'><em>τούς</em></span> <span class='ocrx_word' id='word_1_13' title='bbox 1261 379 1583 446; x_wconf 83' lang='grc' dir='ltr'><strong><em>Προυσαεῖς</em></strong></span> <span class='ocrx_word' id='word_1_14' title='bbox 1623 377 1946 457; x_wconf 76' lang='grc' dir='ltr'><em>παρακαλεῖ</em></span> <span class='ocrx_word' id='word_1_15' title='bbox 1975 382 2104 442; x_wconf 76' lang='grc' dir='ltr'><em>τοὺς</em></span> <span class='ocrx_word' id='word_1_16' title='bbox 2123 371 2300 432; x_wconf 75' lang='grc' dir='ltr'><em>Ἀπα-</em></span> 
     </span>
     <span class='ocr_line' id='line_1_3' title="bbox 212 459 2299 531; baseline 0.003 -22"><span class='ocrx_word' id='word_1_17' title='bbox 212 464 366 525; x_wconf 87' lang='grc' dir='ltr'><em>μέας.</em></span> <span class='ocrx_word' id='word_1_18' title='bbox 454 462 484 510; x_wconf 82' lang='grc' dir='ltr'><em>ὁ</em></span> <span class='ocrx_word' id='word_1_19' title='bbox 534 459 591 511; x_wconf 85' lang='grc' dir='ltr'><em>δὲ</em></span> <span class='ocrx_word' id='word_1_20' title='bbox 629 459 715 511; x_wconf 90' lang='grc' dir='ltr'><em>κε’</em></span> <span class='ocrx_word' id='word_1_21' title='bbox 759 459 1004 525; x_wconf 80' lang='grc' dir='ltr'><em>διάλεξίς</em></span> <span class='ocrx_word' id='word_1_22' title='bbox 1052 464 1205 513; x_wconf 85' lang='grc' dir='ltr'><em>ἐστιν</em></span> <span class='ocrx_word' id='word_1_23' title='bbox 1243 464 1300 512; x_wconf 86' lang='grc' dir='ltr'><em>ἐν</em></span> <span class='ocrx_word' id='word_1_24' title='bbox 1350 468 1419 531; x_wconf 86' lang='grc' dir='ltr'><em>τῇ</em></span> <span class='ocrx_word' id='word_1_25' title='bbox 1457 460 1707 531; x_wconf 91' lang='grc' dir='ltr'><em>πατρίδι.</em></span> <span class='ocrx_word' id='word_1_26' title='bbox 1783 465 2012 530; x_wconf 82' lang='grc' dir='ltr'><em>ἄγνοιαν</em></span> <span class='ocrx_word' id='word_1_27' title='bbox 2063 462 2121 516; x_wconf 81' lang='grc' dir='ltr'><em>δὲ</em></span> <span class='ocrx_word' id='word_1_28' title='bbox 2159 466 2299 516; x_wconf 82' lang='grc' dir='ltr'><em>ὐπο-</em></span> 
     </span>
     <span class='ocr_line' id='line_1_4' title="bbox 214 540 2300 618; baseline 0.003 -24"><span class='ocrx_word' id='word_1_29' title='bbox 214 542 522 595; x_wconf 90' lang='grc' dir='ltr'><em>πλάττεται</em></span> <span class='ocrx_word' id='word_1_30' title='bbox 560 553 658 616; x_wconf 87' lang='grc' dir='ltr'><em>τῆς</em></span> <span class='ocrx_word' id='word_1_31' title='bbox 697 548 883 608; x_wconf 80' lang='grc' dir='ltr'><em>αἰτίας</em></span> <span class='ocrx_word' id='word_1_32' title='bbox 911 549 941 597; x_wconf 83' lang='grc' dir='ltr'><em>ὁ</em></span> <span class='ocrx_word' id='word_1_33' title='bbox 969 545 1377 614; x_wconf 87' lang='grc' dir='ltr'><em>διαλεγόμενος,</em></span> <span class='ocrx_word' id='word_1_34' title='bbox 1419 540 1496 597; x_wconf 76' lang='grc' dir='ltr'><em>δι’</em></span> <span class='ocrx_word' id='word_1_35' title='bbox 1540 547 1604 616; x_wconf 86' lang='grc' dir='ltr'><em>ἣν</em></span> <span class='ocrx_word' id='word_1_36' title='bbox 1630 545 1803 617; x_wconf 83' lang='grc' dir='ltr'><em>μηδὲν</em></span> <span class='ocrx_word' id='word_1_37' title='bbox 1824 550 2099 618; x_wconf 88' lang='grc' dir='ltr'><em>χρήσιμον</em></span> <span class='ocrx_word' id='word_1_38' title='bbox 2127 551 2300 600; x_wconf 79' lang='grc' dir='ltr'><em>αὑτοῦ</em></span> 
     </span>
    </p>
   </div>
   <div class='ocr_carea' id='block_1_3' title="bbox 207 627 2297 1289">
    <p class='ocr_par' dir='ltr' id='par_1_3' title="bbox 207 627 2297 1289">
     <span class='ocr_line' id='line_1_5' title="bbox 212 627 2294 701; baseline 0.003 -23"><span class='ocrx_word' id='word_1_39' title='bbox 212 635 321 679; x_wconf 84' lang='grc' dir='ltr'><em>τῶν</em></span> <span class='ocrx_word' id='word_1_40' title='bbox 372 627 548 696; x_wconf 91' lang='grc' dir='ltr'><em>λόγων</em></span> <span class='ocrx_word' id='word_1_41' title='bbox 597 629 1065 700; x_wconf 79' lang='grc' dir='ltr'><em>προβεβλημένων</em></span> <span class='ocrx_word' id='word_1_42' title='bbox 1112 629 1291 701; x_wconf 83' lang='grc' dir='ltr'><em>ἡδέως</em></span> <span class='ocrx_word' id='word_1_43' title='bbox 1336 633 1431 682; x_wconf 79' lang='grc' dir='ltr'><em>καὶ</em></span> <span class='ocrx_word' id='word_1_44' title='bbox 1478 632 1796 693; x_wconf 78' lang='grc' dir='ltr'><em>ποθοῦντες</em></span> <span class='ocrx_word' id='word_1_45' title='bbox 1834 633 2115 684; x_wconf 85' lang='grc' dir='ltr'><em>ἀκούουσι.</em></span> <span class='ocrx_word' id='word_1_46' title='bbox 2190 650 2294 684; x_wconf 88' lang='grc' dir='ltr'><em>πο-</em></span> 
     </span>
     <span class='ocr_line' id='line_1_6' title="bbox 213 711 2294 786; baseline 0.003 -24"><span class='ocrx_word' id='word_1_47' title='bbox 213 711 420 774; x_wconf 87' lang='grc' dir='ltr'><em>λιτικός</em></span> <span class='ocrx_word' id='word_1_48' title='bbox 460 711 521 763; x_wconf 90' lang='grc' dir='ltr'><em>δέ</em></span> <span class='ocrx_word' id='word_1_49' title='bbox 557 715 680 764; x_wconf 89' lang='grc' dir='ltr'><em>ἐστι</em></span> <span class='ocrx_word' id='word_1_50' title='bbox 716 713 794 781; x_wconf 74' lang='grc' dir='ltr'><em>τῷ</em></span> <span class='ocrx_word' id='word_1_51' title='bbox 832 714 920 779; x_wconf 81' lang='grc' dir='ltr'><em>κς’</em></span> <span class='ocrx_word' id='word_1_52' title='bbox 972 720 1004 785; x_wconf 78' lang='grc' dir='ltr'><em>η</em></span> <span class='ocrx_word' id='word_1_53' title='bbox 1044 717 1360 785; x_wconf 84' lang='grc' dir='ltr'><em>ἐπιγραφή,</em></span> <span class='ocrx_word' id='word_1_54' title='bbox 1413 717 1507 766; x_wconf 80' lang='grc' dir='ltr'><em>καὶ</em></span> <span class='ocrx_word' id='word_1_55' title='bbox 1556 715 1774 785; x_wconf 86' lang='grc' dir='ltr'><em>εἴρηται</em></span> <span class='ocrx_word' id='word_1_56' title='bbox 1821 718 1879 767; x_wconf 86' lang='grc' dir='ltr'><em>ἐν</em></span> <span class='ocrx_word' id='word_1_57' title='bbox 1928 724 1996 786; x_wconf 80' lang='grc' dir='ltr'><em>τῇ</em></span> <span class='ocrx_word' id='word_1_58' title='bbox 2042 717 2294 784; x_wconf 90' lang='grc' dir='ltr'><em>πατρίδι,</em></span> 
     </span>
     <span class='ocr_line' id='line_1_7' title="bbox 212 796 2295 870; baseline 0.004 -24"><span class='ocrx_word' id='word_1_59' title='bbox 212 798 403 864; x_wconf 85' lang='grc' dir='ltr'><em>ὥσπερ</em></span> <span class='ocrx_word' id='word_1_60' title='bbox 452 799 545 847; x_wconf 81' lang='grc' dir='ltr'><em>καὶ</em></span> <span class='ocrx_word' id='word_1_61' title='bbox 595 799 625 847; x_wconf 84' lang='grc' dir='ltr'><em>ὁ</em></span> <span class='ocrx_word' id='word_1_62' title='bbox 689 796 918 869; x_wconf 80' lang='grc' dir='ltr'><em>ἐφεξῆς,</em></span> <span class='ocrx_word' id='word_1_63' title='bbox 983 797 1458 869; x_wconf 85' lang='grc' dir='ltr'><em>φιλοφρονητικὸς</em></span> <span class='ocrx_word' id='word_1_64' title='bbox 1504 802 1769 869; x_wconf 77' lang='grc' dir='ltr'><em>ὑπάρχων</em></span> <span class='ocrx_word' id='word_1_65' title='bbox 1831 802 1969 870; x_wconf 80' lang='grc' dir='ltr'><em>αὐτῇ</em></span> <span class='ocrx_word' id='word_1_66' title='bbox 2028 797 2164 852; x_wconf 76' lang='grc' dir='ltr'><em>ἀνθ’</em></span> <span class='ocrx_word' id='word_1_67' title='bbox 2220 803 2295 855; x_wconf 83' lang='grc' dir='ltr'><em>ὧν</em></span> 
     </span>
     <span class='ocr_line' id='line_1_8' title="bbox 209 880 2297 952; baseline 0.004 -22"><span class='ocrx_word' id='word_1_68' title='bbox 209 885 400 946; x_wconf 84' lang='grc' dir='ltr'><em>τιμαῖς</em></span> <span class='ocrx_word' id='word_1_69' title='bbox 438 884 533 932; x_wconf 86' lang='grc' dir='ltr'><em>τὸν</em></span> <span class='ocrx_word' id='word_1_70' title='bbox 575 880 1094 952; x_wconf 75' lang='grc' dir='ltr'><em>φιλοφρονούμενον</em></span> <span class='ocrx_word' id='word_1_71' title='bbox 1133 881 1431 946; x_wconf 79' lang='grc' dir='ltr'><em>ἐδεξιοῦτο.</em></span> <span class='ocrx_word' id='word_1_72' title='bbox 1520 882 1907 951; x_wconf 84' lang='grc' dir='ltr'><em>ἀπολογισμὸς</em></span> <span class='ocrx_word' id='word_1_73' title='bbox 1957 883 2019 935; x_wconf 93' lang='grc' dir='ltr'><em>δέ</em></span> <span class='ocrx_word' id='word_1_74' title='bbox 2064 888 2218 938; x_wconf 88' lang='grc' dir='ltr'><em>ἐστιν</em></span> <span class='ocrx_word' id='word_1_75' title='bbox 2265 890 2297 939; x_wconf 83' lang='grc' dir='ltr'>ὁ</span> 
     </span>
     <span class='ocr_line' id='line_1_9' title="bbox 207 959 2294 1041; baseline 0.004 -26"><span class='ocrx_word' id='word_1_76' title='bbox 207 959 332 1030; x_wconf 75' lang='grc' dir='ltr'><em>μετ’</em></span> <span class='ocrx_word' id='word_1_77' title='bbox 365 967 581 1030; x_wconf 90' lang='grc' dir='ltr'><em>αύτούς,</em></span> <span class='ocrx_word' id='word_1_78' title='bbox 620 970 778 1029; x_wconf 85' lang='grc' dir='ltr'><em>ὅπως</em></span> <span class='ocrx_word' id='word_1_79' title='bbox 805 966 1041 1019; x_wconf 89' lang='grc' dir='ltr'><em>διέκειτο</em></span> <span class='ocrx_word' id='word_1_80' title='bbox 1081 970 1226 1036; x_wconf 81' lang='grc' dir='ltr'><em>πρὸς</em></span> <span class='ocrx_word' id='word_1_81' title='bbox 1263 970 1360 1038; x_wconf 85' lang='grc' dir='ltr'><em>τὴν</em></span> <span class='ocrx_word' id='word_1_82' title='bbox 1395 966 1658 1036; x_wconf 92' lang='grc' dir='ltr'><em>πατρίδα.</em></span> <span class='ocrx_word' id='word_1_83' title='bbox 1725 970 1756 1019; x_wconf 83' lang='grc' dir='ltr'>ὁ</span> <span class='ocrx_word' id='word_1_84' title='bbox 1783 967 1840 1019; x_wconf 85' lang='grc' dir='ltr'><em>δὲ</em></span> <span class='ocrx_word' id='word_1_85' title='bbox 1868 967 1940 1018; x_wconf 90' lang='grc' dir='ltr'><em>θ’</em></span> <span class='ocrx_word' id='word_1_86' title='bbox 1968 972 2061 1021; x_wconf 80' lang='grc' dir='ltr'><em>καὶ</em></span> <span class='ocrx_word' id='word_1_87' title='bbox 2085 967 2142 1020; x_wconf 86' lang='grc' dir='ltr'><em>κ’</em></span> <span class='ocrx_word' id='word_1_88' title='bbox 2183 975 2294 1041; x_wconf 83' lang='grc' dir='ltr'><em>πρὸ</em></span> 
     </span>
     <span class='ocr_line' id='line_1_10' title="bbox 207 1047 2291 1127; baseline 0.003 -27"><span class='ocrx_word' id='word_1_89' title='bbox 207 1057 309 1100; x_wconf 81' lang='grc' dir='ltr'><em>τοῦ</em></span> <span class='ocrx_word' id='word_1_90' title='bbox 345 1049 684 1121; x_wconf 81' lang='grc' dir='ltr'><em>φιλοσοφεῖν</em></span> <span class='ocrx_word' id='word_1_91' title='bbox 721 1054 821 1117; x_wconf 79' lang='grc' dir='ltr'><em>μὲν</em></span> <span class='ocrx_word' id='word_1_92' title='bbox 859 1054 917 1102; x_wconf 86' lang='grc' dir='ltr'><em>ἐν</em></span> <span class='ocrx_word' id='word_1_93' title='bbox 954 1059 1022 1121; x_wconf 85' lang='grc' dir='ltr'><em>τῇ</em></span> <span class='ocrx_word' id='word_1_94' title='bbox 1049 1049 1286 1121; x_wconf 92' lang='grc' dir='ltr'><em>πατρίδι</em></span> <span class='ocrx_word' id='word_1_95' title='bbox 1311 1053 1706 1121; x_wconf 91' lang='grc' dir='ltr'><em>ἐπιγράφεται,</em></span> <span class='ocrx_word' id='word_1_96' title='bbox 1745 1055 1875 1114; x_wconf 82' lang='grc' dir='ltr'><em>τούς</em></span> <span class='ocrx_word' id='word_1_97' title='bbox 1915 1047 1969 1103; x_wconf 80' lang='grc' dir='ltr'><em>δ’</em></span> <span class='ocrx_word' id='word_1_98' title='bbox 2011 1056 2291 1127; x_wconf 85' lang='grc' dir='ltr'><em>ἐπιχειρή-</em></span> 
     </span>
     <span class='ocr_line' id='line_1_11' title="bbox 210 1134 2294 1211; baseline 0.004 -28"><span class='ocrx_word' id='word_1_99' title='bbox 210 1147 416 1196; x_wconf 89' lang='grc' dir='ltr'><em>σαντας</em></span> <span class='ocrx_word' id='word_1_100' title='bbox 451 1134 774 1187; x_wconf 84' lang='grc' dir='ltr'><em>καταλεύειν</em></span> <span class='ocrx_word' id='word_1_101' title='bbox 802 1137 968 1187; x_wconf 80' lang='grc' dir='ltr'><em>αὐτόν</em></span> <span class='ocrx_word' id='word_1_102' title='bbox 1005 1154 1064 1187; x_wconf 90' lang='grc' dir='ltr'><em>τε</em></span> <span class='ocrx_word' id='word_1_103' title='bbox 1102 1138 1195 1186; x_wconf 82' lang='grc' dir='ltr'><em>καὶ</em></span> <span class='ocrx_word' id='word_1_104' title='bbox 1223 1137 1320 1185; x_wconf 83' lang='grc' dir='ltr'><em>σύν</em></span> <span class='ocrx_word' id='word_1_105' title='bbox 1348 1134 1497 1201; x_wconf 73' lang='grc' dir='ltr'><em>αὐτῷ</em></span> <span class='ocrx_word' id='word_1_106' title='bbox 1525 1138 1729 1204; x_wconf 81' lang='grc' dir='ltr'><em>ἕτερον,</em></span> <span class='ocrx_word' id='word_1_107' title='bbox 1770 1136 1890 1187; x_wconf 85' lang='grc' dir='ltr'><em>εἶτα</em></span> <span class='ocrx_word' id='word_1_108' title='bbox 1932 1136 1989 1188; x_wconf 81' lang='grc' dir='ltr'><em>δὲ</em></span> <span class='ocrx_word' id='word_1_109' title='bbox 2027 1141 2120 1190; x_wconf 83' lang='grc' dir='ltr'><em>καὶ</em></span> <span class='ocrx_word' id='word_1_110' title='bbox 2158 1144 2294 1211; x_wconf 84' lang='grc' dir='ltr'><em>πυρὶ</em></span> 
     </span>
     <span class='ocr_line' id='line_1_12' title="bbox 207 1219 2296 1289; baseline 0.004 -21"><span class='ocrx_word' id='word_1_111' title='bbox 207 1221 305 1289; x_wconf 79' lang='grc' dir='ltr'><em>τὴν</em></span> <span class='ocrx_word' id='word_1_112' title='bbox 345 1221 524 1271; x_wconf 79' lang='grc' dir='ltr'><em>οἰκίαν</em></span> <span class='ocrx_word' id='word_1_113' title='bbox 565 1219 784 1283; x_wconf 82' lang='grc' dir='ltr'><em>δοῦναι,</em></span> <span class='ocrx_word' id='word_1_114' title='bbox 835 1223 1067 1281; x_wconf 85' lang='grc' dir='ltr'><em>τούτους</em></span> <span class='ocrx_word' id='word_1_115' title='bbox 1114 1224 1291 1289; x_wconf 84' lang='grc' dir='ltr'><em>ἠρέμα</em></span> <span class='ocrx_word' id='word_1_116' title='bbox 1332 1235 1457 1280; x_wconf 91' lang='grc' dir='ltr'><em>πως</em></span> <span class='ocrx_word' id='word_1_117' title='bbox 1506 1222 1812 1285; x_wconf 86' lang='grc' dir='ltr'><em>ἐπιτιμῶν,</em></span> <span class='ocrx_word' id='word_1_118' title='bbox 1860 1223 1922 1270; x_wconf 84' lang='grc' dir='ltr'><em>τὸ</em></span> <span class='ocrx_word' id='word_1_119' title='bbox 1964 1220 2296 1276; x_wconf 81' lang='grc' dir='ltr'><em>πλανᾶσθαι</em></span> 
     </span>
    </p>
   </div>
   <div class='ocr_carea' id='block_1_4' title="bbox 91 1301 2296 1374">
    <p class='ocr_par' dir='ltr' id='par_1_4' title="bbox 91 1301 2296 1374">
     <span class='ocr_line' id='line_1_13' title="bbox 91 1301 2296 1374; baseline 0.003 -22"><span class='ocrx_word' id='word_1_120' title='bbox 91 1312 190 1354; x_wconf 72' lang='grc' dir='ltr'>(ΒΕ)</span> <span class='ocrx_word' id='word_1_121' title='bbox 210 1305 309 1354; x_wconf 86' lang='grc' dir='ltr'><em>ἐπὶ</em></span> <span class='ocrx_word' id='word_1_122' title='bbox 356 1312 455 1374; x_wconf 85' lang='grc' dir='ltr'><em>τῆς</em></span> <span class='ocrx_word' id='word_1_123' title='bbox 505 1302 660 1374; x_wconf 79' lang='grc' dir='ltr'><em>ξένης</em></span> <span class='ocrx_word' id='word_1_124' title='bbox 708 1312 806 1374; x_wconf 83' lang='grc' dir='ltr'><em>τῆς</em></span> <span class='ocrx_word' id='word_1_125' title='bbox 856 1304 1002 1354; x_wconf 86' lang='grc' dir='ltr'><em>οἴκοι</em></span> <span class='ocrx_word' id='word_1_126' title='bbox 1062 1302 1352 1373; x_wconf 79' lang='grc' dir='ltr'><em>διατριβῆς</em></span> <span class='ocrx_word' id='word_1_127' title='bbox 1414 1301 1507 1353; x_wconf 84' lang='grc' dir='ltr'><em>διὰ</em></span> <span class='ocrx_word' id='word_1_128' title='bbox 1569 1304 1670 1364; x_wconf 79' lang='grc' dir='ltr'><em>τοὶς</em></span> <span class='ocrx_word' id='word_1_129' title='bbox 1730 1305 1787 1354; x_wconf 90' lang='grc' dir='ltr'><em>ἐν</em></span> <span class='ocrx_word' id='word_1_130' title='bbox 1848 1302 2015 1355; x_wconf 90' lang='grc' dir='ltr'><em>πόλει</em></span> <span class='ocrx_word' id='word_1_131' title='bbox 2063 1306 2296 1370; x_wconf 82' lang='grc' dir='ltr'><em>ἀταξίας</em></span> 
     </span>
    </p>
   </div>
   <div class='ocr_carea' id='block_1_5' title="bbox 203 1382 2294 2816">
    <p class='ocr_par' dir='ltr' id='par_1_5' title="bbox 203 1382 2294 2816">
     <span class='ocr_line' id='line_1_14' title="bbox 206 1382 2294 1458; baseline 0.003 -22"><span class='ocrx_word' id='word_1_132' title='bbox 206 1389 435 1453; x_wconf 80' lang='grc' dir='ltr'><em>ἄμεινον</em></span> <span class='ocrx_word' id='word_1_133' title='bbox 472 1385 883 1451; x_wconf 82' lang='grc' dir='ltr'><em>κατασκευάζει.</em></span> <span class='ocrx_word' id='word_1_134' title='bbox 947 1393 978 1458; x_wconf 79' lang='grc' dir='ltr'><em>ἡ</em></span> <span class='ocrx_word' id='word_1_135' title='bbox 1023 1386 1080 1438; x_wconf 80' lang='grc' dir='ltr'><em>δὲ</em></span> <span class='ocrx_word' id='word_1_136' title='bbox 1121 1394 1231 1438; x_wconf 82' lang='grc' dir='ltr'><em>τῶν</em></span> <span class='ocrx_word' id='word_1_137' title='bbox 1272 1385 1522 1438; x_wconf 83' lang='grc' dir='ltr'><em>πολιτῶν</em></span> <span class='ocrx_word' id='word_1_138' title='bbox 1563 1389 1691 1457; x_wconf 84' lang='grc' dir='ltr'><em>ὀργὴ</em></span> <span class='ocrx_word' id='word_1_139' title='bbox 1733 1382 1860 1438; x_wconf 72' lang='grc' dir='ltr'><em>κατ’</em></span> <span class='ocrx_word' id='word_1_140' title='bbox 1906 1390 2089 1454; x_wconf 81' lang='grc' dir='ltr'><em>αὐτοῦ,</em></span> <span class='ocrx_word' id='word_1_141' title='bbox 2132 1390 2294 1456; x_wconf 92' lang='grc' dir='ltr'><em>διότι,</em></span> 
     </span>
     <span class='ocr_line' id='line_1_15' title="bbox 208 1470 2292 1542; baseline 0.002 -19"><span class='ocrx_word' id='word_1_142' title='bbox 208 1475 365 1542; x_wconf 92' lang='grc' dir='ltr'><em>φησί,</em></span> <span class='ocrx_word' id='word_1_143' title='bbox 405 1478 822 1542; x_wconf 86' lang='grc' dir='ltr'><em>καταρρέουσαν</em></span> <span class='ocrx_word' id='word_1_144' title='bbox 859 1475 958 1524; x_wconf 86' lang='grc' dir='ltr'><em>ἐπὶ</em></span> <span class='ocrx_word' id='word_1_145' title='bbox 994 1475 1057 1524; x_wconf 83' lang='grc' dir='ltr'><em>τὸ</em></span> <span class='ocrx_word' id='word_1_146' title='bbox 1097 1470 1318 1539; x_wconf 90' lang='grc' dir='ltr'><em>βέλτιον</em></span> <span class='ocrx_word' id='word_1_147' title='bbox 1357 1470 1592 1539; x_wconf 87' lang='grc' dir='ltr'><em>ἀνέλαβε</em></span> <span class='ocrx_word' id='word_1_148' title='bbox 1629 1475 1726 1542; x_wconf 80' lang='grc' dir='ltr'><em>τὴν</em></span> <span class='ocrx_word' id='word_1_149' title='bbox 1767 1475 1962 1524; x_wconf 85' lang='grc' dir='ltr'><em>οἰκίαν.</em></span> <span class='ocrx_word' id='word_1_150' title='bbox 2037 1478 2130 1526; x_wconf 84' lang='grc' dir='ltr'><em>καὶ</em></span> <span class='ocrx_word' id='word_1_151' title='bbox 2168 1479 2198 1526; x_wconf 88' lang='lat'><em>0‘</em></span> <span class='ocrx_word' id='word_1_152' title='bbox 2237 1476 2292 1527; x_wconf 88' lang='grc' dir='ltr'><em>λ’</em></span> 
     </span>
     <span class='ocr_line' id='line_1_16' title="bbox 208 1554 2293 1631; baseline 0.003 -24"><span class='ocrx_word' id='word_1_153' title='bbox 208 1554 294 1620; x_wconf 86' lang='grc' dir='ltr'><em>δέ,</em></span> <span class='ocrx_word' id='word_1_154' title='bbox 356 1555 665 1626; x_wconf 76' lang='grc' dir='ltr'><em>δημηγορία</em></span> <span class='ocrx_word' id='word_1_155' title='bbox 714 1559 771 1608; x_wconf 90' lang='grc' dir='ltr'><em>ἐν</em></span> <span class='ocrx_word' id='word_1_156' title='bbox 832 1564 900 1626; x_wconf 83' lang='grc' dir='ltr'><em>τῇ</em></span> <span class='ocrx_word' id='word_1_157' title='bbox 955 1555 1193 1626; x_wconf 91' lang='grc' dir='ltr'><em>πατρίδι</em></span> <span class='ocrx_word' id='word_1_158' title='bbox 1252 1559 1349 1626; x_wconf 73' lang='grc' dir='ltr'><em>τὴν</em></span> <span class='ocrx_word' id='word_1_159' title='bbox 1412 1559 1733 1627; x_wconf 83' lang='grc' dir='ltr'><em>ἐπιγραφὴν</em></span> <span class='ocrx_word' id='word_1_160' title='bbox 1789 1561 2002 1627; x_wconf 83' lang='grc' dir='ltr'><em>φέρων,</em></span> <span class='ocrx_word' id='word_1_161' title='bbox 2061 1562 2143 1622; x_wconf 85' lang='grc' dir='ltr'><em>εἰς</em></span> <span class='ocrx_word' id='word_1_162' title='bbox 2197 1564 2293 1631; x_wconf 78' lang='grc' dir='ltr'><em>τὴν</em></span> 
     </span>
     <span class='ocr_line' id='line_1_17' title="bbox 205 1639 2294 1713; baseline 0.003 -22"><span class='ocrx_word' id='word_1_163' title='bbox 205 1641 373 1711; x_wconf 81' lang='grc' dir='ltr'><em>αὐτὴν</em></span> <span class='ocrx_word' id='word_1_164' title='bbox 420 1642 705 1692; x_wconf 80' lang='grc' dir='ltr'><em>ὑπόθεσιν</em></span> <span class='ocrx_word' id='word_1_165' title='bbox 744 1639 1078 1708; x_wconf 84' lang='grc' dir='ltr'><em>ἀποβλέπει.</em></span> <span class='ocrx_word' id='word_1_166' title='bbox 1172 1643 1266 1691; x_wconf 84' lang='grc' dir='ltr'><em>καὶ</em></span> <span class='ocrx_word' id='word_1_167' title='bbox 1314 1642 1344 1690; x_wconf 85' lang='grc' dir='ltr'><em>ὁ</em></span> <span class='ocrx_word' id='word_1_168' title='bbox 1384 1639 1441 1690; x_wconf 89' lang='grc' dir='ltr'><em>α’</em></span> <span class='ocrx_word' id='word_1_169' title='bbox 1493 1643 1587 1691; x_wconf 80' lang='grc' dir='ltr'><em>καὶ</em></span> <span class='ocrx_word' id='word_1_170' title='bbox 1625 1639 1679 1690; x_wconf 90' lang='grc' dir='ltr'><em>λ’</em></span> <span class='ocrx_word' id='word_1_171' title='bbox 1720 1643 1778 1692; x_wconf 87' lang='grc' dir='ltr'><em>ἐν</em></span> <span class='ocrx_word' id='word_1_172' title='bbox 1816 1649 1885 1711; x_wconf 85' lang='grc' dir='ltr'><em>τῇ</em></span> <span class='ocrx_word' id='word_1_173' title='bbox 1923 1643 2158 1713; x_wconf 93' lang='grc' dir='ltr'><em>πατρίδι</em></span> <span class='ocrx_word' id='word_1_174' title='bbox 2193 1649 2294 1711; x_wconf 83' lang='grc' dir='ltr'><em>μὲν</em></span> 
     </span>
     <span class='ocr_line' id='line_1_18' title="bbox 204 1720 2293 1795; baseline 0.002 -19"><span class='ocrx_word' id='word_1_175' title='bbox 204 1723 426 1795; x_wconf 89' lang='grc' dir='ltr'><em>ἐλέχθη,</em></span> <span class='ocrx_word' id='word_1_176' title='bbox 466 1724 760 1788; x_wconf 88' lang='grc' dir='ltr'><em>πολιτικὸς</em></span> <span class='ocrx_word' id='word_1_177' title='bbox 799 1720 854 1777; x_wconf 78' lang='grc' dir='ltr'><em>δ’</em></span> <span class='ocrx_word' id='word_1_178' title='bbox 899 1728 1313 1795; x_wconf 78' lang='grc' dir='ltr'><em>ἐπιγέγραπται</em></span> <span class='ocrx_word' id='word_1_179' title='bbox 1351 1727 1408 1776; x_wconf 91' lang='grc' dir='ltr'><em>ἐν</em></span> <span class='ocrx_word' id='word_1_180' title='bbox 1446 1723 1738 1793; x_wconf 76' lang='grc' dir='ltr'><em>ἐκκλησία,</em></span> <span class='ocrx_word' id='word_1_181' title='bbox 1788 1727 1882 1776; x_wconf 86' lang='grc' dir='ltr'><em>καὶ</em></span> <span class='ocrx_word' id='word_1_182' title='bbox 1932 1727 2293 1794; x_wconf 89' lang='grc' dir='ltr'><em>συμβουλεύει</em></span> 
     </span>
     <span class='ocr_line' id='line_1_19' title="bbox 204 1807 2293 1884; baseline 0.002 -24"><span class='ocrx_word' id='word_1_183' title='bbox 204 1817 314 1861; x_wconf 86' lang='grc' dir='ltr'><em>τῶν</em></span> <span class='ocrx_word' id='word_1_184' title='bbox 353 1813 435 1872; x_wconf 84' lang='grc' dir='ltr'><em>εἰς</em></span> <span class='ocrx_word' id='word_1_185' title='bbox 472 1809 745 1881; x_wconf 80' lang='grc' dir='ltr'><em>ἀλλήλους</em></span> <span class='ocrx_word' id='word_1_186' title='bbox 782 1812 994 1881; x_wconf 83' lang='grc' dir='ltr'><em>ὕβρεων</em></span> <span class='ocrx_word' id='word_1_187' title='bbox 1045 1812 1470 1876; x_wconf 83' lang='grc' dir='ltr'><em>ἀποσχομένους</em></span> <span class='ocrx_word' id='word_1_188' title='bbox 1515 1811 1610 1860; x_wconf 81' lang='grc' dir='ltr'><em>καὶ</em></span> <span class='ocrx_word' id='word_1_189' title='bbox 1660 1807 2147 1879; x_wconf 81' lang='grc' dir='ltr'><em>προπηλακισμῶν</em></span> <span class='ocrx_word' id='word_1_190' title='bbox 2196 1816 2293 1884; x_wconf 78' lang='grc' dir='ltr'><em>τὴν</em></span> 
     </span>
     <span class='ocr_line' id='line_1_20' title="bbox 208 1893 2288 1967; baseline 0.002 -23"><span class='ocrx_word' id='word_1_191' title='bbox 208 1897 406 1946; x_wconf 89' lang='grc' dir='ltr'><em>στάσιν</em></span> <span class='ocrx_word' id='word_1_192' title='bbox 445 1897 526 1957; x_wconf 85' lang='grc' dir='ltr'><em>εἰς</em></span> <span class='ocrx_word' id='word_1_193' title='bbox 565 1897 830 1962; x_wconf 84' lang='grc' dir='ltr'><em>ὁμόνοιαν</em></span> <span class='ocrx_word' id='word_1_194' title='bbox 872 1893 1135 1946; x_wconf 91' lang='grc' dir='ltr'><em>διαλύειν.</em></span> <span class='ocrx_word' id='word_1_195' title='bbox 1201 1897 1470 1955; x_wconf 86' lang='grc' dir='ltr'><em>ὡσαύτως</em></span> <span class='ocrx_word' id='word_1_196' title='bbox 1495 1896 1553 1944; x_wconf 87' lang='grc' dir='ltr'><em>ἐν</em></span> <span class='ocrx_word' id='word_1_197' title='bbox 1580 1901 1648 1963; x_wconf 83' lang='grc' dir='ltr'><em>τῇ</em></span> <span class='ocrx_word' id='word_1_198' title='bbox 1687 1893 1923 1964; x_wconf 93' lang='grc' dir='ltr'><em>πατρίδι</em></span> <span class='ocrx_word' id='word_1_199' title='bbox 1946 1898 2048 1960; x_wconf 81' lang='grc' dir='ltr'><em>μὲν</em></span> <span class='ocrx_word' id='word_1_200' title='bbox 2086 1894 2288 1967; x_wconf 90' lang='grc' dir='ltr'><em>ἐλέχθη</em></span> 
     </span>
     <span class='ocr_line' id='line_1_21' title="bbox 204 1978 2288 2052; baseline 0 -21"><span class='ocrx_word' id='word_1_201' title='bbox 204 1982 297 2031; x_wconf 83' lang='grc' dir='ltr'><em>καὶ</em></span> <span class='ocrx_word' id='word_1_202' title='bbox 335 1982 366 2030; x_wconf 83' lang='grc' dir='ltr'>ὁ</span> <span class='ocrx_word' id='word_1_203' title='bbox 402 1978 632 2051; x_wconf 80' lang='grc' dir='ltr'><em>ἐφεξῆς,</em></span> <span class='ocrx_word' id='word_1_204' title='bbox 685 1981 715 2031; x_wconf 82' lang='grc' dir='ltr'>ὃ</span> <span class='ocrx_word' id='word_1_205' title='bbox 754 1979 812 2031; x_wconf 85' lang='grc' dir='ltr'><em>δὲ</em></span> <span class='ocrx_word' id='word_1_206' title='bbox 852 1982 1259 2050; x_wconf 87' lang='grc' dir='ltr'><em>ἐπιγράφεται,</em></span> <span class='ocrx_word' id='word_1_207' title='bbox 1311 1980 1658 2049; x_wconf 87' lang='grc' dir='ltr'><em>παραίτησις</em></span> <span class='ocrx_word' id='word_1_208' title='bbox 1696 1980 1865 2048; x_wconf 87' lang='grc' dir='ltr'><em>ἀρχῆς</em></span> <span class='ocrx_word' id='word_1_209' title='bbox 1901 1982 1959 2030; x_wconf 90' lang='grc' dir='ltr'><em>ἐν</em></span> <span class='ocrx_word' id='word_1_210' title='bbox 1996 1988 2065 2050; x_wconf 84' lang='grc' dir='ltr'><em>τῇ</em></span> <span class='ocrx_word' id='word_1_211' title='bbox 2100 1980 2288 2052; x_wconf 83' lang='grc' dir='ltr'><em>βουλῇ,</em></span> 
     </span>
     <span class='ocr_line' id='line_1_22' title="bbox 205 2063 2293 2138; baseline 0.002 -24"><span class='ocrx_word' id='word_1_212' title='bbox 205 2071 369 2114; x_wconf 83' lang='grc' dir='ltr'><em>τοῦτο</em></span> <span class='ocrx_word' id='word_1_213' title='bbox 419 2067 512 2115; x_wconf 85' lang='grc' dir='ltr'><em>καὶ</em></span> <span class='ocrx_word' id='word_1_214' title='bbox 560 2063 928 2117; x_wconf 86' lang='grc' dir='ltr'><em>ἐνδείκνυται·</em></span> <span class='ocrx_word' id='word_1_215' title='bbox 978 2070 1036 2118; x_wconf 86' lang='grc' dir='ltr'><em>ἐκ</em></span> <span class='ocrx_word' id='word_1_216' title='bbox 1083 2069 1460 2138; x_wconf 81' lang='grc' dir='ltr'><em>ψηφίσματος</em></span> <span class='ocrx_word' id='word_1_217' title='bbox 1510 2067 1612 2134; x_wconf 84' lang='grc' dir='ltr'><em>γάρ</em></span> <span class='ocrx_word' id='word_1_218' title='bbox 1653 2067 1840 2134; x_wconf 83' lang='grc' dir='ltr'><em>ἄρχειν</em></span> <span class='ocrx_word' id='word_1_219' title='bbox 1879 2069 1909 2116; x_wconf 85' lang='grc' dir='ltr'>ὁ</span> <span class='ocrx_word' id='word_1_220' title='bbox 1948 2071 2293 2138; x_wconf 78' lang='grc' dir='ltr'><em>συγγραφεύς</em></span> 
     </span>
     <span class='ocr_line' id='line_1_23' title="bbox 203 2142 2291 2223; baseline 0.002 -24"><span class='ocrx_word' id='word_1_221' title='bbox 203 2142 480 2219; x_wconf 80' lang='grc' dir='ltr'><em>ᾑρημένος</em></span> <span class='ocrx_word' id='word_1_222' title='bbox 529 2156 911 2219; x_wconf 89' lang='grc' dir='ltr'><em>παραιτεῖται.</em></span> <span class='ocrx_word' id='word_1_223' title='bbox 1000 2154 1030 2202; x_wconf 84' lang='grc' dir='ltr'><em>ὁ</em></span> <span class='ocrx_word' id='word_1_224' title='bbox 1070 2151 1128 2203; x_wconf 82' lang='grc' dir='ltr'><em>δὲ</em></span> <span class='ocrx_word' id='word_1_225' title='bbox 1171 2150 1289 2220; x_wconf 92' lang='grc' dir='ltr'><em>λγ’,</em></span> <span class='ocrx_word' id='word_1_226' title='bbox 1339 2153 1472 2221; x_wconf 85' lang='grc' dir='ltr'><em>περὶ</em></span> <span class='ocrx_word' id='word_1_227' title='bbox 1520 2158 1629 2201; x_wconf 85' lang='grc' dir='ltr'><em>τῶν</em></span> <span class='ocrx_word' id='word_1_228' title='bbox 1678 2153 1850 2220; x_wconf 85' lang='grc' dir='ltr'><em>ἔργων</em></span> <span class='ocrx_word' id='word_1_229' title='bbox 1889 2153 1946 2201; x_wconf 84' lang='grc' dir='ltr'><em>ἐν</em></span> <span class='ocrx_word' id='word_1_230' title='bbox 1984 2150 2157 2221; x_wconf 83' lang='grc' dir='ltr'><em>βουλῇ</em></span> <span class='ocrx_word' id='word_1_231' title='bbox 2195 2156 2291 2223; x_wconf 83' lang='grc' dir='ltr'><em>τὴν</em></span> 
     </span>
     <span class='ocr_line' id='line_1_24' title="bbox 204 2233 2291 2306; baseline 0.002 -23"><span class='ocrx_word' id='word_1_232' title='bbox 204 2235 525 2305; x_wconf 87' lang='grc' dir='ltr'><em>ἐπιγραφὴν</em></span> <span class='ocrx_word' id='word_1_233' title='bbox 552 2239 830 2304; x_wconf 88' lang='grc' dir='ltr'><em>παρέχων,</em></span> <span class='ocrx_word' id='word_1_234' title='bbox 870 2238 1105 2288; x_wconf 80' lang='grc' dir='ltr'><em>ἔπαινον</em></span> <span class='ocrx_word' id='word_1_235' title='bbox 1141 2241 1243 2303; x_wconf 91' lang='grc' dir='ltr'><em>μέν</em></span> <span class='ocrx_word' id='word_1_236' title='bbox 1280 2254 1405 2287; x_wconf 91' lang='grc' dir='ltr'><em>τινα</em></span> <span class='ocrx_word' id='word_1_237' title='bbox 1444 2243 1542 2306; x_wconf 84' lang='grc' dir='ltr'><em>τῆς</em></span> <span class='ocrx_word' id='word_1_238' title='bbox 1579 2233 1784 2306; x_wconf 87' lang='grc' dir='ltr'><em>βουλῆς</em></span> <span class='ocrx_word' id='word_1_239' title='bbox 1811 2238 2108 2304; x_wconf 86' lang='grc' dir='ltr'><em>ἐπιτρέχει,</em></span> <span class='ocrx_word' id='word_1_240' title='bbox 2149 2238 2291 2287; x_wconf 87' lang='grc' dir='ltr'><em>ἀπο-</em></span> 
     </span>
     <span class='ocr_line' id='line_1_25' title="bbox 207 2317 2292 2390; baseline 0.001 -21"><span class='ocrx_word' id='word_1_241' title='bbox 207 2317 453 2386; x_wconf 91' lang='grc' dir='ltr'><em>λογεῖται</em></span> <span class='ocrx_word' id='word_1_242' title='bbox 494 2318 552 2370; x_wconf 82' lang='grc' dir='ltr'><em>δὲ</em></span> <span class='ocrx_word' id='word_1_243' title='bbox 589 2323 683 2371; x_wconf 80' lang='grc' dir='ltr'><em>καὶ</em></span> <span class='ocrx_word' id='word_1_244' title='bbox 720 2322 862 2390; x_wconf 79' lang='grc' dir='ltr'><em>ὑπὲρ</em></span> <span class='ocrx_word' id='word_1_245' title='bbox 903 2321 978 2372; x_wconf 83' lang='grc' dir='ltr'><em>ὧν</em></span> <span class='ocrx_word' id='word_1_246' title='bbox 1019 2324 1050 2372; x_wconf 83' lang='grc' dir='ltr'><em>ὁ</em></span> <span class='ocrx_word' id='word_1_247' title='bbox 1074 2323 1231 2372; x_wconf 86' lang='grc' dir='ltr'><em>Δίων</em></span> <span class='ocrx_word' id='word_1_248' title='bbox 1269 2323 1581 2383; x_wconf 83' lang='grc' dir='ltr'><em>ὑπενοεῖτο,</em></span> <span class='ocrx_word' id='word_1_249' title='bbox 1623 2321 1699 2381; x_wconf 84' lang='grc' dir='ltr'><em>ὡς</em></span> <span class='ocrx_word' id='word_1_250' title='bbox 1736 2322 1809 2390; x_wconf 84' lang='grc' dir='ltr'><em>μὴ</em></span> <span class='ocrx_word' id='word_1_251' title='bbox 1850 2321 1918 2369; x_wconf 81' lang='grc' dir='ltr'><em>τὰ</em></span> <span class='ocrx_word' id='word_1_252' title='bbox 1958 2326 2061 2370; x_wconf 78' lang='grc' dir='ltr'><em>τοῦ</em></span> <span class='ocrx_word' id='word_1_253' title='bbox 2084 2319 2292 2382; x_wconf 79' lang='grc' dir='ltr'><em>παιδὸς</em></span> 
     </span>
     <span class='ocr_line' id='line_1_26' title="bbox 205 2403 2294 2477; baseline -0 -22"><span class='ocrx_word' id='word_1_254' title='bbox 205 2406 335 2472; x_wconf 85' lang='grc' dir='ltr'><em>ἔργα</em></span> <span class='ocrx_word' id='word_1_255' title='bbox 370 2407 464 2455; x_wconf 83' lang='grc' dir='ltr'><em>καὶ</em></span> <span class='ocrx_word' id='word_1_256' title='bbox 502 2407 563 2455; x_wconf 82' lang='grc' dir='ltr'><em>αἱ</em></span> <span class='ocrx_word' id='word_1_257' title='bbox 599 2403 837 2474; x_wconf 83' lang='grc' dir='ltr'><em>πράξεις</em></span> <span class='ocrx_word' id='word_1_258' title='bbox 876 2408 936 2457; x_wconf 83' lang='grc' dir='ltr'><em>αἱ</em></span> <span class='ocrx_word' id='word_1_259' title='bbox 971 2407 1111 2457; x_wconf 81' lang='grc' dir='ltr'><em>κατὰ</em></span> <span class='ocrx_word' id='word_1_260' title='bbox 1150 2409 1247 2477; x_wconf 82' lang='grc' dir='ltr'><em>τὴν</em></span> <span class='ocrx_word' id='word_1_261' title='bbox 1287 2403 1455 2456; x_wconf 92' lang='grc' dir='ltr'><em>πόλιν</em></span> <span class='ocrx_word' id='word_1_262' title='bbox 1493 2413 1591 2475; x_wconf 84' lang='grc' dir='ltr'><em>τῆς</em></span> <span class='ocrx_word' id='word_1_263' title='bbox 1629 2412 1904 2475; x_wconf 82' lang='grc' dir='ltr'><em>πατρικῆς</em></span> <span class='ocrx_word' id='word_1_264' title='bbox 1942 2406 2055 2455; x_wconf 87' lang='grc' dir='ltr'><em>εἰσι</em></span> <span class='ocrx_word' id='word_1_265' title='bbox 2091 2403 2294 2475; x_wconf 83' lang='grc' dir='ltr'><em>βουλῆς</em></span> 
     </span>
     <span class='ocr_line' id='line_1_27' title="bbox 205 2487 2292 2561; baseline 0 -22"><span class='ocrx_word' id='word_1_266' title='bbox 205 2487 524 2559; x_wconf 80' lang='grc' dir='ltr'><em>ἐξημμέναι.</em></span> <span class='ocrx_word' id='word_1_267' title='bbox 602 2492 633 2539; x_wconf 86' lang='grc' dir='ltr'><em>ὁ</em></span> <span class='ocrx_word' id='word_1_268' title='bbox 669 2488 874 2561; x_wconf 81' lang='grc' dir='ltr'><em>ἐφεξῆς</em></span> <span class='ocrx_word' id='word_1_269' title='bbox 913 2489 971 2542; x_wconf 80' lang='grc' dir='ltr'><em>δὲ</em></span> <span class='ocrx_word' id='word_1_270' title='bbox 1012 2494 1157 2560; x_wconf 82' lang='grc' dir='ltr'><em>πρὸς</em></span> <span class='ocrx_word' id='word_1_271' title='bbox 1193 2489 1490 2560; x_wconf 88' lang='grc' dir='ltr'><em>Διόδωρον</em></span> <span class='ocrx_word' id='word_1_272' title='bbox 1529 2492 2010 2559; x_wconf 87' lang='grc' dir='ltr'><em>ἐπιγραφόμενος,</em></span> <span class='ocrx_word' id='word_1_273' title='bbox 2051 2506 2292 2558; x_wconf 91' lang='grc' dir='ltr'><em>προτρο-</em></span> 
     </span>
     <span class='ocr_line' id='line_1_28' title="bbox 206 2567 2289 2646; baseline 0 -22"><span class='ocrx_word' id='word_1_274' title='bbox 206 2576 318 2643; x_wconf 85' lang='grc' dir='ltr'><em>πὴν</em></span> <span class='ocrx_word' id='word_1_275' title='bbox 355 2578 455 2640; x_wconf 91' lang='grc' dir='ltr'><em>μέν</em></span> <span class='ocrx_word' id='word_1_276' title='bbox 494 2592 618 2625; x_wconf 91' lang='grc' dir='ltr'><em>τινα</em></span> <span class='ocrx_word' id='word_1_277' title='bbox 657 2569 755 2625; x_wconf 70' lang='grc' dir='ltr'><em>ἐπ’</em></span> <span class='ocrx_word' id='word_1_278' title='bbox 799 2577 998 2646; x_wconf 83' lang='grc' dir='ltr'><em>ἀρετὴν</em></span> <span class='ocrx_word' id='word_1_279' title='bbox 1037 2578 1267 2643; x_wconf 87' lang='grc' dir='ltr'><em>εἰσάγει,</em></span> <span class='ocrx_word' id='word_1_280' title='bbox 1307 2578 1562 2626; x_wconf 87' lang='grc' dir='ltr'><em>ἐπαινεῖν</em></span> <span class='ocrx_word' id='word_1_281' title='bbox 1603 2573 1661 2625; x_wconf 84' lang='grc' dir='ltr'><em>δὲ</em></span> <span class='ocrx_word' id='word_1_282' title='bbox 1700 2576 1797 2644; x_wconf 83' lang='grc' dir='ltr'><em>τὴν</em></span> <span class='ocrx_word' id='word_1_283' title='bbox 1835 2571 2002 2624; x_wconf 85' lang='grc' dir='ltr'><em>πόλιν</em></span> <span class='ocrx_word' id='word_1_284' title='bbox 2031 2576 2171 2643; x_wconf 81' lang='grc' dir='ltr'><em>φησὶ</em></span> <span class='ocrx_word' id='word_1_285' title='bbox 2210 2567 2289 2624; x_wconf 70' lang='grc' dir='ltr'><em>δι’</em></span> 
     </span>
     <span class='ocr_line' id='line_1_29' title="bbox 208 2655 2291 2728; baseline -0 -19"><span class='ocrx_word' id='word_1_286' title='bbox 208 2658 284 2709; x_wconf 82' lang='grc' dir='ltr'><em>ὧν</em></span> <span class='ocrx_word' id='word_1_287' title='bbox 333 2661 429 2710; x_wconf 87' lang='grc' dir='ltr'><em>τὸν</em></span> <span class='ocrx_word' id='word_1_288' title='bbox 479 2661 904 2726; x_wconf 90' lang='grc' dir='ltr'><em>ἐγκωμιάσαντα</em></span> <span class='ocrx_word' id='word_1_289' title='bbox 942 2659 1239 2728; x_wconf 87' lang='grc' dir='ltr'><em>Διόδωρον</em></span> <span class='ocrx_word' id='word_1_290' title='bbox 1288 2661 1549 2720; x_wconf 88' lang='grc' dir='ltr'><em>ἐπαίνοις</em></span> <span class='ocrx_word' id='word_1_291' title='bbox 1588 2656 1933 2727; x_wconf 79' lang='grc' dir='ltr'><em>περιβάλλει.</em></span> <span class='ocrx_word' id='word_1_292' title='bbox 2011 2660 2041 2707; x_wconf 85' lang='grc' dir='ltr'><em>ὁ</em></span> <span class='ocrx_word' id='word_1_293' title='bbox 2089 2656 2146 2708; x_wconf 83' lang='grc' dir='ltr'><em>δὲ</em></span> <span class='ocrx_word' id='word_1_294' title='bbox 2187 2655 2291 2720; x_wconf 86' lang='grc' dir='ltr'><em>λε’,</em></span> 
     </span>
     <span class='ocr_line' id='line_1_30' title="bbox 207 2740 2290 2816; baseline -0.001 -23"><span class='ocrx_word' id='word_1_295' title='bbox 207 2745 340 2812; x_wconf 82' lang='grc' dir='ltr'><em>περὶ</em></span> <span class='ocrx_word' id='word_1_296' title='bbox 377 2742 670 2808; x_wconf 85' lang='grc' dir='ltr'><em>Αἰσχύλου</em></span> <span class='ocrx_word' id='word_1_297' title='bbox 707 2747 801 2796; x_wconf 79' lang='grc' dir='ltr'><em>καὶ</em></span> <span class='ocrx_word' id='word_1_298' title='bbox 837 2743 1192 2816; x_wconf 81' lang='grc' dir='ltr'><em>Σοφοκλέους</em></span> <span class='ocrx_word' id='word_1_299' title='bbox 1228 2747 1321 2795; x_wconf 83' lang='grc' dir='ltr'><em>καὶ</em></span> <span class='ocrx_word' id='word_1_300' title='bbox 1363 2742 1676 2813; x_wconf 81' lang='grc' dir='ltr'><em>Εὐριπίδου</em></span> <span class='ocrx_word' id='word_1_301' title='bbox 1729 2744 1760 2812; x_wconf 84' lang='grc' dir='ltr'><em>ἢ</em></span> <span class='ocrx_word' id='word_1_302' title='bbox 1802 2745 1934 2811; x_wconf 86' lang='grc' dir='ltr'><em>περὶ</em></span> <span class='ocrx_word' id='word_1_303' title='bbox 1970 2748 2080 2792; x_wconf 83' lang='grc' dir='ltr'><em>τῶν</em></span> <span class='ocrx_word' id='word_1_304' title='bbox 2121 2740 2290 2791; x_wconf 82' lang='grc' dir='ltr'><em>Φιλο-</em></span> 
     </span>
    </p>
   </div>
   <div class='ocr_carea' id='block_1_6' title="bbox 103 2823 2285 2900">
    <p class='ocr_par' dir='ltr' id='par_1_6' title="bbox 103 2823 2285 2900">
     <span class='ocr_line' id='line_1_31' title="bbox 103 2823 2285 2900; baseline -0.002 -22"><span class='ocrx_word' id='word_1_305' title='bbox 103 2833 106 2835; x_wconf 69' lang='grc'><strong><em>’</em></strong></span> <span class='ocrx_word' id='word_1_306' title='bbox 206 2830 404 2898; x_wconf 84' lang='grc' dir='ltr'><em>κτήτου</em></span> <span class='ocrx_word' id='word_1_307' title='bbox 433 2826 610 2892; x_wconf 80' lang='grc' dir='ltr'><em>τόξων</em></span> <span class='ocrx_word' id='word_1_308' title='bbox 637 2832 1130 2899; x_wconf 89' lang='grc' dir='ltr'><em>ἐπιγεγραμμένος,</em></span> <span class='ocrx_word' id='word_1_309' title='bbox 1160 2832 1268 2900; x_wconf 73' lang='grc' dir='ltr'><em>,τὴν</em></span> <span class='ocrx_word' id='word_1_310' title='bbox 1295 2835 1397 2879; x_wconf 83' lang='grc' dir='ltr'><em>τοῦ</em></span> <span class='ocrx_word' id='word_1_311' title='bbox 1423 2826 1768 2896; x_wconf 85' lang='grc' dir='ltr'><em>Φιλοκτήτου</em></span> <span class='ocrx_word' id='word_1_312' title='bbox 1801 2824 2040 2876; x_wconf 89' lang='grc' dir='ltr'><em>πλάττει</em></span> <span class='ocrx_word' id='word_1_313' title='bbox 2077 2823 2285 2887; x_wconf 83' lang='grc' dir='ltr'><em>ἐξαπά-</em></span> 
     </span>
    </p>
   </div>
   <div class='ocr_carea' id='block_1_7' title="bbox 206 2904 2291 3488">
    <p class='ocr_par' dir='ltr' id='par_1_7' title="bbox 206 2904 2291 3488">
     <span class='ocr_line' id='line_1_32' title="bbox 206 2904 2287 2984; baseline -0.003 -20"><span class='ocrx_word' id='word_1_314' title='bbox 206 2932 320 2982; x_wconf 90' lang='grc' dir='ltr'><em>την,</em></span> <span class='ocrx_word' id='word_1_315' title='bbox 360 2914 425 2982; x_wconf 83' lang='grc' dir='ltr'><em>ἢν</em></span> <span class='ocrx_word' id='word_1_316' title='bbox 476 2913 932 2984; x_wconf 86' lang='grc' dir='ltr'><em>προβεβλημένος</em></span> <span class='ocrx_word' id='word_1_317' title='bbox 963 2909 1261 2974; x_wconf 81' lang='grc' dir='ltr'><em>Ὀδυσσεύς</em></span> <span class='ocrx_word' id='word_1_318' title='bbox 1310 2911 1495 2978; x_wconf 81' lang='grc' dir='ltr'><em>λαβὼν</em></span> <span class='ocrx_word' id='word_1_319' title='bbox 1545 2904 1716 2978; x_wconf 72' lang='grc' dir='ltr'><em>ᾤχετο</em></span> <span class='ocrx_word' id='word_1_320' title='bbox 1767 2910 1835 2959; x_wconf 81' lang='grc' dir='ltr'><em>τὰ</em></span> <span class='ocrx_word' id='word_1_321' title='bbox 1884 2907 2035 2971; x_wconf 83' lang='grc' dir='ltr'><em>τόξα.</em></span> <span class='ocrx_word' id='word_1_322' title='bbox 2110 2907 2188 2975; x_wconf 75' lang='grc' dir='ltr'><em>τῷ</em></span> <span class='ocrx_word' id='word_1_323' title='bbox 2229 2906 2287 2958; x_wconf 80' lang='grc' dir='ltr'><em>δὲ</em></span> 
     </span>
     <span class='ocr_line' id='line_1_33' title="bbox 209 2989 2291 3069; baseline -0.004 -20"><span class='ocrx_word' id='word_1_324' title='bbox 209 2997 261 3060; x_wconf 83' lang='grc' dir='ltr'><em>ς’</em></span> <span class='ocrx_word' id='word_1_325' title='bbox 301 3001 395 3049; x_wconf 80' lang='grc' dir='ltr'><em>καὶ</em></span> <span class='ocrx_word' id='word_1_326' title='bbox 434 2996 485 3048; x_wconf 90' lang='grc' dir='ltr'><em>λ’</em></span> <span class='ocrx_word' id='word_1_327' title='bbox 530 2997 670 3066; x_wconf 81' lang='grc' dir='ltr'><em>λόγῳ</em></span> <span class='ocrx_word' id='word_1_328' title='bbox 710 3003 742 3069; x_wconf 78' lang='grc' dir='ltr'>ἡ</span> <span class='ocrx_word' id='word_1_329' title='bbox 781 3001 882 3064; x_wconf 82' lang='grc' dir='ltr'><em>μὲν</em></span> <span class='ocrx_word' id='word_1_330' title='bbox 934 2999 1220 3067; x_wconf 85' lang='grc' dir='ltr'><em>ἐπιγραφὴ</em></span> <span class='ocrx_word' id='word_1_331' title='bbox 1275 2998 1407 3063; x_wconf 82' lang='grc' dir='ltr'><em>περὶ</em></span> <span class='ocrx_word' id='word_1_332' title='bbox 1437 2989 1674 3064; x_wconf 85' lang='grc' dir='ltr'><em>Ὁμήρου</em></span> <span class='ocrx_word' id='word_1_333' title='bbox 1727 2991 1898 3060; x_wconf 90' lang='grc' dir='ltr'><em>λέγει,</em></span> <span class='ocrx_word' id='word_1_334' title='bbox 1948 2994 2181 3052; x_wconf 83' lang='grc' dir='ltr'><em>ἔπαινος</em></span> <span class='ocrx_word' id='word_1_335' title='bbox 2230 2989 2291 3042; x_wconf 91' lang='grc' dir='ltr'><em>δέ</em></span> 
     </span>
     <span class='ocr_line' id='line_1_34' title="bbox 207 3077 2288 3152; baseline -0.004 -20"><span class='ocrx_word' id='word_1_336' title='bbox 207 3100 293 3142; x_wconf 88' lang='grc' dir='ltr'><em>τις</em></span> <span class='ocrx_word' id='word_1_337' title='bbox 331 3089 433 3132; x_wconf 80' lang='grc' dir='ltr'><em>τοῦ</em></span> <span class='ocrx_word' id='word_1_338' title='bbox 468 3089 713 3151; x_wconf 85' lang='grc' dir='ltr'><em>ποιητοῦ</em></span> <span class='ocrx_word' id='word_1_339' title='bbox 750 3081 1123 3152; x_wconf 90' lang='grc' dir='ltr'><em>διυφαίνεται,</em></span> <span class='ocrx_word' id='word_1_340' title='bbox 1166 3082 1356 3148; x_wconf 83' lang='grc' dir='ltr'><em>ὥσπερ</em></span> <span class='ocrx_word' id='word_1_341' title='bbox 1395 3081 1488 3129; x_wconf 82' lang='grc' dir='ltr'><em>καὶ</em></span> <span class='ocrx_word' id='word_1_342' title='bbox 1524 3077 1602 3145; x_wconf 74' lang='grc' dir='ltr'><em>τῷ</em></span> <span class='ocrx_word' id='word_1_343' title='bbox 1643 3079 1775 3146; x_wconf 79' lang='grc' dir='ltr'><em>περὶ</em></span> <span class='ocrx_word' id='word_1_344' title='bbox 1799 3078 2128 3143; x_wconf 84' lang='grc' dir='ltr'><em>Σωκράτους</em></span> <span class='ocrx_word' id='word_1_345' title='bbox 2165 3077 2288 3125; x_wconf 91' lang='grc' dir='ltr'><em>ἐπι-</em></span> 
     </span>
     <span class='ocr_line' id='line_1_35' title="bbox 206 3155 2287 3235; baseline -0.003 -19"><span class='ocrx_word' id='word_1_346' title='bbox 206 3170 538 3235; x_wconf 80' lang='grc' dir='ltr'><em>γραφομένῳ</em></span> <span class='ocrx_word' id='word_1_347' title='bbox 591 3172 694 3216; x_wconf 80' lang='grc' dir='ltr'><em>τοῢ</em></span> <span class='ocrx_word' id='word_1_348' title='bbox 742 3163 1081 3235; x_wconf 88' lang='grc' dir='ltr'><em>φιλοσόφου.</em></span> <span class='ocrx_word' id='word_1_349' title='bbox 1167 3166 1197 3214; x_wconf 82' lang='lat'><em>0‘</em></span> <span class='ocrx_word' id='word_1_350' title='bbox 1247 3162 1305 3214; x_wconf 83' lang='grc' dir='ltr'><em>δὲ</em></span> <span class='ocrx_word' id='word_1_351' title='bbox 1355 3164 1487 3231; x_wconf 82' lang='grc' dir='ltr'><em>περὶ</em></span> <span class='ocrx_word' id='word_1_352' title='bbox 1529 3155 1766 3232; x_wconf 88' lang='grc' dir='ltr'><em>Ὁμήρου</em></span> <span class='ocrx_word' id='word_1_353' title='bbox 1814 3164 1908 3212; x_wconf 83' lang='grc' dir='ltr'><em>καὶ</em></span> <span class='ocrx_word' id='word_1_354' title='bbox 1943 3161 2287 3227; x_wconf 80' lang='grc' dir='ltr'><em>Σωκράτους,</em></span> 
     </span>
     <span class='ocr_line' id='line_1_36' title="bbox 210 3242 2286 3319; baseline -0.003 -19"><span class='ocrx_word' id='word_1_355' title='bbox 210 3246 299 3319; x_wconf 90' lang='grc' dir='ltr'><em>λη’</em></span> <span class='ocrx_word' id='word_1_356' title='bbox 342 3248 503 3317; x_wconf 89' lang='grc' dir='ltr'><em>λόγος</em></span> <span class='ocrx_word' id='word_1_357' title='bbox 532 3251 625 3312; x_wconf 83' lang='grc' dir='ltr'><em>ὤν,</em></span> <span class='ocrx_word' id='word_1_358' title='bbox 666 3246 911 3319; x_wconf 82' lang='grc' dir='ltr'><em>ζηλωτὴν</em></span> <span class='ocrx_word' id='word_1_359' title='bbox 931 3242 1168 3318; x_wconf 83' lang='grc' dir='ltr'><em>Ὁμήρου</em></span> <span class='ocrx_word' id='word_1_360' title='bbox 1195 3249 1493 3316; x_wconf 89' lang='grc' dir='ltr'><em>Σωκράτην</em></span> <span class='ocrx_word' id='word_1_361' title='bbox 1518 3248 1611 3297; x_wconf 77' lang='grc' dir='ltr'><em>καὶ</em></span> <span class='ocrx_word' id='word_1_362' title='bbox 1635 3247 1898 3316; x_wconf 84' lang='grc' dir='ltr'><em>μαθητὴν</em></span> <span class='ocrx_word' id='word_1_363' title='bbox 1925 3243 2286 3308; x_wconf 87' lang='grc' dir='ltr'><em>ἐπιδείκνυσι,</em></span> 
     </span>
     <span class='ocr_line' id='line_1_37' title="bbox 206 3330 2289 3403; baseline -0.003 -17"><span class='ocrx_word' id='word_1_364' title='bbox 206 3338 299 3386; x_wconf 84' lang='grc' dir='ltr'><em>καὶ</em></span> <span class='ocrx_word' id='word_1_365' title='bbox 335 3338 399 3385; x_wconf 89' lang='grc' dir='ltr'><em>τό</em></span> <span class='ocrx_word' id='word_1_366' title='bbox 437 3352 496 3385; x_wconf 92' lang='grc' dir='ltr'><em>τε</em></span> <span class='ocrx_word' id='word_1_367' title='bbox 536 3336 740 3385; x_wconf 86' lang='grc' dir='ltr'><em>οἰκεῖον</em></span> <span class='ocrx_word' id='word_1_368' title='bbox 778 3341 876 3403; x_wconf 89' lang='grc' dir='ltr'><em>τῆς</em></span> <span class='ocrx_word' id='word_1_369' title='bbox 915 3339 1025 3383; x_wconf 84' lang='grc' dir='ltr'><em>τῶν</em></span> <span class='ocrx_word' id='word_1_370' title='bbox 1075 3330 1544 3400; x_wconf 90' lang='grc' dir='ltr'><em>παραδειγμάτων</em></span> <span class='ocrx_word' id='word_1_371' title='bbox 1590 3331 2023 3399; x_wconf 88' lang='grc' dir='ltr'><em>μεταχειρίσεως</em></span> <span class='ocrx_word' id='word_1_372' title='bbox 2071 3331 2289 3380; x_wconf 88' lang='grc' dir='ltr'><em>ἐκεῖθεν</em></span> 
     </span>
     <span class='ocr_line' id='line_1_38' title="bbox 210 3412 2288 3488; baseline -0.002 -19"><span class='ocrx_word' id='word_1_373' title='bbox 210 3420 528 3484; x_wconf 86' lang='grc' dir='ltr'><em>άναμαθεῖν</em></span> <span class='ocrx_word' id='word_1_374' title='bbox 576 3420 672 3469; x_wconf 85' lang='grc' dir='ltr'><em>τὸν</em></span> <span class='ocrx_word' id='word_1_375' title='bbox 724 3416 1044 3488; x_wconf 90' lang='grc' dir='ltr'><em>φιλόσοφον</em></span> <span class='ocrx_word' id='word_1_376' title='bbox 1093 3415 1457 3478; x_wconf 88' lang='grc' dir='ltr'><em>ἐπιδεικνύει,</em></span> <span class='ocrx_word' id='word_1_377' title='bbox 1505 3416 1599 3466; x_wconf 83' lang='grc' dir='ltr'><em>καὶ</em></span> <span class='ocrx_word' id='word_1_378' title='bbox 1634 3417 1733 3486; x_wconf 84' lang='grc' dir='ltr'><em>τὴν</em></span> <span class='ocrx_word' id='word_1_379' title='bbox 1782 3412 1952 3483; x_wconf 82' lang='grc' dir='ltr'><em>ἄλλην</em></span> <span class='ocrx_word' id='word_1_380' title='bbox 1990 3421 2091 3464; x_wconf 84' lang='grc' dir='ltr'><em>τοῦ</em></span> <span class='ocrx_word' id='word_1_381' title='bbox 2128 3412 2288 3481; x_wconf 91' lang='grc' dir='ltr'><em>λόγου</em></span> 
     </span>
    </p>
   </div>
   <div class='ocr_carea' id='block_1_8' title="bbox 85 3490 2291 3574">
    <p class='ocr_par' dir='ltr' id='par_1_8' title="bbox 85 3490 2291 3574">
     <span class='ocr_line' id='line_1_39' title="bbox 85 3490 2291 3574; baseline -0.003 -19"><span class='ocrx_word' id='word_1_382' title='bbox 85 3521 120 3561; x_wconf 69' lang='grc'><em>(7</em></span> <span class='ocrx_word' id='word_1_383' title='bbox 135 3520 185 3562; x_wconf 79' lang='grc' dir='ltr'><em>Β)</em></span> <span class='ocrx_word' id='word_1_384' title='bbox 205 3507 369 3574; x_wconf 89' lang='grc' dir='ltr'><em>χάριν</em></span> <span class='ocrx_word' id='word_1_385' title='bbox 405 3506 499 3555; x_wconf 82' lang='grc' dir='ltr'><em>καὶ</em></span> <span class='ocrx_word' id='word_1_386' title='bbox 537 3502 768 3569; x_wconf 86' lang='grc' dir='ltr'><em>δύναμιν</em></span> <span class='ocrx_word' id='word_1_387' title='bbox 807 3499 1300 3568; x_wconf 78' lang='grc' dir='ltr'><em>ἐναπομάξασθαι.</em></span> <span class='ocrx_word' id='word_1_388' title='bbox 1371 3501 1402 3550; x_wconf 83' lang='grc' dir='ltr'>ὁ</span> <span class='ocrx_word' id='word_1_389' title='bbox 1440 3497 1498 3550; x_wconf 81' lang='grc' dir='ltr'><em>δὲ</em></span> <span class='ocrx_word' id='word_1_390' title='bbox 1540 3495 1663 3563; x_wconf 87' lang='grc' dir='ltr'><em>λθ’,</em></span> <span class='ocrx_word' id='word_1_391' title='bbox 1693 3490 2052 3566; x_wconf 79' lang='grc' dir='ltr'><em>Ἀγαμέμνων</em></span> <span class='ocrx_word' id='word_1_392' title='bbox 2087 3500 2118 3567; x_wconf 87' lang='grc' dir='ltr'><em>ἢ</em></span> <span class='ocrx_word' id='word_1_393' title='bbox 2160 3501 2291 3567; x_wconf 84' lang='grc' dir='ltr'><em>περὶ</em></span> 
     </span>
    </p>
   </div>
   <div class='ocr_carea' id='block_1_9' title="bbox 212 3580 2288 3658">
    <p class='ocr_par' dir='ltr' id='par_1_9' title="bbox 212 3580 2288 3658">
     <span class='ocr_line' id='line_1_40' title="bbox 212 3580 2288 3658; baseline -0.004 -18"><span class='ocrx_word' id='word_1_394' title='bbox 212 3587 491 3656; x_wconf 85' lang='grc' dir='ltr'><em>βασιλέως</em></span> <span class='ocrx_word' id='word_1_395' title='bbox 539 3590 1019 3658; x_wconf 89' lang='grc' dir='ltr'><em>ἐπιγραφόμενος,</em></span> <span class='ocrx_word' id='word_1_396' title='bbox 1071 3584 1335 3649; x_wconf 80' lang='grc' dir='ltr'><em>διέξεισιν</em></span> <span class='ocrx_word' id='word_1_397' title='bbox 1375 3586 1451 3645; x_wconf 88' lang='grc' dir='ltr'><em>ὡς</em></span> <span class='ocrx_word' id='word_1_398' title='bbox 1502 3582 1596 3635; x_wconf 91' lang='grc' dir='ltr'><em>δεῖ</em></span> <span class='ocrx_word' id='word_1_399' title='bbox 1640 3580 1965 3650; x_wconf 88' lang='grc' dir='ltr'><em>συμβούλων</em></span> <span class='ocrx_word' id='word_1_400' title='bbox 2014 3587 2134 3644; x_wconf 93' lang='grc' dir='ltr'><em>τοῖς</em></span> <span class='ocrx_word' id='word_1_401' title='bbox 2171 3584 2288 3650; x_wconf 86' lang='grc' dir='ltr'><em>ἀρί-</em></span> 
     </span>
    </p>
   </div>
   <div class='ocr_carea' id='block_1_10' title="bbox 215 3667 2288 3789">
    <p class='ocr_par' dir='ltr' id='par_1_10' title="bbox 215 3667 2288 3789">
     <span class='ocr_line' id='line_1_41' title="bbox 215 3667 2288 3740; baseline -0.005 -16"><span class='ocrx_word' id='word_1_402' title='bbox 215 3688 371 3734; x_wconf 88' lang='grc' dir='ltr'><em>στοις</em></span> <span class='ocrx_word' id='word_1_403' title='bbox 409 3676 504 3724; x_wconf 85' lang='grc' dir='ltr'><em>τὸν</em></span> <span class='ocrx_word' id='word_1_404' title='bbox 542 3670 779 3740; x_wconf 89' lang='grc' dir='ltr'><em>βασιλέα</em></span> <span class='ocrx_word' id='word_1_405' title='bbox 818 3674 1147 3740; x_wconf 90' lang='grc' dir='ltr'><em>κεχρημένον</em></span> <span class='ocrx_word' id='word_1_406' title='bbox 1185 3670 1418 3729; x_wconf 86' lang='grc' dir='ltr'><em>ἐκείνοις</em></span> <span class='ocrx_word' id='word_1_407' title='bbox 1455 3685 1514 3718; x_wconf 91' lang='grc' dir='ltr'><em>τε</em></span> <span class='ocrx_word' id='word_1_408' title='bbox 1553 3667 1878 3718; x_wconf 89' lang='grc' dir='ltr'><em>πείθεσθαι</em></span> <span class='ocrx_word' id='word_1_409' title='bbox 1912 3667 2006 3716; x_wconf 82' lang='grc' dir='ltr'><em>καὶ</em></span> <span class='ocrx_word' id='word_1_410' title='bbox 2040 3667 2113 3734; x_wconf 78' lang='grc' dir='ltr'><em>μὴ</em></span> <span class='ocrx_word' id='word_1_411' title='bbox 2152 3667 2288 3715; x_wconf 75' lang='grc' dir='ltr'><em>κατὰ</em></span> 
     </span>
     <span class='ocr_line' id='line_1_42' title="bbox 1866 3747 1955 3789; baseline 0 0"><span class='ocrx_word' id='word_1_412' title='bbox 1866 3747 1955 3789; x_wconf 86' lang='lat'><em>21*</em></span> 
     </span>
    </p>
   </div>
   <div class='ocr_carea' id='block_1_11' title="bbox 2331 733 2356 774">
    <p class='ocr_par' dir='ltr' id='par_1_11' title="bbox 2331 733 2356 774">
     <span class='ocr_line' id='line_1_43' title="bbox 2331 733 2356 774; baseline 0 0"><span class='ocrx_word' id='word_1_413' title='bbox 2331 733 2356 774; x_wconf 82' lang='lat'>5</span> 
     </span>
    </p>
   </div>
   <div class='ocr_carea' id='block_1_12' title="bbox 2333 1150 2378 1192">
    <p class='ocr_par' dir='ltr' id='par_1_12' title="bbox 2333 1150 2378 1192">
     <span class='ocr_line' id='line_1_44' title="bbox 2333 1150 2378 1192; baseline 0.022 -1"><span class='ocrx_word' id='word_1_414' title='bbox 2333 1150 2378 1192; x_wconf 82' lang='lat'><em>10</em></span> 
     </span>
    </p>
   </div>
   <div class='ocr_carea' id='block_1_13' title="bbox 2332 1572 2378 1613">
    <p class='ocr_par' dir='ltr' id='par_1_13' title="bbox 2332 1572 2378 1613">
     <span class='ocr_line' id='line_1_45' title="bbox 2332 1572 2378 1613; baseline 0 0"><span class='ocrx_word' id='word_1_415' title='bbox 2332 1572 2378 1613; x_wconf 84' lang='lat'><em>15</em></span> 
     </span>
    </p>
   </div>
   <div class='ocr_carea' id='block_1_14' title="bbox 2328 1995 2375 2035">
    <p class='ocr_par' dir='ltr' id='par_1_14' title="bbox 2328 1995 2375 2035">
     <span class='ocr_line' id='line_1_46' title="bbox 2328 1995 2375 2035; baseline 0 0"><span class='ocrx_word' id='word_1_416' title='bbox 2328 1995 2375 2035; x_wconf 85' lang='lat'><em>20</em></span> 
     </span>
    </p>
   </div>
   <div class='ocr_carea' id='block_1_15' title="bbox 2331 2416 2379 2457">
    <p class='ocr_par' dir='ltr' id='par_1_15' title="bbox 2331 2416 2379 2457">
     <span class='ocr_line' id='line_1_47' title="bbox 2331 2416 2379 2457; baseline -0.021 0"><span class='ocrx_word' id='word_1_417' title='bbox 2331 2416 2379 2457; x_wconf 86' lang='lat'><em>25</em></span> 
     </span>
    </p>
   </div>
   <div class='ocr_carea' id='block_1_16' title="bbox 2323 2835 2372 2876">
    <p class='ocr_par' dir='ltr' id='par_1_16' title="bbox 2323 2835 2372 2876">
     <span class='ocr_line' id='line_1_48' title="bbox 2323 2835 2372 2876; baseline 0.02 -1"><span class='ocrx_word' id='word_1_418' title='bbox 2323 2835 2372 2876; x_wconf 87' lang='lat'><em>30</em></span> 
     </span>
    </p>
   </div>
   <div class='ocr_carea' id='block_1_17' title="bbox 2326 3254 2372 3294">
    <p class='ocr_par' dir='ltr' id='par_1_17' title="bbox 2326 3254 2372 3294">
     <span class='ocr_line' id='line_1_49' title="bbox 2326 3254 2372 3294; baseline 0 0"><span class='ocrx_word' id='word_1_419' title='bbox 2326 3254 2372 3294; x_wconf 85' lang='lat'><em>35</em></span> 
     </span>
    </p>
   </div>
   <div class='ocr_carea' id='block_1_18' title="bbox 2327 3673 2375 3712">
    <p class='ocr_par' dir='ltr' id='par_1_18' title="bbox 2327 3673 2375 3712">
     <span class='ocr_line' id='line_1_50' title="bbox 2327 3673 2375 3712; baseline 0 0"><span class='ocrx_word' id='word_1_420' title='bbox 2327 3673 2375 3712; x_wconf 79' lang='lat'><em>40</em></span> 
     </span>
    </p>
   </div>
  </div>
 </body>
</html>
