2684 4140
1091 284 1320 331 ORATIO
1349 284 1449 330 XV.
2204 281 2305 331 237

17 446 71 482 151
92 445 127 480 R
150 445 203 487 Π)
225 435 355 485 ἐπεὶ
389 434 483 484 καὶ
518 438 628 483 τῶν
657 438 750 483 νῦν
777 425 922 499 [τῶν]
961 427 1169 480 ἐνθάδε
1209 427 1583 480 δουλευόντων
1612 430 1708 499 οὐκ
1734 429 2138 496 ἀπογιγνώσκω
2167 425 2305 478 πολ*
2331 426 2394 478 16

0 504 1 528 ἦ
226 517 358 580 λοὺς
395 517 542 569 εἶναι
579 513 927 584 ἐλευθέρους.
993 507 1054 564 ού
1094 514 1196 582 γὰρ
1236 515 1333 564 ἐὰν
1370 515 1471 579 μὲν
1503 506 1826 582 Ἀθηναίων
1852 530 1939 574 τις
1976 511 2144 574 άλούς
2169 513 2309 563 κατὰ

228 600 478 668 πόλεμον
517 602 598 662 εἰς
635 602 864 668 Πέρσας
902 599 1141 668 ἀπαχθῇ
1177 599 1209 668 ἢ
1247 600 1342 649 καὶ
1378 600 1440 668 νὴ
1480 599 1595 649 Δία
1633 598 1730 648 ἐὰν
1769 599 1850 659 εἰς
1891 593 2114 667 Θρᾴκην
2150 599 2182 667 ἢ
2218 599 2312 648 Σι-

222 685 411 738 κελίαν
435 685 635 750 ἀχθεὶς
661 681 1069 753 ἀπεμποληθῇ,
1099 684 1351 753 φήσομεν
1378 680 1678 751 ἐλεύθερον
1706 684 1837 733 ὄντα
1867 680 2148 733 δουλεύειν
2165 693 2176 705 ·
2215 682 2313 733 ἑὰν

168 778 192 819 5
231 770 290 823 δὲ
315 770 554 838 Θρᾳκῶν
579 786 668 829 τις
691 769 723 838 ἢ
751 769 990 835 Περσῶν
1025 769 1098 838 μὴ
1126 770 1297 833 μόνον
1323 765 1385 830 ἐξ
1408 765 1723 836 ἐλευθέρων
1748 767 1987 834 γεγονὼς
2012 767 2133 817 ἐκεῖ
2152 764 2312 835 δεῦρο

226 855 406 924 ἀχθῇ,
456 850 596 903 ἀλλὰ
633 854 727 903 καὶ
766 850 1039 903 δυνάστου
1077 854 1230 913 τινὸς
1267 853 1299 922 ἢ
1339 849 1620 919 βασιλέως
1658 852 1797 915 υἱός,
1838 853 1934 917 οὐχ
1973 849 2314 921 ὁμολογήσο-

221 957 322 1006 μεν
359 935 660 1007 ἐλεύθερον
688 936 847 988 εἶναι.
914 938 1009 987 οὐκ
1049 935 1226 987 οἶσθα
1264 939 1360 987 τὸν
1393 930 1719 1006 Ἀθήνησιν,
1759 937 1885 1006 ἔφη,
1924 938 2111 1002 νόμον,
2152 935 2308 1004 παρὰ
2334 938 2398 988 17

224 1021 462 1084 πολλοῖς
511 1021 570 1074 δὲ
616 1024 710 1073 καὶ
758 1019 980 1085 ἄλλοις,
1031 1024 1119 1072 ὅτι
1166 1024 1264 1072 τὸν
1311 1023 1480 1091 φύσει
1531 1019 1733 1072 δοῦλον
1781 1023 2076 1088 γενόμενον
2117 1021 2213 1070 οὐκ
2250 1018 2316 1087 ἐᾷ

225 1111 475 1173 μετέχειν
512 1114 610 1177 τῆς
649 1105 944 1168 πολιτείας
957 1125 978 1169 ,·
1014 1108 1110 1157 τὸν
1150 1104 1210 1157 δὲ
1248 1104 1500 1156 Καλλίου
1538 1107 1678 1168 υἱόν,
1717 1105 1878 1175 εἴπερ
1920 1108 2094 1167 ὅντως
2121 1105 2316 1174 ἐσώθη

147 1197 195 1240 10
230 1195 358 1243 τότε
397 1190 582 1255 ἁλούς,
621 1193 963 1262 ἀφικόμενον
1000 1192 1060 1241 ἐκ
1099 1185 1351 1260 Θρᾴκης,
1402 1191 1571 1254 συχνοὶ
1621 1191 1716 1259 ἔτη
1765 1193 2029 1256 γεγονότα
2079 1192 2201 1240 ἐκεῖ
2227 1190 2322 1240 καὶ

0 1324 2 1332 .
230 1274 506 1338 πολλάκις
541 1279 1039 1343 μεμαστιγωμένον
1079 1272 1261 1335 οὐδεὶς
1305 1275 1372 1325 ἂν
1413 1272 1568 1343 ἠξίου
1607 1281 1706 1344 τῆς
1743 1272 2039 1334 πολιτείας
2076 1271 2321 1324 ἀπελαύ-

0 1354 1 1357 “
53 1370 132 1412 (240
152 1370 204 1412 Μ)
229 1373 368 1412 νειν·
397 1363 541 1412 ὥστε
562 1362 743 1411 ἐνίοτε
766 1361 911 1410 καὶὸ
929 1361 1101 1425 νόμος
1123 1358 1189 1408 οὔ
1215 1371 1358 1428 φησι
1386 1356 1619 1419 δούλους
1644 1362 1929 1426 γεγονέναι
1953 1360 2085 1418 τοὺς
2111 1355 2320 1418 ἀδίκως

0 1433 1 1452 ἱ
231 1444 654 1506 δουλεύσαντας.
728 1445 786 1495 τί
825 1441 883 1494 δὲ
921 1445 1015 1494 καὶ
1051 1445 1327 1494 ποιοῦντά
1365 1460 1434 1509 με
1472 1444 1785 1494 ἐπίστασαι
1815 1445 1960 1513 πρὸς
1997 1444 2152 1493 θεῶν
2189 1443 2220 1512 ἢ
2261 1442 2320 1491 τί
2342 1442 2407 1494 18

232 1533 540 1596 πάσχοντα,
579 1532 667 1580 ὅτι
702 1546 772 1594 με
813 1524 926 1598 φῂς
950 1529 1312 1579 ἐπίστασθαι
1350 1525 1719 1591 δουλεύοντα;
1761 1520 2120 1599 Τρεφόμενον
2153 1529 2323 1594 ἔγωγε

154 1621 200 1662 15
234 1617 347 1667 ὑπὸ
386 1621 490 1666 τοῦ
525 1612 807 1665 δεσπότου
831 1615 926 1664 καὶ
951 1611 1374 1664 ἀκολουθοῦντα
1401 1614 1590 1680 ἐκείνῳ
1617 1616 1711 1665 καὶ
1738 1620 2012 1664 ποιοῦντα
2052 1615 2158 1676 ὅ,τι
2183 1605 2319 1663 ποτ’

229 1702 440 1762 ἐκεῖνος
476 1701 854 1769 προστάττοι·
895 1700 946 1749 εἰ
986 1697 1045 1749 δὲ
1083 1700 1177 1768 μή,
1217 1701 1543 1764 παιόμενον.
1626 1697 1820 1759 Οὕτως
1861 1702 1992 1764 μέν,
2043 1699 2183 1768 ἔφη,
2232 1699 2327 1748 καὶ

230 1787 362 1846 τοὺς
409 1786 567 1846 υἱοὺς
621 1785 970 1854 ἀποφαίνεις
1021 1780 1254 1844 δούλους
1301 1789 1413 1834 τῶν
1461 1787 1739 1852 πατέρων.
1811 1785 1905 1834 καὶ
1951 1784 2055 1852 γάρ
2095 1780 2324 1833 ἀκολου-

231 1871 411 1920 θοῦσι
448 1866 686 1929 πολλοῖς
722 1873 833 1918 τῶν
871 1869 1127 1938 πενήτων
1163 1869 1259 1918 καὶ
1296 1868 1379 1928 εἰς
1414 1869 1721 1934 γυμνάσιον
1769 1863 2064 1934 βαδίζουσι
2099 1868 2193 1918 καὶ
2227 1868 2327 1917 ἐπὶ

21 1960 218 2003 (452R11)
241 1952 497 2017 δεῖπνον,
544 1955 638 2004 καὶ
686 1956 994 2022 τρέφονται
1039 1954 1248 2013 πάντες
1297 1954 1410 2002 ὑπὸ
1459 1958 1569 2003 τῶν
1617 1956 1879 2022 πατέρων
1925 1954 2019 2003 καὶ
2057 1954 2328 2004 παίονται

155 2043 203 2084 20
239 2037 513 2100 πολλάκις
550 2033 655 2089 ὑπ’
698 2039 904 2101 αὐτῶν,
943 2039 1037 2088 καὶ
1073 2038 1382 2088 πείθονται
1409 2040 1515 2100 ό,τι
1547 2039 1614 2088 ἂν
1653 2039 1856 2088 ἐκεῖνοι
1895 2039 2327 2106 προστάττωσιν

238 2125 445 2184 αὐτοῖς.
518 2124 706 2174 καίτοι
754 2126 910 2174 ἕνεκα
957 2128 1061 2172 τοῦ
1104 2122 1431 2172 πείθεσθαι
1477 2123 1571 2172 καὶ
1619 2119 1839 2191 πληγὰς
1890 2119 2191 2188 λαμβάνειν
2233 2122 2326 2171 καὶ
2349 2123 2412 2173 19

235 2215 347 2259 τῶν
383 2213 821 2276 γραμματιστῶν
855 2208 1075 2268 οἰκέτας
1115 2208 1317 2276 φήσεις
1355 2208 1486 2267 τοὺς
1525 2198 1667 2275 παρ’
1713 2208 1905 2268 αὐτοῖς
1930 2207 2329 2272 μανθάνοντας

234 2296 329 2345 καὶ
377 2295 507 2355 τούς
555 2290 934 2363 παιδοτρίβας
983 2290 1267 2352 δεσπότας
1306 2290 1452 2342 εἶναι
1488 2296 1599 2342 τῶν
1636 2292 1914 2361 μαθητῶν
1951 2292 1982 2360 ἢ
2023 2293 2154 2352 τοὺς
2193 2288 2329 2340 ἀλλο

238 2397 295 2430 τι
345 2377 738 2440 διδάσκοντας·
786 2380 880 2429 καὶ
926 2378 1030 2446 γάρ
1081 2379 1536 2447 προστάττουσιν
1576 2377 1768 2436 αὐτοῖς
1809 2378 1903 2427 καὶ
1940 2378 2217 2426 τύπτουσι
2254 2377 2327 2444 μὴ

160 2467 207 2508 25
245 2465 643 2529 πειθομένους.
718 2465 805 2533 Νὴ
844 2455 965 2526 Δί’,
1006 2463 1145 2532 ἔφη·
1185 2455 1312 2512 ἀλλ’
1359 2463 1454 2512 οὐκ
1479 2463 1602 2512 ἔστι
1627 2465 1749 2522 τοῖς
1774 2459 2177 2530 παιδοτρίβαις
2205 2457 2330 2510 οὐδὲ

241 2552 363 2610 τοῖς
390 2546 585 2610 ἄλλοις
626 2544 989 2608 διδασκάλοις
1028 2545 1198 2617 δῆσαι
1234 2549 1366 2609 τοὺς
1390 2547 1659 2616 μαθητάς
1687 2544 1813 2597 οὐδὲ
1840 2544 2178 2596 ἀποδόσθαι
2205 2542 2335 2595 οὐδέ

240 2650 299 2701 γε
339 2635 421 2695 εἰς
450 2630 676 2700 μυλῶνα
715 2629 1005 2699 ἐμβαλεῖν·
1047 2635 1169 2692 τοῖς
1208 2629 1271 2682 δέ
1304 2648 1365 2700 γε
1393 2630 1702 2693 δεσπόταις
1729 2633 1952 2682 ἅπαντα
1979 2636 2153 2681 ταῦτα
2180 2632 2333 2699 ἐφει-

240 2722 379 2784 μένα
418 2719 586 2768 ἐστίν.
652 2709 816 2777 Ἴσως
862 2717 965 2786 γάρ
1018 2717 1112 2767 οὐκ
1162 2715 1342 2767 οἶσθα
1381 2719 1468 2768 ὅτι
1507 2717 1663 2785 παρὰ
1703 2713 1940 2776 πολλοῖς
1976 2716 2070 2765 καὶ
2109 2711 2330 2784 σφόδρα
2352 2713 2419 2763 20

244 2803 675 2868 εὐνομουμένοις
707 2806 881 2850 ταῦτα
910 2802 945 2850 οἳ
974 2798 1150 2868 λέγεις
1175 2798 1360 2863 ἔξεστι
1386 2805 1507 2862 τοῖς
1534 2803 1788 2869 πατράσι
1825 2801 1958 2868 περὶ
1993 2800 2125 2858 τούς
2159 2799 2332 2859 υἱέας,

162 2892 210 2933 ³0
245 2888 340 2938 καὶ
378 2884 441 2957 δὴ
470 2888 581 2950 καί,
616 2886 718 2936 ,ἐὰν
744 2883 1075 2952 βούλωνται,
1112 2888 1206 2937 καὶ
1235 2883 1648 2947 ἀποδίδοσθαι,
1686 2886 1779 2935 καὶ
1803 2886 1866 2934 τὸ
1894 2884 1979 2933 ἔτι
2004 2884 2216 2931 τούτων
2235 2898 2334 2945 χα-

248 2968 591 3040 λεπώτερον·
642 2972 869 3040 ἐφεῖται
913 2971 1017 3039 γάρ
1073 2971 1264 3029 αὐτοῖς
1315 2970 1647 3018 ἀποκτεῖναι
1694 2969 1831 3036 μήτε
1867 2967 2160 3035 κρίναντας
2196 2966 2335 3033 μήτε

393 3181 412 3220 1
447 3179 546 3222 τῶν
575 3178 660 3222 νῦν
687 3179 787 3222 τῶν
813 3176 932 3230 libri,
962 3179 1060 3222 τῶν
1079 3176 1270 3220 alterum
1301 3174 1408 3219 secl.
1431 3174 1644 3219 Reiskius
1732 3169 2052 3232 ἀπογινώσκω
2072 3173 2190 3228 libri,
2221 3184 2336 3217 corr.

247 3249 380 3303 Emp.
527 3249 551 3290 3
581 3241 611 3302 ἢ
640 3259 727 3291 om.
759 3246 808 3289 M
836 3260 894 3290 m.
924 3259 994 3303 pr.
1138 3251 1164 3290 4
1194 3241 1508 3302 άπενποληθῇ
1537 3244 1587 3289 Μ
1744 3247 1769 3288 8
1803 3235 1877 3290 ὅτι
1907 3245 2019 3302 φησὶ
2049 3238 2138 3289 τὸν
2167 3244 2338 3288 δοῦλον

247 3318 394 3374 UBM,
424 3329 541 3362 corr.
573 3315 681 3361 editi
855 3319 904 3359 10
937 3312 1051 3362 τότε
1081 3315 1228 3372 Emp.,
1257 3314 1377 3361 ποτὲ
1405 3314 1510 3357 libri
1681 3307 1974 3371 ἀφικόμενος
2001 3315 2041 3359 Β
2202 3328 2338 3371 γεγο-

251 3393 380 3435 νιῦτα
410 3389 459 3431 Μ
578 3391 625 3430 11
657 3385 1094 3445 μεμαστηγωμένον
1123 3385 1172 3429 Μ
1257 3380 1543 3432 ἀπελαύνειν
1571 3381 1750 3430 ἐνίοτε·
1782 3376 1907 3430 ὥστε
1936 3386 2016 3430 καὶ
2045 3384 2163 3436 libri,
2193 3390 2338 3427 trans-

250 3459 458 3516 ponendo
481 3457 731 3502 emendavit
747 3457 851 3501 Wil.
876 3451 1178 3503 ἀπελαύνειν.
1193 3451 1344 3502 ὁπότε
1363 3458 1444 3501 καὶ
1459 3454 1593 3499 Dind.
1609 3449 1912 3502 ἀπελαύνειν.
1948 3451 2148 3508 εἰκότως
2167 3470 2244 3513 γε.
2259 3455 2340 3498 καὶ

250 3526 403 3591 (γὰρ)
431 3530 562 3586 Emp.
596 3522 1044 3586 ἀπελαύνειν.πλὴν
1074 3519 1150 3573 ὅτι
1178 3543 1233 3583 γε
1261 3529 1341 3573 καὶ
1378 3527 1496 3570 idem
1532 3526 1597 3580 (in
1630 3526 1832 3580 schedis)
1871 3525 1948 3571 alii
1976 3525 2066 3570 alla
2211 3527 2262 3567 13
2293 3527 2341 3570 τί

251 3604 325 3648 δαὶ
356 3601 436 3647 UB
550 3598 779 3646 ἐπίστασε
810 3599 859 3643 Μ
977 3601 1028 3643 16
1059 3590 1212 3652 οὕτως
1240 3598 1281 3642 U
1311 3588 1438 3643 οὕτω
1460 3596 1549 3641 ΒΜ
1666 3599 1715 3640 19
1749 3593 2004 3654 στέφονται
2024 3594 2065 3640 U
2181 3597 2235 3639 20
2265 3591 2338 3639 πί-

247 3677 421 3719 θονται
450 3671 500 3715 Μ
618 3673 667 3714 21
702 3671 935 3717 πίθεσθαι
956 3670 1005 3713 Μ
1122 3672 1174 3713 27
1205 3665 1396 3726 μύλωνα
1427 3667 1542 3721 libri,
1573 3679 1690 3711 corr.
1720 3666 1854 3711 Dind.
1969 3663 2178 3724 ἐφημένα
2207 3665 2258 3710 Μ

14 3728 18 3839 ἰ
251 3747 306 3787 29
334 3738 445 3796 ὕέας
472 3742 523 3787 Μ
640 3744 693 3785 30
724 3738 782 3788 τὸ
818 3738 885 3788 ἔτι
914 3741 1020 3786 Wil.
