<?xml version="1.0" encoding="UTF-8"?>
<!DOCTYPE html PUBLIC "-//W3C//DTD XHTML 1.0 Transitional//EN"
    "http://www.w3.org/TR/xhtml1/DTD/xhtml1-transitional.dtd">
<html xmlns="http://www.w3.org/1999/xhtml" xml:lang="en" lang="en">
 <head>
  <title>
</title>
<meta http-equiv="Content-Type" content="text/html;charset=utf-8" />
  <meta name='ocr-system' content='tesseract 3.04.00' />
  <meta name='ocr-capabilities' content='ocr_page ocr_carea ocr_par ocr_line ocrx_word'/>
</head>
<body>
  <div class='ocr_page' id='page_1' title='image "./dionisprusaensis02diocuoft_0286.png"; bbox 0 0 2684 4140; ppageno 0'>
   <div class='ocr_carea' id='block_1_1' title="bbox 382 291 1850 350">
    <p class='ocr_par' dir='ltr' id='par_1_1' title="bbox 382 291 1850 350">
     <span class='ocr_line' id='line_1_1' title="bbox 382 291 1850 350; baseline -0.009 0"><span class='ocrx_word' id='word_1_1' title='bbox 382 301 484 350; x_wconf 85' lang='lat'><strong><em>268</em></strong></span> <span class='ocrx_word' id='word_1_2' title='bbox 997 293 1146 340; x_wconf 86' lang='lat' dir='ltr'>DION</span> <span class='ocrx_word' id='word_1_3' title='bbox 1148 293 1204 339; x_wconf 87' lang='lat' dir='ltr'><strong><em>IS</em></strong></span> <span class='ocrx_word' id='word_1_4' title='bbox 1231 292 1317 337; x_wconf 84' lang='lat' dir='ltr'><strong><em>DE</em></strong></span> <span class='ocrx_word' id='word_1_5' title='bbox 1347 291 1850 339; x_wconf 81' lang='lat' dir='ltr'>PULCHRITUDINE</span> 
     </span>
    </p>
   </div>
   <div class='ocr_carea' id='block_1_2' title="bbox 286 435 2667 3078">
    <p class='ocr_par' dir='ltr' id='par_1_2' title="bbox 374 435 2477 682">
     <span class='ocr_line' id='line_1_2' title="bbox 375 435 2476 508; baseline -0.003 -14"><span class='ocrx_word' id='word_1_6' title='bbox 375 447 464 495; x_wconf 84' lang='grc' dir='ltr'><strong><em>ὅτι</em></strong></span> <span class='ocrx_word' id='word_1_7' title='bbox 502 443 565 492; x_wconf 83' lang='grc' dir='ltr'><strong><em>οὐ</em></strong></span> <span class='ocrx_word' id='word_1_8' title='bbox 602 443 774 507; x_wconf 90' lang='grc' dir='ltr'><strong><em>μόνον</em></strong></span> <span class='ocrx_word' id='word_1_9' title='bbox 812 437 1034 504; x_wconf 79' lang='grc' dir='ltr'><strong><em>ἐξέτεμε</em></strong></span> <span class='ocrx_word' id='word_1_10' title='bbox 1061 439 1158 488; x_wconf 86' lang='grc' dir='ltr'><strong><em>τὸν</em></strong></span> <span class='ocrx_word' id='word_1_11' title='bbox 1185 438 1482 506; x_wconf 85' lang='grc' dir='ltr'><strong><em>ἐρώμενον,</em></strong></span> <span class='ocrx_word' id='word_1_12' title='bbox 1521 435 1662 489; x_wconf 81' lang='grc' dir='ltr'><strong><em>ἀλλὰ</em></strong></span> <span class='ocrx_word' id='word_1_13' title='bbox 1688 439 1783 490; x_wconf 83' lang='grc' dir='ltr'><strong><em>καὶ</em></strong></span> <span class='ocrx_word' id='word_1_14' title='bbox 1807 441 1870 490; x_wconf 88' lang='grc' dir='ltr'><strong><em>τὸ</em></strong></span> <span class='ocrx_word' id='word_1_15' title='bbox 1900 441 2075 507; x_wconf 79' lang='grc' dir='ltr'><strong><em>ὄνομα</em></strong></span> <span class='ocrx_word' id='word_1_16' title='bbox 2103 441 2277 492; x_wconf 81' lang='grc' dir='ltr'><strong><em>αὐτοῦ</em></strong></span> <span class='ocrx_word' id='word_1_17' title='bbox 2297 458 2476 508; x_wconf 45' lang='grc' dir='ltr'><strong><em>μετωη</em></strong></span> 
     </span>
     <span class='ocr_line' id='line_1_3' title="bbox 374 524 2477 596; baseline 0 -19"><span class='ocrx_word' id='word_1_18' title='bbox 374 529 584 592; x_wconf 92' lang='grc' dir='ltr'><strong><em>νόμασε</em></strong></span> <span class='ocrx_word' id='word_1_19' title='bbox 621 527 960 592; x_wconf 85' lang='grc' dir='ltr'><strong><em>γυναικεῖον,</em></strong></span> <span class='ocrx_word' id='word_1_20' title='bbox 1011 530 1110 594; x_wconf 85' lang='grc' dir='ltr'><strong><em>τῆς</em></strong></span> <span class='ocrx_word' id='word_1_21' title='bbox 1161 524 1334 573; x_wconf 80' lang='grc' dir='ltr'><strong><em>αὑτοῦ</em></strong></span> <span class='ocrx_word' id='word_1_22' title='bbox 1380 525 1663 594; x_wconf 79' lang='grc' dir='ltr'><strong><em>ἐρωμένης</em></strong></span> <span class='ocrx_word' id='word_1_23' title='bbox 1699 526 1794 576; x_wconf 85' lang='grc' dir='ltr'><strong><em>καὶ</em></strong></span> <span class='ocrx_word' id='word_1_24' title='bbox 1828 527 2115 592; x_wconf 88' lang='grc' dir='ltr'><strong><em>γυναικός,</em></strong></span> <span class='ocrx_word' id='word_1_25' title='bbox 2163 526 2230 596; x_wconf 82' lang='grc' dir='ltr'><strong><em>ῆς</em></strong></span> <span class='ocrx_word' id='word_1_26' title='bbox 2266 528 2477 588; x_wconf 84' lang='grc' dir='ltr'><strong><em>ἐκεῖνος</em></strong></span> 
     </span>
     <span class='ocr_line' id='line_1_4' title="bbox 375 603 2474 682; baseline 0 -21"><span class='ocrx_word' id='word_1_27' title='bbox 375 610 744 679; x_wconf 81' lang='grc' dir='ltr'><strong><em>ἐπιθυμήσας</em></strong></span> <span class='ocrx_word' id='word_1_28' title='bbox 782 609 1009 676; x_wconf 79' lang='grc' dir='ltr'><em>ἔγημεν,</em></span> <span class='ocrx_word' id='word_1_29' title='bbox 1063 605 1391 678; x_wconf 83' lang='grc' dir='ltr'><strong><em>ἀναφανδὸν</em></strong></span> <span class='ocrx_word' id='word_1_30' title='bbox 1429 605 1619 678; x_wconf 85' lang='grc' dir='ltr'><strong><em>εἴρξας</em></strong></span> <span class='ocrx_word' id='word_1_31' title='bbox 1668 611 1768 680; x_wconf 83' lang='grc' dir='ltr'><strong><em>τὴν</em></strong></span> <span class='ocrx_word' id='word_1_32' title='bbox 1814 610 2104 679; x_wconf 76' lang='grc' dir='ltr'><strong><em>πρόσθεν,</em></strong></span> <span class='ocrx_word' id='word_1_33' title='bbox 2150 604 2249 681; x_wconf 78' lang='grc' dir='ltr'><strong><em>ἐφ’</em></strong></span> <span class='ocrx_word' id='word_1_34' title='bbox 2301 603 2338 680; x_wconf 86' lang='grc' dir='ltr'><em>ᾗ</em></span> <span class='ocrx_word' id='word_1_35' title='bbox 2375 613 2474 682; x_wconf 87' lang='grc' dir='ltr'><strong><em>τὴν</em></strong></span> 
     </span>
    </p>

    <p class='ocr_par' dir='ltr' id='par_1_3' title="bbox 306 690 2667 1199">
     <span class='ocr_line' id='line_1_5' title="bbox 306 690 2603 765; baseline 0.003 -20"><span class='ocrx_word' id='word_1_36' title='bbox 306 701 336 750; x_wconf 93' lang='grc'><strong>7</strong></span> <span class='ocrx_word' id='word_1_37' title='bbox 374 691 670 763; x_wconf 90' lang='grc' dir='ltr'><strong><em>βασιλείαν</em></strong></span> <span class='ocrx_word' id='word_1_38' title='bbox 711 691 951 764; x_wconf 81' lang='grc' dir='ltr'><strong><em>εἰλήφει.</em></strong></span> <span class='ocrx_word' id='word_1_39' title='bbox 980 721 1051 728; x_wconf 95' lang='grc'>-</span> <span class='ocrx_word' id='word_1_40' title='bbox 1075 694 1193 744; x_wconf 84' lang='grc' dir='ltr'><strong><em>Καὶ</em></strong></span> <span class='ocrx_word' id='word_1_41' title='bbox 1217 694 1275 744; x_wconf 90' lang='grc' dir='ltr'><strong><em>τί</em></strong></span> <span class='ocrx_word' id='word_1_42' title='bbox 1310 690 1376 764; x_wconf 82' lang='grc' dir='ltr'><strong><em>ἦν</em></strong></span> <span class='ocrx_word' id='word_1_43' title='bbox 1403 695 1466 744; x_wconf 85' lang='grc' dir='ltr'><strong><em>τὸ</em></strong></span> <span class='ocrx_word' id='word_1_44' title='bbox 1496 695 1670 760; x_wconf 87' lang='grc' dir='ltr'><strong><em>ὄνομα</em></strong></span> <span class='ocrx_word' id='word_1_45' title='bbox 1697 701 1766 765; x_wconf 86' lang='grc' dir='ltr'><strong><em>τῇ</em></strong></span> <span class='ocrx_word' id='word_1_46' title='bbox 1790 697 2024 763; x_wconf 89' lang='grc' dir='ltr'><strong><em>γυναικί,</em></strong></span> <span class='ocrx_word' id='word_1_47' title='bbox 2066 695 2097 746; x_wconf 83' lang='grc' dir='ltr'><em>ὃ</em></span> <span class='ocrx_word' id='word_1_48' title='bbox 2122 695 2203 763; x_wconf 74' lang='grc' dir='ltr'><strong><em>τῷ</em></strong></span> <span class='ocrx_word' id='word_1_49' title='bbox 2233 698 2471 765; x_wconf 80' lang='grc' dir='ltr'><em>εὐνούχῳ</em></span> <span class='ocrx_word' id='word_1_50' title='bbox 2599 749 2603 752; x_wconf 88' lang='grc'><strong><em>.</em></strong></span> 
     </span>
     <span class='ocr_line' id='line_1_6' title="bbox 371 773 2663 852; baseline 0.002 -22"><span class='ocrx_word' id='word_1_51' title='bbox 371 780 540 830; x_wconf 83' lang='grc' dir='ltr'><strong><em>ἔθετο</em></strong></span> <span class='ocrx_word' id='word_1_52' title='bbox 551 797 582 841; x_wconf 51' lang='grc'><strong><em>,·”</em></strong></span> <span class='ocrx_word' id='word_1_53' title='bbox 611 806 681 814; x_wconf 93' lang='lat'><strong><em>-—</em></strong></span> <span class='ocrx_word' id='word_1_54' title='bbox 717 780 785 830; x_wconf 85' lang='lat' dir='ltr'><strong><em>A.</em></strong></span> <span class='ocrx_word' id='word_1_55' title='bbox 831 779 904 829; x_wconf 94' lang='grc' dir='ltr'><strong><em>Τί</em></strong></span> <span class='ocrx_word' id='word_1_56' title='bbox 942 775 1001 829; x_wconf 80' lang='grc' dir='ltr'><strong><em>δὲ</em></strong></span> <span class='ocrx_word' id='word_1_57' title='bbox 1045 780 1136 829; x_wconf 83' lang='grc' dir='ltr'><strong><em>σοὶ</em></strong></span> <span class='ocrx_word' id='word_1_58' title='bbox 1172 784 1340 829; x_wconf 84' lang='grc' dir='ltr'><strong><em>τοῦτο</em></strong></span> <span class='ocrx_word' id='word_1_59' title='bbox 1353 797 1373 842; x_wconf 93' lang='grc'><strong><em>,·</em></strong></span> <span class='ocrx_word' id='word_1_60' title='bbox 1411 781 1643 841; x_wconf 85' lang='grc' dir='ltr'><strong><em>πάντως</em></strong></span> <span class='ocrx_word' id='word_1_61' title='bbox 1668 780 1771 850; x_wconf 84' lang='grc' dir='ltr'><strong><em>γὰρ</em></strong></span> <span class='ocrx_word' id='word_1_62' title='bbox 1802 781 1864 831; x_wconf 84' lang='grc' dir='ltr'><strong><em>οὐ</em></strong></span> <span class='ocrx_word' id='word_1_63' title='bbox 1885 773 2209 852; x_wconf 85' lang='grc' dir='ltr'><strong><em>Ῥοδογούνη</em></strong></span> <span class='ocrx_word' id='word_1_64' title='bbox 2238 780 2474 851; x_wconf 79' lang='grc' dir='ltr'><strong><em>ἐλέγετο.</em></strong></span> <span class='ocrx_word' id='word_1_65' title='bbox 2513 791 2537 833; x_wconf 85' lang='grc'>5</span> <span class='ocrx_word' id='word_1_66' title='bbox 2559 794 2663 838; x_wconf 75' lang='lat'>(2712</span> 
     </span>
     <span class='ocr_line' id='line_1_7' title="bbox 371 857 2476 936; baseline 0.002 -22"><span class='ocrx_word' id='word_1_67' title='bbox 371 857 498 914; x_wconf 79' lang='grc' dir='ltr'><strong><em>ἀλλ’</em></strong></span> <span class='ocrx_word' id='word_1_68' title='bbox 542 866 754 925; x_wconf 85' lang='grc' dir='ltr'><strong><em>ἐκεῖνός</em></strong></span> <span class='ocrx_word' id='word_1_69' title='bbox 791 879 851 931; x_wconf 89' lang='grc' dir='ltr'><strong><em>γε</em></strong></span> <span class='ocrx_word' id='word_1_70' title='bbox 888 865 982 914; x_wconf 84' lang='grc' dir='ltr'><strong><em>καὶ</em></strong></span> <span class='ocrx_word' id='word_1_71' title='bbox 1019 864 1121 925; x_wconf 82' lang='grc' dir='ltr'><strong><em>τὰς</em></strong></span> <span class='ocrx_word' id='word_1_72' title='bbox 1159 865 1218 915; x_wconf 87' lang='grc' dir='ltr'><strong><em>ἐν</em></strong></span> <span class='ocrx_word' id='word_1_73' title='bbox 1256 870 1326 934; x_wconf 82' lang='grc' dir='ltr'><strong><em>τῇ</em></strong></span> <span class='ocrx_word' id='word_1_74' title='bbox 1361 862 1581 936; x_wconf 81' lang='grc' dir='ltr'><strong><em>κεφαλῇ</em></strong></span> <span class='ocrx_word' id='word_1_75' title='bbox 1617 867 1811 935; x_wconf 82' lang='grc' dir='ltr'><strong><em>τρίχας</em></strong></span> <span class='ocrx_word' id='word_1_76' title='bbox 1850 863 2173 936; x_wconf 87' lang='grc' dir='ltr'><strong><em>διεκέκριτο,</em></strong></span> <span class='ocrx_word' id='word_1_77' title='bbox 2210 869 2304 919; x_wconf 83' lang='grc' dir='ltr'><strong><em>καὶ</em></strong></span> <span class='ocrx_word' id='word_1_78' title='bbox 2341 884 2476 920; x_wconf 92' lang='grc' dir='ltr'><strong><em>παι-</em></strong></span> 
     </span>
     <span class='ocr_line' id='line_1_8' title="bbox 370 946 2477 1023; baseline 0.001 -23"><span class='ocrx_word' id='word_1_79' title='bbox 370 948 559 1001; x_wconf 90' lang='grc' dir='ltr'><strong><em>δίσκαι</em></strong></span> <span class='ocrx_word' id='word_1_80' title='bbox 596 947 977 1020; x_wconf 74' lang='grc' dir='ltr'><strong><em>ἠκολούθουν,</em></strong></span> <span class='ocrx_word' id='word_1_81' title='bbox 1027 950 1202 1000; x_wconf 84' lang='grc' dir='ltr'><strong><em>ὁπότε</em></strong></span> <span class='ocrx_word' id='word_1_82' title='bbox 1239 946 1491 1017; x_wconf 77' lang='grc' dir='ltr'><strong><em>βαδίζοι,</em></strong></span> <span class='ocrx_word' id='word_1_83' title='bbox 1540 952 1636 1002; x_wconf 84' lang='grc' dir='ltr'><strong><em>καὶ</em></strong></span> <span class='ocrx_word' id='word_1_84' title='bbox 1673 952 1982 1017; x_wconf 80' lang='grc' dir='ltr'><strong><em>ἀμπείχετο</em></strong></span> <span class='ocrx_word' id='word_1_85' title='bbox 2031 953 2252 1023; x_wconf 88' lang='grc' dir='ltr'><strong><em>ἐσθῆτα</em></strong></span> <span class='ocrx_word' id='word_1_86' title='bbox 2290 969 2477 1020; x_wconf 92' lang='grc' dir='ltr'><strong><em>γυναι-</em></strong></span> 
     </span>
     <span class='ocr_line' id='line_1_9' title="bbox 371 1032 2477 1107; baseline 0.001 -21"><span class='ocrx_word' id='word_1_87' title='bbox 371 1036 527 1086; x_wconf 83' lang='grc' dir='ltr'><strong><em>κείαν</em></strong></span> <span class='ocrx_word' id='word_1_88' title='bbox 564 1037 659 1086; x_wconf 80' lang='grc' dir='ltr'><strong><em>καὶ</em></strong></span> <span class='ocrx_word' id='word_1_89' title='bbox 695 1037 764 1085; x_wconf 88' lang='grc' dir='ltr'><strong><em>τά</em></strong></span> <span class='ocrx_word' id='word_1_90' title='bbox 803 1051 862 1103; x_wconf 85' lang='grc' dir='ltr'><strong><em>γε</em></strong></span> <span class='ocrx_word' id='word_1_91' title='bbox 903 1032 1045 1086; x_wconf 79' lang='grc' dir='ltr'><strong><em>ἄλλα</em></strong></span> <span class='ocrx_word' id='word_1_92' title='bbox 1086 1038 1266 1097; x_wconf 80' lang='grc' dir='ltr'><strong><em>οὕτως</em></strong></span> <span class='ocrx_word' id='word_1_93' title='bbox 1303 1032 1639 1106; x_wconf 82' lang='grc' dir='ltr'><strong><em>ἠναγκάζετο</em></strong></span> <span class='ocrx_word' id='word_1_94' title='bbox 1679 1040 1900 1088; x_wconf 85' lang='grc' dir='ltr'><strong><em>ποιεῖν·</em></strong></span> <span class='ocrx_word' id='word_1_95' title='bbox 1939 1034 2100 1098; x_wconf 82' lang='grc' dir='ltr'><strong><em>τέλος</em></strong></span> <span class='ocrx_word' id='word_1_96' title='bbox 2141 1035 2199 1088; x_wconf 82' lang='grc' dir='ltr'><strong><em>δὲ</em></strong></span> <span class='ocrx_word' id='word_1_97' title='bbox 2241 1043 2477 1107; x_wconf 89' lang='grc' dir='ltr'><strong><em>προυτέ-</em></strong></span> 
     </span>
     <span class='ocr_line' id='line_1_10' title="bbox 371 1116 2667 1199; baseline 0.001 -28"><span class='ocrx_word' id='word_1_98' title='bbox 371 1122 564 1191; x_wconf 83' lang='grc' dir='ltr'><strong><em>θησαν</em></strong></span> <span class='ocrx_word' id='word_1_99' title='bbox 601 1118 843 1189; x_wconf 77' lang='grc' dir='ltr'><strong><em>μεγάλαι</em></strong></span> <span class='ocrx_word' id='word_1_100' title='bbox 884 1116 1014 1191; x_wconf 80' lang='grc' dir='ltr'><strong><em>[καὶ]</em></strong></span> <span class='ocrx_word' id='word_1_101' title='bbox 1052 1123 1215 1189; x_wconf 82' lang='grc' dir='ltr'><strong><em>τιμαὶ</em></strong></span> <span class='ocrx_word' id='word_1_102' title='bbox 1248 1124 1344 1199; x_wconf 67' lang='grc' dir='ltr'><strong><em>καὶ</em></strong></span> <span class='ocrx_word' id='word_1_103' title='bbox 1375 1124 1634 1192; x_wconf 84' lang='grc' dir='ltr'><strong><em>χρήματα</em></strong></span> <span class='ocrx_word' id='word_1_104' title='bbox 1673 1124 1885 1192; x_wconf 84' lang='grc' dir='ltr'><strong><em>ἄπειρα</em></strong></span> <span class='ocrx_word' id='word_1_105' title='bbox 1924 1124 1988 1173; x_wconf 87' lang='grc' dir='ltr'><strong><em>τὸ</em></strong></span> <span class='ocrx_word' id='word_1_106' title='bbox 2029 1120 2274 1193; x_wconf 84' lang='grc' dir='ltr'><strong><em>πλῆθος,</em></strong></span> <span class='ocrx_word' id='word_1_107' title='bbox 2321 1126 2478 1186; x_wconf 84' lang='grc' dir='ltr'><strong><em>ὅστις</em></strong></span> <span class='ocrx_word' id='word_1_108' title='bbox 2501 1136 2667 1180; x_wconf 69' lang='grc'>(50431</span> 
     </span>
    </p>

    <p class='ocr_par' dir='ltr' id='par_1_4' title="bbox 300 1200 2558 1877">
     <span class='ocr_line' id='line_1_11' title="bbox 300 1200 2558 1278; baseline 0.001 -18"><span class='ocrx_word' id='word_1_109' title='bbox 300 1209 331 1260; x_wconf 87' lang='grc'>8</span> <span class='ocrx_word' id='word_1_110' title='bbox 373 1207 541 1257; x_wconf 81' lang='grc' dir='ltr'><strong><em>αὐτὸν</em></strong></span> <span class='ocrx_word' id='word_1_111' title='bbox 577 1210 808 1275; x_wconf 87' lang='grc' dir='ltr'><strong><em>γυναῖκα</em></strong></span> <span class='ocrx_word' id='word_1_112' title='bbox 848 1209 1158 1278; x_wconf 86' lang='grc' dir='ltr'><strong><em>ποιήσειεν.</em></strong></span> <span class='ocrx_word' id='word_1_113' title='bbox 1198 1237 1268 1245; x_wconf 93' lang='grc'><strong>-</strong></span> <span class='ocrx_word' id='word_1_114' title='bbox 1300 1200 1370 1259; x_wconf 88' lang='lat' dir='ltr'><strong><em>&#39;H</em></strong></span> <span class='ocrx_word' id='word_1_115' title='bbox 1402 1208 1497 1259; x_wconf 79' lang='grc' dir='ltr'><strong><em>οὖν</em></strong></span> <span class='ocrx_word' id='word_1_116' title='bbox 1534 1209 1628 1259; x_wconf 85' lang='grc' dir='ltr'><strong><em>καὶ</em></strong></span> <span class='ocrx_word' id='word_1_117' title='bbox 1664 1210 1978 1274; x_wconf 77' lang='grc' dir='ltr'><strong><em>ὑπέσχοντο</em></strong></span> <span class='ocrx_word' id='word_1_118' title='bbox 1990 1227 2010 1272; x_wconf 91' lang='grc'><strong><em>,·</em></strong></span> <span class='ocrx_word' id='word_1_119' title='bbox 2052 1210 2121 1260; x_wconf 90' lang='grc' dir='ltr'><strong><em>Δ.</em></strong></span> <span class='ocrx_word' id='word_1_120' title='bbox 2166 1211 2239 1260; x_wconf 90' lang='grc' dir='ltr'><strong><em>Τί</em></strong></span> <span class='ocrx_word' id='word_1_121' title='bbox 2277 1208 2335 1260; x_wconf 80' lang='grc' dir='ltr'><strong><em>δὲ</em></strong></span> <span class='ocrx_word' id='word_1_122' title='bbox 2377 1203 2474 1262; x_wconf 74' lang='grc' dir='ltr'><strong><em>οὐκ</em></strong></span> <span class='ocrx_word' id='word_1_123' title='bbox 2511 1218 2558 1263; x_wconf 74' lang='lat'><strong><em>10</em></strong></span> 
     </span>
     <span class='ocr_line' id='line_1_12' title="bbox 369 1287 2477 1366; baseline 0.001 -23"><span class='ocrx_word' id='word_1_124' title='bbox 369 1290 601 1358; x_wconf 82' lang='grc' dir='ltr'><strong><em>ἔμελλον</em></strong></span> <span class='ocrx_word' id='word_1_125' title='bbox 651 1294 841 1361; x_wconf 82' lang='grc' dir='ltr'><strong><em>ἐκείνῳ</em></strong></span> <span class='ocrx_word' id='word_1_126' title='bbox 889 1295 1256 1360; x_wconf 76' lang='grc' dir='ltr'><strong><em>ὑποσχέσθαι</em></strong></span> <span class='ocrx_word' id='word_1_127' title='bbox 1303 1300 1551 1345; x_wconf 83' lang='grc' dir='ltr'><strong><em>τοσαῦτα</em></strong></span> <span class='ocrx_word' id='word_1_128' title='bbox 1603 1292 1850 1357; x_wconf 73' lang='grc' dir='ltr'><strong><em>διδόντι,</em></strong></span> <span class='ocrx_word' id='word_1_129' title='bbox 1907 1295 1940 1364; x_wconf 84' lang='grc' dir='ltr'><em>ἢ</em></span> <span class='ocrx_word' id='word_1_130' title='bbox 1993 1287 2090 1359; x_wconf 80' lang='grc' dir='ltr'><strong><em>οὐκ</em></strong></span> <span class='ocrx_word' id='word_1_131' title='bbox 2152 1293 2330 1345; x_wconf 84' lang='grc' dir='ltr'><strong><em>οἶσθα</em></strong></span> <span class='ocrx_word' id='word_1_132' title='bbox 2378 1298 2477 1366; x_wconf 82' lang='grc' dir='ltr'><strong><em>τὴν</em></strong></span> 
     </span>
     <span class='ocr_line' id='line_1_13' title="bbox 369 1374 2477 1449; baseline 0.001 -21"><span class='ocrx_word' id='word_1_133' title='bbox 369 1374 604 1444; x_wconf 91' lang='grc' dir='ltr'><strong><em>δύναμιν</em></strong></span> <span class='ocrx_word' id='word_1_134' title='bbox 642 1385 746 1428; x_wconf 81' lang='grc' dir='ltr'><strong><em>τοῦ</em></strong></span> <span class='ocrx_word' id='word_1_135' title='bbox 782 1376 1039 1441; x_wconf 90' lang='grc' dir='ltr'><strong><em>διδόντος</em></strong></span> <span class='ocrx_word' id='word_1_136' title='bbox 1078 1381 1179 1449; x_wconf 84' lang='grc' dir='ltr'><strong><em>ὅση</em></strong></span> <span class='ocrx_word' id='word_1_137' title='bbox 1220 1380 1406 1442; x_wconf 69' lang='grc' dir='ltr'><strong><em>ἐστίν,</em></strong></span> <span class='ocrx_word' id='word_1_138' title='bbox 1443 1382 1588 1430; x_wconf 81' lang='grc' dir='ltr'><strong><em>ὅπου</em></strong></span> <span class='ocrx_word' id='word_1_139' title='bbox 1615 1396 1676 1447; x_wconf 89' lang='grc' dir='ltr'><strong><em>γε</em></strong></span> <span class='ocrx_word' id='word_1_140' title='bbox 1700 1381 1795 1431; x_wconf 83' lang='grc' dir='ltr'><strong><em>καὶ</em></strong></span> <span class='ocrx_word' id='word_1_141' title='bbox 1822 1381 2039 1431; x_wconf 82' lang='grc' dir='ltr'><strong><em>ὁπόταν</em></strong></span> <span class='ocrx_word' id='word_1_142' title='bbox 2065 1376 2304 1446; x_wconf 82' lang='grc' dir='ltr'><strong><em>βασιλέα</em></strong></span> <span class='ocrx_word' id='word_1_143' title='bbox 2333 1382 2477 1431; x_wconf 82' lang='grc' dir='ltr'><strong><em>ἀπο-</em></strong></span> 
     </span>
     <span class='ocr_line' id='line_1_14' title="bbox 373 1459 2477 1535; baseline 0.001 -20"><span class='ocrx_word' id='word_1_144' title='bbox 373 1462 556 1528; x_wconf 82' lang='grc' dir='ltr'><strong><em>δεῖξαι</em></strong></span> <span class='ocrx_word' id='word_1_145' title='bbox 595 1463 709 1534; x_wconf 85' lang='grc' dir='ltr'><strong><em>δέῃ,</em></strong></span> <span class='ocrx_word' id='word_1_146' title='bbox 749 1467 845 1516; x_wconf 82' lang='grc' dir='ltr'><strong><em>τὸν</em></strong></span> <span class='ocrx_word' id='word_1_147' title='bbox 885 1463 1319 1517; x_wconf 85' lang='grc' dir='ltr'><strong><em>πλουσιώτατον</em></strong></span> <span class='ocrx_word' id='word_1_148' title='bbox 1348 1467 1642 1534; x_wconf 80' lang='grc' dir='ltr'><strong><em>αἱροῦνται</em></strong></span> <span class='ocrx_word' id='word_1_149' title='bbox 1666 1467 1760 1516; x_wconf 82' lang='grc' dir='ltr'><strong><em>καὶ</em></strong></span> <span class='ocrx_word' id='word_1_150' title='bbox 1787 1459 1930 1535; x_wconf 74' lang='grc' dir='ltr'><strong><em>παρ’</em></strong></span> <span class='ocrx_word' id='word_1_151' title='bbox 1976 1464 2046 1516; x_wconf 79' lang='grc' dir='ltr'><strong><em>οὗ</em></strong></span> <span class='ocrx_word' id='word_1_152' title='bbox 2067 1466 2134 1516; x_wconf 83' lang='grc' dir='ltr'><strong><em>ἂν</em></strong></span> <span class='ocrx_word' id='word_1_153' title='bbox 2161 1462 2477 1517; x_wconf 82' lang='grc' dir='ltr'><strong><em>ἐλπίσωσιν</em></strong></span> 
     </span>
     <span class='ocr_line' id='line_1_15' title="bbox 368 1544 2476 1621; baseline 0.001 -21"><span class='ocrx_word' id='word_1_154' title='bbox 368 1551 446 1611; x_wconf 84' lang='grc' dir='ltr'><strong><em>ὡς</em></strong></span> <span class='ocrx_word' id='word_1_155' title='bbox 485 1547 756 1602; x_wconf 85' lang='grc' dir='ltr'><strong><em>πλεῖστον</em></strong></span> <span class='ocrx_word' id='word_1_156' title='bbox 795 1552 1059 1621; x_wconf 83' lang='grc' dir='ltr'><strong><em>ἀργύριον</em></strong></span> <span class='ocrx_word' id='word_1_157' title='bbox 1099 1549 1424 1621; x_wconf 78' lang='grc' dir='ltr'><strong><em>λήψεσθαι,</em></strong></span> <span class='ocrx_word' id='word_1_158' title='bbox 1474 1552 1543 1601; x_wconf 85' lang='grc' dir='ltr'><strong><em>τὰ</em></strong></span> <span class='ocrx_word' id='word_1_159' title='bbox 1595 1549 1654 1602; x_wconf 86' lang='grc' dir='ltr'><strong><em>δὲ</em></strong></span> <span class='ocrx_word' id='word_1_160' title='bbox 1694 1548 1836 1602; x_wconf 80' lang='grc' dir='ltr'><strong><em>ἄλλα</em></strong></span> <span class='ocrx_word' id='word_1_161' title='bbox 1879 1544 2038 1602; x_wconf 75' lang='grc' dir='ltr'><strong><em>οὐδὲν</em></strong></span> <span class='ocrx_word' id='word_1_162' title='bbox 2080 1547 2476 1621; x_wconf 81' lang='grc' dir='ltr'><strong><em>φροντίζουσιν</em></strong></span> 
     </span>
     <span class='ocr_line' id='line_1_16' title="bbox 369 1619 2553 1708; baseline 0 -23"><span class='ocrx_word' id='word_1_163' title='bbox 369 1637 572 1697; x_wconf 82' lang='grc' dir='ltr'><strong><em>ὁποῖος</em></strong></span> <span class='ocrx_word' id='word_1_164' title='bbox 611 1637 678 1687; x_wconf 86' lang='grc' dir='ltr'><strong><em>ἂν</em></strong></span> <span class='ocrx_word' id='word_1_165' title='bbox 715 1619 783 1705; x_wconf 79' lang='grc' dir='ltr'><strong><em>ᾖ,</em></strong></span> <span class='ocrx_word' id='word_1_166' title='bbox 820 1637 921 1687; x_wconf 84' lang='grc' dir='ltr'><strong><em>κᾶν</em></strong></span> <span class='ocrx_word' id='word_1_167' title='bbox 958 1633 1131 1705; x_wconf 86' lang='grc' dir='ltr'><strong><em>μέλλῃ</em></strong></span> <span class='ocrx_word' id='word_1_168' title='bbox 1172 1639 1393 1698; x_wconf 86' lang='grc' dir='ltr'><strong><em>πάντας</em></strong></span> <span class='ocrx_word' id='word_1_169' title='bbox 1432 1634 1718 1702; x_wconf 84' lang='grc' dir='ltr'><strong><em>διατεμεῖν</em></strong></span> <span class='ocrx_word' id='word_1_170' title='bbox 1757 1634 2105 1706; x_wconf 82' lang='grc' dir='ltr'><strong><em>παραλαβὼν</em></strong></span> <span class='ocrx_word' id='word_1_171' title='bbox 2143 1639 2242 1708; x_wconf 86' lang='grc' dir='ltr'><strong><em>τὴν</em></strong></span> <span class='ocrx_word' id='word_1_172' title='bbox 2282 1638 2468 1707; x_wconf 85' lang='grc' dir='ltr'><strong><em>ἀρχήν,</em></strong></span> <span class='ocrx_word' id='word_1_173' title='bbox 2508 1645 2553 1688; x_wconf 83' lang='grc'><strong><em>15</em></strong></span> 
     </span>
     <span class='ocr_line' id='line_1_17' title="bbox 365 1714 2475 1805; baseline 0.001 -35"><span class='ocrx_word' id='word_1_174' title='bbox 365 1723 498 1782; x_wconf 92' lang='grc' dir='ltr'><strong><em>τούς</em></strong></span> <span class='ocrx_word' id='word_1_175' title='bbox 545 1738 605 1805; x_wconf 80' lang='grc' dir='ltr'><strong><em>τε</em></strong></span> <span class='ocrx_word' id='word_1_176' title='bbox 654 1718 859 1782; x_wconf 82' lang='grc' dir='ltr'><strong><em>ἄλλους</em></strong></span> <span class='ocrx_word' id='word_1_177' title='bbox 898 1723 1157 1783; x_wconf 84' lang='grc' dir='ltr'><strong><em>ἅπαντας</em></strong></span> <span class='ocrx_word' id='word_1_178' title='bbox 1202 1723 1297 1773; x_wconf 86' lang='grc' dir='ltr'><strong><em>καὶ</em></strong></span> <span class='ocrx_word' id='word_1_179' title='bbox 1347 1714 1550 1783; x_wconf 76' lang='grc' dir='ltr'><strong><em>αὐτούς</em></strong></span> <span class='ocrx_word' id='word_1_180' title='bbox 1598 1723 1842 1783; x_wconf 79' lang='grc' dir='ltr'><strong><em>ἐκείνους</em></strong></span> <span class='ocrx_word' id='word_1_181' title='bbox 1891 1724 2022 1783; x_wconf 89' lang='grc' dir='ltr'><strong><em>τους</em></strong></span> <span class='ocrx_word' id='word_1_182' title='bbox 2061 1719 2369 1792; x_wconf 81' lang='grc' dir='ltr'><strong><em>εἰληφότας</em></strong></span> <span class='ocrx_word' id='word_1_183' title='bbox 2406 1723 2475 1772; x_wconf 80' lang='grc' dir='ltr'><strong><em>τὰ</em></strong></span> 
     </span>
     <span class='ocr_line' id='line_1_18' title="bbox 362 1800 2476 1877; baseline 0 -20"><span class='ocrx_word' id='word_1_184' title='bbox 362 1808 649 1877; x_wconf 83' lang='grc' dir='ltr'><strong><em>χρήματα,</em></strong></span> <span class='ocrx_word' id='word_1_185' title='bbox 699 1808 795 1857; x_wconf 82' lang='grc' dir='ltr'><strong><em>καὶ</em></strong></span> <span class='ocrx_word' id='word_1_186' title='bbox 841 1808 928 1858; x_wconf 84' lang='grc' dir='ltr'><strong><em>ἔτι</em></strong></span> <span class='ocrx_word' id='word_1_187' title='bbox 966 1805 1198 1858; x_wconf 88' lang='grc' dir='ltr'><strong><em>πάντων</em></strong></span> <span class='ocrx_word' id='word_1_188' title='bbox 1239 1800 1442 1868; x_wconf 77' lang='grc' dir='ltr'><strong><em>αὐτούς</em></strong></span> <span class='ocrx_word' id='word_1_189' title='bbox 1479 1808 1574 1857; x_wconf 83' lang='grc' dir='ltr'><strong><em>καὶ</em></strong></span> <span class='ocrx_word' id='word_1_190' title='bbox 1609 1813 1721 1858; x_wconf 84' lang='grc' dir='ltr'><strong><em>τῶν</em></strong></span> <span class='ocrx_word' id='word_1_191' title='bbox 1759 1809 2126 1877; x_wconf 79' lang='grc' dir='ltr'><strong><em>ὑπαρχόντων</em></strong></span> <span class='ocrx_word' id='word_1_192' title='bbox 2165 1808 2476 1877; x_wconf 84' lang='grc' dir='ltr'><strong><em>ἀφαιρήσε-</em></strong></span> 
     </span>
    </p>

    <p class='ocr_par' dir='ltr' id='par_1_5' title="bbox 299 1885 2553 2649">
     <span class='ocr_line' id='line_1_19' title="bbox 299 1885 2476 1963; baseline 0 -19"><span class='ocrx_word' id='word_1_193' title='bbox 299 1895 331 1947; x_wconf 89' lang='grc'><strong>9</strong></span> <span class='ocrx_word' id='word_1_194' title='bbox 374 1893 534 1943; x_wconf 90' lang='grc' dir='ltr'><strong><em>σθαι.</em></strong></span> <span class='ocrx_word' id='word_1_195' title='bbox 619 1894 798 1959; x_wconf 84' lang='grc' dir='ltr'><strong><em>τούτῳ</em></strong></span> <span class='ocrx_word' id='word_1_196' title='bbox 844 1890 906 1963; x_wconf 85' lang='grc' dir='ltr'><strong><em>δὴ</em></strong></span> <span class='ocrx_word' id='word_1_197' title='bbox 947 1890 1195 1958; x_wconf 87' lang='grc' dir='ltr'><strong><em>μάλιστα</em></strong></span> <span class='ocrx_word' id='word_1_198' title='bbox 1236 1899 1439 1963; x_wconf 85' lang='grc' dir='ltr'><strong><em>περιῆν</em></strong></span> <span class='ocrx_word' id='word_1_199' title='bbox 1479 1894 1510 1942; x_wconf 83' lang='grc' dir='ltr'>ὁ</span> <span class='ocrx_word' id='word_1_200' title='bbox 1547 1895 1775 1961; x_wconf 87' lang='grc' dir='ltr'><strong><em>Νέρων,</em></strong></span> <span class='ocrx_word' id='word_1_201' title='bbox 1823 1894 1918 1944; x_wconf 83' lang='grc' dir='ltr'><strong><em>καὶ</em></strong></span> <span class='ocrx_word' id='word_1_202' title='bbox 1966 1885 2152 1954; x_wconf 80' lang='grc' dir='ltr'><strong><em>ουδεὶς</em></strong></span> <span class='ocrx_word' id='word_1_203' title='bbox 2190 1890 2476 1960; x_wconf 85' lang='grc' dir='ltr'><strong><em>ἀντέλεγεν</em></strong></span> 
     </span>
     <span class='ocr_line' id='line_1_20' title="bbox 371 1969 2475 2049; baseline 0 -21"><span class='ocrx_word' id='word_1_204' title='bbox 371 1971 525 2046; x_wconf 74' lang='grc' dir='ltr'><strong><em>αὐτῷ</em></strong></span> <span class='ocrx_word' id='word_1_205' title='bbox 564 1979 697 2047; x_wconf 83' lang='grc' dir='ltr'><strong><em>περὶ</em></strong></span> <span class='ocrx_word' id='word_1_206' title='bbox 737 1969 965 2039; x_wconf 86' lang='grc' dir='ltr'><strong><em>ουδενὸς</em></strong></span> <span class='ocrx_word' id='word_1_207' title='bbox 1014 1980 1121 2043; x_wconf 83' lang='grc' dir='ltr'><strong><em>ό,τι</em></strong></span> <span class='ocrx_word' id='word_1_208' title='bbox 1169 1977 1329 2029; x_wconf 87' lang='grc' dir='ltr'><strong><em>εἴποι</em></strong></span> <span class='ocrx_word' id='word_1_209' title='bbox 1380 1970 1506 2029; x_wconf 73' lang='grc' dir='ltr'><strong><em>οὐδ’</em></strong></span> <span class='ocrx_word' id='word_1_210' title='bbox 1563 1975 1841 2029; x_wconf 79' lang='grc' dir='ltr'><strong><em>ἀδύνατον</em></strong></span> <span class='ocrx_word' id='word_1_211' title='bbox 1891 1979 2000 2049; x_wconf 82' lang='grc' dir='ltr'><strong><em>ἔφη</em></strong></span> <span class='ocrx_word' id='word_1_212' title='bbox 2040 1977 2188 2029; x_wconf 83' lang='grc' dir='ltr'><strong><em>εἶναι</em></strong></span> <span class='ocrx_word' id='word_1_213' title='bbox 2226 1977 2257 2028; x_wconf 83' lang='grc' dir='ltr'>ὃ</span> <span class='ocrx_word' id='word_1_214' title='bbox 2292 1975 2475 2029; x_wconf 87' lang='grc' dir='ltr'><strong><em>κελεύ-</em></strong></span> 
     </span>
     <span class='ocr_line' id='line_1_21' title="bbox 368 2055 2553 2133; baseline 0 -18"><span class='ocrx_word' id='word_1_215' title='bbox 368 2078 532 2128; x_wconf 88' lang='grc' dir='ltr'><strong><em>σειεν,</em></strong></span> <span class='ocrx_word' id='word_1_216' title='bbox 571 2058 755 2133; x_wconf 85' lang='grc' dir='ltr'><strong><em>[ὥστε]</em></strong></span> <span class='ocrx_word' id='word_1_217' title='bbox 796 2055 919 2115; x_wconf 74' lang='grc' dir='ltr'><strong><em>οὐδ’</em></strong></span> <span class='ocrx_word' id='word_1_218' title='bbox 955 2065 1007 2115; x_wconf 83' lang='grc' dir='ltr'><strong><em>εἰ</em></strong></span> <span class='ocrx_word' id='word_1_219' title='bbox 1033 2066 1322 2116; x_wconf 88' lang='grc' dir='ltr'><strong><em>πέτεσθαι</em></strong></span> <span class='ocrx_word' id='word_1_220' title='bbox 1344 2062 1563 2115; x_wconf 90' lang='grc' dir='ltr'><strong><em>κελεύοι</em></strong></span> <span class='ocrx_word' id='word_1_221' title='bbox 1588 2062 1734 2128; x_wconf 89' lang='grc' dir='ltr'><strong><em>τινά,</em></strong></span> <span class='ocrx_word' id='word_1_222' title='bbox 1771 2059 1976 2132; x_wconf 76' lang='grc' dir='ltr'><strong><em>(ἀλλὰ)</em></strong></span> <span class='ocrx_word' id='word_1_223' title='bbox 2010 2065 2105 2114; x_wconf 83' lang='grc' dir='ltr'><strong><em>καὶ</em></strong></span> <span class='ocrx_word' id='word_1_224' title='bbox 2129 2069 2295 2114; x_wconf 79' lang='grc' dir='ltr'><strong><em>τοῦτο</em></strong></span> <span class='ocrx_word' id='word_1_225' title='bbox 2333 2065 2468 2114; x_wconf 83' lang='grc' dir='ltr'><strong><em>ύπέ-</em></strong></span> <span class='ocrx_word' id='word_1_226' title='bbox 2505 2071 2553 2115; x_wconf 78' lang='lat'><strong><em>20</em></strong></span> 
     </span>
     <span class='ocr_line' id='line_1_22' title="bbox 369 2141 2475 2220; baseline -0 -20"><span class='ocrx_word' id='word_1_227' title='bbox 369 2164 531 2214; x_wconf 91' lang='grc' dir='ltr'><strong><em>σχετο</em></strong></span> <span class='ocrx_word' id='word_1_228' title='bbox 571 2142 740 2218; x_wconf 73' lang='grc' dir='ltr'><strong><em>αὐτῷ,</em></strong></span> <span class='ocrx_word' id='word_1_229' title='bbox 778 2151 873 2200; x_wconf 81' lang='grc' dir='ltr'><strong><em>καὶ</em></strong></span> <span class='ocrx_word' id='word_1_230' title='bbox 913 2151 1109 2215; x_wconf 87' lang='grc' dir='ltr'><strong><em>συχνὸν</em></strong></span> <span class='ocrx_word' id='word_1_231' title='bbox 1142 2153 1345 2220; x_wconf 91' lang='grc' dir='ltr'><strong><em>χρόνον</em></strong></span> <span class='ocrx_word' id='word_1_232' title='bbox 1383 2152 1652 2220; x_wconf 85' lang='grc' dir='ltr'><strong><em>ἐτρέφετο</em></strong></span> <span class='ocrx_word' id='word_1_233' title='bbox 1680 2147 1839 2201; x_wconf 85' lang='grc' dir='ltr'><strong><em>ἔνδον</em></strong></span> <span class='ocrx_word' id='word_1_234' title='bbox 1878 2143 2020 2219; x_wconf 72' lang='grc' dir='ltr'><strong><em>παρ’</em></strong></span> <span class='ocrx_word' id='word_1_235' title='bbox 2067 2141 2219 2215; x_wconf 66' lang='grc' dir='ltr'><strong><em>αύτῷ</em></strong></span> <span class='ocrx_word' id='word_1_236' title='bbox 2257 2150 2314 2199; x_wconf 90' lang='grc' dir='ltr'><strong><em>ἐν</em></strong></span> <span class='ocrx_word' id='word_1_237' title='bbox 2353 2153 2475 2210; x_wconf 85' lang='grc' dir='ltr'><strong><em>τοῖς</em></strong></span> 
     </span>
     <span class='ocr_line' id='line_1_23' title="bbox 366 2229 2472 2307; baseline -0 -22"><span class='ocrx_word' id='word_1_238' title='bbox 366 2232 699 2301; x_wconf 84' lang='grc' dir='ltr'><strong><em>βασιλείοις,</em></strong></span> <span class='ocrx_word' id='word_1_239' title='bbox 740 2237 817 2296; x_wconf 86' lang='grc' dir='ltr'><strong><em>ὡς</em></strong></span> <span class='ocrx_word' id='word_1_240' title='bbox 856 2238 1228 2305; x_wconf 86' lang='grc' dir='ltr'><strong><em>πτησόμενος.</em></strong></span> <span class='ocrx_word' id='word_1_241' title='bbox 1292 2238 1465 2302; x_wconf 88' lang='grc' dir='ltr'><strong><em>μόνος</em></strong></span> <span class='ocrx_word' id='word_1_242' title='bbox 1490 2237 1594 2306; x_wconf 83' lang='grc' dir='ltr'><strong><em>γὰρ</em></strong></span> <span class='ocrx_word' id='word_1_243' title='bbox 1635 2233 1699 2307; x_wconf 85' lang='grc' dir='ltr'><strong><em>δὴ</em></strong></span> <span class='ocrx_word' id='word_1_244' title='bbox 1743 2229 1944 2286; x_wconf 79' lang='grc' dir='ltr'><strong><em>οὐδένα</em></strong></span> <span class='ocrx_word' id='word_1_245' title='bbox 1971 2237 2186 2305; x_wconf 90' lang='grc' dir='ltr'><strong><em>τρόπον</em></strong></span> <span class='ocrx_word' id='word_1_246' title='bbox 2212 2231 2472 2304; x_wconf 86' lang='grc' dir='ltr'><strong><em>ἐφείδετο</em></strong></span> 
     </span>
     <span class='ocr_line' id='line_1_24' title="bbox 362 2318 2473 2391; baseline 0 -21"><span class='ocrx_word' id='word_1_247' title='bbox 362 2318 681 2390; x_wconf 89' lang='grc' dir='ltr'><strong><em>χρημάτων,</em></strong></span> <span class='ocrx_word' id='word_1_248' title='bbox 732 2321 857 2371; x_wconf 74' lang='grc' dir='ltr'><strong><em>οὔτε</em></strong></span> <span class='ocrx_word' id='word_1_249' title='bbox 898 2318 1089 2382; x_wconf 78' lang='grc' dir='ltr'><strong><em>διδούς</em></strong></span> <span class='ocrx_word' id='word_1_250' title='bbox 1130 2322 1254 2372; x_wconf 75' lang='grc' dir='ltr'><strong><em>οὔτε</em></strong></span> <span class='ocrx_word' id='word_1_251' title='bbox 1294 2320 1612 2389; x_wconf 84' lang='grc' dir='ltr'><strong><em>λαμβάνων.</em></strong></span> <span class='ocrx_word' id='word_1_252' title='bbox 1690 2319 1783 2372; x_wconf 84' lang='grc' dir='ltr'><strong><em>διὰ</em></strong></span> <span class='ocrx_word' id='word_1_253' title='bbox 1820 2324 1996 2391; x_wconf 89' lang='grc' dir='ltr'><strong><em>μόνην</em></strong></span> <span class='ocrx_word' id='word_1_254' title='bbox 2034 2324 2230 2387; x_wconf 87' lang='grc' dir='ltr'><strong><em>μέντοι</em></strong></span> <span class='ocrx_word' id='word_1_255' title='bbox 2266 2322 2473 2390; x_wconf 87' lang='grc' dir='ltr'><strong><em>ταύτην</em></strong></span> 
     </span>
     <span class='ocr_line' id='line_1_25' title="bbox 367 2401 2473 2478; baseline 0 -23"><span class='ocrx_word' id='word_1_256' title='bbox 367 2407 466 2476; x_wconf 82' lang='grc' dir='ltr'><strong><em>τὴν</em></strong></span> <span class='ocrx_word' id='word_1_257' title='bbox 505 2406 665 2476; x_wconf 80' lang='grc' dir='ltr'><strong><em>ὕβριν</em></strong></span> <span class='ocrx_word' id='word_1_258' title='bbox 703 2408 797 2457; x_wconf 80' lang='grc' dir='ltr'><strong><em>καὶ</em></strong></span> <span class='ocrx_word' id='word_1_259' title='bbox 835 2407 1095 2457; x_wconf 84' lang='grc' dir='ltr'><strong><em>ἀπέθανε</em></strong></span> <span class='ocrx_word' id='word_1_260' title='bbox 1135 2409 1233 2478; x_wconf 84' lang='grc' dir='ltr'><strong><em>τὴν</em></strong></span> <span class='ocrx_word' id='word_1_261' title='bbox 1274 2411 1356 2469; x_wconf 82' lang='grc' dir='ltr'><strong><em>εἰς</em></strong></span> <span class='ocrx_word' id='word_1_262' title='bbox 1393 2409 1490 2460; x_wconf 84' lang='grc' dir='ltr'><strong><em>τὸν</em></strong></span> <span class='ocrx_word' id='word_1_263' title='bbox 1529 2401 1804 2473; x_wconf 78' lang='grc' dir='ltr'><strong><em>εὐνοῦχον.</em></strong></span> <span class='ocrx_word' id='word_1_264' title='bbox 1880 2407 2173 2477; x_wconf 84' lang='grc' dir='ltr'><strong><em>ὀργισθεὶς</em></strong></span> <span class='ocrx_word' id='word_1_265' title='bbox 2209 2407 2312 2475; x_wconf 85' lang='grc' dir='ltr'><strong><em>γὰρ</em></strong></span> <span class='ocrx_word' id='word_1_266' title='bbox 2352 2403 2473 2475; x_wconf 83' lang='grc' dir='ltr'><strong><em>ἐξή-</em></strong></span> 
     </span>
     <span class='ocr_line' id='line_1_26' title="bbox 367 2483 2552 2564; baseline 0 -22"><span class='ocrx_word' id='word_1_267' title='bbox 367 2508 553 2559; x_wconf 87' lang='grc' dir='ltr'><strong><em>νεγκεν</em></strong></span> <span class='ocrx_word' id='word_1_268' title='bbox 594 2483 768 2542; x_wconf 72' lang='grc' dir='ltr'><strong><em>αὐτοῦ</em></strong></span> <span class='ocrx_word' id='word_1_269' title='bbox 802 2492 870 2542; x_wconf 82' lang='grc' dir='ltr'><strong><em>τὰ</em></strong></span> <span class='ocrx_word' id='word_1_270' title='bbox 909 2490 1262 2559; x_wconf 88' lang='grc' dir='ltr'><strong><em>βουλεύματα</em></strong></span> <span class='ocrx_word' id='word_1_271' title='bbox 1301 2497 1423 2555; x_wconf 88' lang='grc' dir='ltr'><strong><em>τοῖς</em></strong></span> <span class='ocrx_word' id='word_1_272' title='bbox 1460 2495 1594 2564; x_wconf 82' lang='grc' dir='ltr'><strong><em>περὶ</em></strong></span> <span class='ocrx_word' id='word_1_273' title='bbox 1633 2486 1830 2545; x_wconf 79' lang='grc' dir='ltr'><strong><em>αὐτόν·</em></strong></span> <span class='ocrx_word' id='word_1_274' title='bbox 1867 2494 1962 2543; x_wconf 86' lang='grc' dir='ltr'><strong><em>καὶ</em></strong></span> <span class='ocrx_word' id='word_1_275' title='bbox 2001 2494 2178 2554; x_wconf 83' lang='grc' dir='ltr'><strong><em>οὕτως</em></strong></span> <span class='ocrx_word' id='word_1_276' title='bbox 2221 2493 2467 2561; x_wconf 82' lang='grc' dir='ltr'><strong><em>ἀπέστη-</em></strong></span> <span class='ocrx_word' id='word_1_277' title='bbox 2505 2499 2552 2543; x_wconf 77' lang='lat'><strong><em>25</em></strong></span> 
     </span>
     <span class='ocr_line' id='line_1_27' title="bbox 372 2568 2472 2649; baseline 0 -23"><span class='ocrx_word' id='word_1_278' title='bbox 372 2589 475 2627; x_wconf 92' lang='grc' dir='ltr'><strong><em>σαν</em></strong></span> <span class='ocrx_word' id='word_1_279' title='bbox 515 2570 621 2626; x_wconf 78' lang='grc' dir='ltr'><strong><em>ἀπ’</em></strong></span> <span class='ocrx_word' id='word_1_280' title='bbox 667 2568 842 2627; x_wconf 74' lang='grc' dir='ltr'><strong><em>αὐτοῦ</em></strong></span> <span class='ocrx_word' id='word_1_281' title='bbox 874 2579 968 2628; x_wconf 84' lang='grc' dir='ltr'><strong><em>καὶ</em></strong></span> <span class='ocrx_word' id='word_1_282' title='bbox 1008 2572 1322 2647; x_wconf 78' lang='grc' dir='ltr'><strong><em>ἠνάγκασαν</em></strong></span> <span class='ocrx_word' id='word_1_283' title='bbox 1360 2581 1481 2646; x_wconf 81' lang='grc' dir='ltr'><strong><em>ὅτῳ·</em></strong></span> <span class='ocrx_word' id='word_1_284' title='bbox 1510 2581 1652 2630; x_wconf 83' lang='grc' dir='ltr'><strong><em>ποτὲ</em></strong></span> <span class='ocrx_word' id='word_1_285' title='bbox 1692 2581 1886 2649; x_wconf 81' lang='grc' dir='ltr'><strong><em>τρόπῳ</em></strong></span> <span class='ocrx_word' id='word_1_286' title='bbox 1917 2576 2250 2630; x_wconf 82' lang='grc' dir='ltr'><strong><em>ἀπολέσθαι</em></strong></span> <span class='ocrx_word' id='word_1_287' title='bbox 2277 2570 2472 2629; x_wconf 80' lang='grc' dir='ltr'><strong><em>αὐτόν·</em></strong></span> 
     </span>
    </p>

    <p class='ocr_par' dir='ltr' id='par_1_6' title="bbox 286 2656 2657 3078">
     <span class='ocr_line' id='line_1_28' title="bbox 286 2656 2472 2735; baseline -0 -19"><span class='ocrx_word' id='word_1_288' title='bbox 286 2665 350 2716; x_wconf 90' lang='grc'><strong><em>10</em></strong></span> <span class='ocrx_word' id='word_1_289' title='bbox 374 2656 599 2713; x_wconf 74' lang='grc' dir='ltr'><strong><em>οὐδέπω</em></strong></span> <span class='ocrx_word' id='word_1_290' title='bbox 638 2664 742 2732; x_wconf 84' lang='grc' dir='ltr'><strong><em>γὰρ</em></strong></span> <span class='ocrx_word' id='word_1_291' title='bbox 780 2665 874 2714; x_wconf 81' lang='grc' dir='ltr'><strong><em>καὶ</em></strong></span> <span class='ocrx_word' id='word_1_292' title='bbox 922 2670 1015 2714; x_wconf 84' lang='grc' dir='ltr'><strong><em>νῦν</em></strong></span> <span class='ocrx_word' id='word_1_293' title='bbox 1066 2667 1232 2714; x_wconf 82' lang='grc' dir='ltr'><strong><em>τοῦτό</em></strong></span> <span class='ocrx_word' id='word_1_294' title='bbox 1281 2680 1341 2732; x_wconf 92' lang='grc' dir='ltr'><strong><em>γε</em></strong></span> <span class='ocrx_word' id='word_1_295' title='bbox 1395 2662 1562 2735; x_wconf 87' lang='grc' dir='ltr'><strong><em>δῆλόν</em></strong></span> <span class='ocrx_word' id='word_1_296' title='bbox 1610 2667 1791 2716; x_wconf 83' lang='grc' dir='ltr'><strong><em>ἐστιν·</em></strong></span> <span class='ocrx_word' id='word_1_297' title='bbox 1841 2666 1969 2716; x_wconf 83' lang='grc' dir='ltr'><strong><em>ἐπεὶ</em></strong></span> <span class='ocrx_word' id='word_1_298' title='bbox 2017 2670 2129 2715; x_wconf 84' lang='grc' dir='ltr'><strong><em>τῶν</em></strong></span> <span class='ocrx_word' id='word_1_299' title='bbox 2177 2680 2237 2732; x_wconf 93' lang='grc' dir='ltr'><strong><em>γε</em></strong></span> <span class='ocrx_word' id='word_1_300' title='bbox 2288 2662 2472 2715; x_wconf 82' lang='grc' dir='ltr'><strong><em>ἄλλων</em></strong></span> 
     </span>
     <span class='ocr_line' id='line_1_29' title="bbox 367 2742 2473 2817; baseline 0.001 -18"><span class='ocrx_word' id='word_1_301' title='bbox 367 2751 547 2799; x_wconf 76' lang='grc' dir='ltr'><strong><em>ἕνεκεν</em></strong></span> <span class='ocrx_word' id='word_1_302' title='bbox 588 2742 749 2799; x_wconf 80' lang='grc' dir='ltr'><strong><em>ουδὲν</em></strong></span> <span class='ocrx_word' id='word_1_303' title='bbox 787 2746 1023 2800; x_wconf 86' lang='grc' dir='ltr'><strong><em>ἐκώλυεν</em></strong></span> <span class='ocrx_word' id='word_1_304' title='bbox 1063 2742 1231 2800; x_wconf 80' lang='grc' dir='ltr'><strong><em>αυτὸν</em></strong></span> <span class='ocrx_word' id='word_1_305' title='bbox 1269 2747 1590 2816; x_wconf 88' lang='grc' dir='ltr'><strong><em>βασιλεύειν</em></strong></span> <span class='ocrx_word' id='word_1_306' title='bbox 1628 2752 1725 2800; x_wconf 83' lang='grc' dir='ltr'><strong><em>τὸν</em></strong></span> <span class='ocrx_word' id='word_1_307' title='bbox 1753 2751 1978 2800; x_wconf 84' lang='grc' dir='ltr'><strong><em>ἅπαντα</em></strong></span> <span class='ocrx_word' id='word_1_308' title='bbox 2000 2752 2218 2814; x_wconf 87' lang='grc' dir='ltr'><strong><em>χρόνον,</em></strong></span> <span class='ocrx_word' id='word_1_309' title='bbox 2256 2745 2377 2816; x_wconf 81' lang='grc' dir='ltr'><strong><em>&lt;ὄν&gt;</em></strong></span> <span class='ocrx_word' id='word_1_310' title='bbox 2411 2766 2473 2817; x_wconf 90' lang='grc' dir='ltr'><strong><em>γε</em></strong></span> 
     </span>
     <span class='ocr_line' id='line_1_30' title="bbox 365 2830 2470 2905; baseline 0 -21"><span class='ocrx_word' id='word_1_311' title='bbox 365 2835 459 2884; x_wconf 84' lang='grc' dir='ltr'><strong><em>καὶ</em></strong></span> <span class='ocrx_word' id='word_1_312' title='bbox 496 2840 590 2884; x_wconf 85' lang='grc' dir='ltr'><strong><em>νῦν</em></strong></span> <span class='ocrx_word' id='word_1_313' title='bbox 629 2835 714 2884; x_wconf 82' lang='grc' dir='ltr'><strong><em>ἔτι</em></strong></span> <span class='ocrx_word' id='word_1_314' title='bbox 753 2830 964 2896; x_wconf 87' lang='grc' dir='ltr'><strong><em>πάντες</em></strong></span> <span class='ocrx_word' id='word_1_315' title='bbox 1001 2836 1357 2901; x_wconf 82' lang='grc' dir='ltr'><strong><em>ἐπιθυμοῦσι</em></strong></span> <span class='ocrx_word' id='word_1_316' title='bbox 1396 2831 1506 2905; x_wconf 81' lang='grc' dir='ltr'><strong><em>ζῆν.</em></strong></span> <span class='ocrx_word' id='word_1_317' title='bbox 1597 2836 1653 2885; x_wconf 88' lang='grc' dir='ltr'><strong><em>οἱ</em></strong></span> <span class='ocrx_word' id='word_1_318' title='bbox 1692 2833 1750 2884; x_wconf 81' lang='grc' dir='ltr'><strong><em>δὲ</em></strong></span> <span class='ocrx_word' id='word_1_319' title='bbox 1801 2832 2066 2885; x_wconf 86' lang='grc' dir='ltr'><strong><em>πλεῖστοι</em></strong></span> <span class='ocrx_word' id='word_1_320' title='bbox 2101 2836 2196 2885; x_wconf 84' lang='grc' dir='ltr'><strong><em>καὶ</em></strong></span> <span class='ocrx_word' id='word_1_321' title='bbox 2236 2834 2470 2897; x_wconf 86' lang='grc' dir='ltr'><strong><em>οι’,ονται</em></strong></span> 
     </span>
     <span class='ocr_line' id='line_1_31' title="bbox 364 2899 2657 2989; baseline 0 -20"><span class='ocrx_word' id='word_1_322' title='bbox 364 2920 571 2989; x_wconf 89' lang='grc' dir='ltr'><strong><em>καίπερ</em></strong></span> <span class='ocrx_word' id='word_1_323' title='bbox 621 2922 835 2989; x_wconf 91' lang='grc' dir='ltr'><strong><em>τρόπον</em></strong></span> <span class='ocrx_word' id='word_1_324' title='bbox 874 2924 1000 2971; x_wconf 84' lang='grc' dir='ltr'><strong><em>τινὰ</em></strong></span> <span class='ocrx_word' id='word_1_325' title='bbox 1042 2921 1139 2985; x_wconf 81' lang='grc' dir='ltr'><strong><em>οὐχ</em></strong></span> <span class='ocrx_word' id='word_1_326' title='bbox 1177 2918 1334 2983; x_wconf 81' lang='grc' dir='ltr'><strong><em>ἅπαξ</em></strong></span> <span class='ocrx_word' id='word_1_327' title='bbox 1384 2922 1557 2971; x_wconf 81' lang='grc' dir='ltr'><strong><em>αὐτοῦ</em></strong></span> <span class='ocrx_word' id='word_1_328' title='bbox 1591 2921 1962 2989; x_wconf 87' lang='grc' dir='ltr'><strong><em>τεθνηκότος,</em></strong></span> <span class='ocrx_word' id='word_1_329' title='bbox 2013 2916 2154 2969; x_wconf 82' lang='grc' dir='ltr'><strong><em>ἀλλὰ</em></strong></span> <span class='ocrx_word' id='word_1_330' title='bbox 2195 2917 2469 2981; x_wconf 80' lang='grc' dir='ltr'><strong><em>πολλάκις</em></strong></span> <span class='ocrx_word' id='word_1_331' title='bbox 2505 2899 2649 2969; x_wconf 71' lang='grc'><strong><em>30(505</em></strong></span> <span class='ocrx_word' id='word_1_332' title='bbox 2604 2942 2657 2986; x_wconf 82' lang='lat'><strong><em>11)</em></strong></span> 
     </span>
     <span class='ocr_line' id='line_1_32' title="bbox 365 3003 2472 3078; baseline 0 -23"><span class='ocrx_word' id='word_1_333' title='bbox 365 3005 506 3070; x_wconf 83' lang='grc' dir='ltr'><strong><em>μετὰ</em></strong></span> <span class='ocrx_word' id='word_1_334' title='bbox 558 3011 667 3056; x_wconf 83' lang='grc' dir='ltr'><strong><em>τῶν</em></strong></span> <span class='ocrx_word' id='word_1_335' title='bbox 722 3003 944 3076; x_wconf 90' lang='grc' dir='ltr'><strong><em>σφόδρα</em></strong></span> <span class='ocrx_word' id='word_1_336' title='bbox 996 3007 1312 3076; x_wconf 86' lang='grc' dir='ltr'><strong><em>οἰηθέντων</em></strong></span> <span class='ocrx_word' id='word_1_337' title='bbox 1361 3007 1528 3058; x_wconf 78' lang='grc' dir='ltr'><strong><em>αὐτὸν</em></strong></span> <span class='ocrx_word' id='word_1_338' title='bbox 1581 3003 1691 3078; x_wconf 79' lang='grc' dir='ltr'><strong><em>ζῆν.</em></strong></span> <span class='ocrx_word' id='word_1_339' title='bbox 1743 3036 1813 3043; x_wconf 92' lang='grc'>-</span> <span class='ocrx_word' id='word_1_340' title='bbox 1861 3007 1936 3056; x_wconf 84' lang='grc' dir='ltr'><strong><em>Σύ</em></strong></span> <span class='ocrx_word' id='word_1_341' title='bbox 1984 3007 2085 3072; x_wconf 83' lang='grc' dir='ltr'><strong><em>μὲν</em></strong></span> <span class='ocrx_word' id='word_1_342' title='bbox 2135 3007 2224 3056; x_wconf 80' lang='grc' dir='ltr'><strong><em>ἀεὶ</em></strong></span> <span class='ocrx_word' id='word_1_343' title='bbox 2275 3003 2472 3073; x_wconf 90' lang='grc' dir='ltr'><strong><em>λόγους</em></strong></span> 
     </span>
    </p>
   </div>
   <div class='ocr_carea' id='block_1_3' title="bbox 2583 2899 2673 2936">
    <p class='ocr_par' dir='ltr' id='par_1_7' title="bbox 2583 2899 2673 2936">
     <span class='ocr_line' id='line_1_33' title="bbox 2583 2899 2673 2936; baseline 0 -1"><span class='ocrx_word' id='word_1_344' title='bbox 2583 2899 2673 2936; x_wconf 89' lang='grc'>505]</span> 
     </span>
    </p>
   </div>
   <div class='ocr_carea' id='block_1_4' title="bbox 365 3139 2472 3840">
    <p class='ocr_par' dir='ltr' id='par_1_8' title="bbox 365 3139 2472 3840">
     <span class='ocr_line' id='line_1_34' title="bbox 516 3139 2472 3204; baseline 0.001 -17"><span class='ocrx_word' id='word_1_345' title='bbox 516 3146 536 3187; x_wconf 92' lang='grc'>1</span> <span class='ocrx_word' id='word_1_346' title='bbox 569 3139 808 3202; x_wconf 81' lang='grc' dir='ltr'><strong><em>ἐράμενον</em></strong></span> <span class='ocrx_word' id='word_1_347' title='bbox 836 3145 876 3187; x_wconf 94' lang='grc' dir='ltr'>Β</span> <span class='ocrx_word' id='word_1_348' title='bbox 1050 3148 1075 3189; x_wconf 84' lang='grc'><strong>2</strong></span> <span class='ocrx_word' id='word_1_349' title='bbox 1107 3139 1257 3192; x_wconf 78' lang='grc' dir='ltr'><strong><em>αὐτοῦ</em></strong></span> <span class='ocrx_word' id='word_1_350' title='bbox 1284 3144 1403 3194; x_wconf 86' lang='lat' dir='ltr'>libri,</span> <span class='ocrx_word' id='word_1_351' title='bbox 1435 3157 1551 3190; x_wconf 88' lang='lat' dir='ltr'><strong>corr.</strong></span> <span class='ocrx_word' id='word_1_352' title='bbox 1582 3144 1719 3190; x_wconf 88' lang='lat' dir='ltr'><strong>Dind.</strong></span> <span class='ocrx_word' id='word_1_353' title='bbox 1883 3143 2115 3204; x_wconf 81' lang='grc' dir='ltr'><strong><em>ἐραμένης</em></strong></span> <span class='ocrx_word' id='word_1_354' title='bbox 2145 3145 2184 3188; x_wconf 94' lang='grc' dir='ltr'><strong>Β</strong></span> <span class='ocrx_word' id='word_1_355' title='bbox 2213 3145 2472 3201; x_wconf 80' lang='lat' dir='ltr'>Poppaeam</span> 
     </span>
     <span class='ocr_line' id='line_1_35' title="bbox 369 3211 2472 3276; baseline 0.002 -19"><span class='ocrx_word' id='word_1_356' title='bbox 369 3213 480 3258; x_wconf 85' lang='lat' dir='ltr'><strong>dicit</strong></span> <span class='ocrx_word' id='word_1_357' title='bbox 654 3219 677 3258; x_wconf 89' lang='lat'><strong>3</strong></span> <span class='ocrx_word' id='word_1_358' title='bbox 710 3211 796 3273; x_wconf 78' lang='grc' dir='ltr'><strong><em>τὴν</em></strong></span> <span class='ocrx_word' id='word_1_359' title='bbox 825 3211 1049 3273; x_wconf 81' lang='grc' dir='ltr'><strong><em>πρόσθεν</em></strong></span> <span class='ocrx_word' id='word_1_360' title='bbox 1087 3216 1184 3262; x_wconf 84' lang='lat' dir='ltr'><strong>scil.</strong></span> <span class='ocrx_word' id='word_1_361' title='bbox 1217 3216 1450 3261; x_wconf 82' lang='lat' dir='ltr'><strong>Octaviam</strong></span> <span class='ocrx_word' id='word_1_362' title='bbox 1624 3221 1648 3261; x_wconf 85' lang='lat'><em>5</em></span> <span class='ocrx_word' id='word_1_363' title='bbox 1691 3211 1747 3264; x_wconf 82' lang='grc' dir='ltr'><strong><em>ού</em></strong></span> <span class='ocrx_word' id='word_1_364' title='bbox 1771 3212 2057 3276; x_wconf 84' lang='grc' dir='ltr'><strong><em>Ῥοδογούνη</em></strong></span> <span class='ocrx_word' id='word_1_365' title='bbox 2096 3213 2285 3274; x_wconf 81' lang='grc' dir='ltr'><strong><em>ἐλέγετο</em></strong></span> <span class='ocrx_word' id='word_1_366' title='bbox 2318 3217 2375 3260; x_wconf 84' lang='lat' dir='ltr'><strong><em>cf.</em></strong></span> <span class='ocrx_word' id='word_1_367' title='bbox 2407 3229 2472 3261; x_wconf 87' lang='lat' dir='ltr'><strong><em>or.</em></strong></span> 
     </span>
     <span class='ocr_line' id='line_1_36' title="bbox 366 3283 2469 3346; baseline 0.002 -18"><span class='ocrx_word' id='word_1_368' title='bbox 366 3283 517 3329; x_wconf 89' lang='lat' dir='ltr'><strong>LXIV</strong></span> <span class='ocrx_word' id='word_1_369' title='bbox 545 3286 572 3340; x_wconf 67' lang='grc' dir='ltr'><strong>ξ</strong></span> <span class='ocrx_word' id='word_1_370' title='bbox 592 3288 615 3327; x_wconf 83' lang='grc'>2</span> <span class='ocrx_word' id='word_1_371' title='bbox 733 3289 758 3328; x_wconf 85' lang='grc'>6</span> <span class='ocrx_word' id='word_1_372' title='bbox 791 3286 1051 3346; x_wconf 82' lang='grc' dir='ltr'><strong><em>διεκέκριτο</em></strong></span> <span class='ocrx_word' id='word_1_373' title='bbox 1083 3287 1140 3332; x_wconf 83' lang='lat' dir='ltr'><strong><em>cf.</em></strong></span> <span class='ocrx_word' id='word_1_374' title='bbox 1173 3287 1293 3333; x_wconf 82' lang='lat' dir='ltr'><strong>Plut.</strong></span> <span class='ocrx_word' id='word_1_375' title='bbox 1325 3287 1455 3333; x_wconf 87' lang='lat' dir='ltr'><strong>Rom.</strong></span> <span class='ocrx_word' id='word_1_376' title='bbox 1490 3292 1540 3333; x_wconf 86' lang='lat'><strong><em>15</em></strong></span> <span class='ocrx_word' id='word_1_377' title='bbox 1572 3292 1684 3333; x_wconf 81' lang='lat' dir='ltr'>extr.</span> <span class='ocrx_word' id='word_1_378' title='bbox 1831 3289 2022 3341; x_wconf 86' lang='grc' dir='ltr'><strong><em>παιδίας</em></strong></span> <span class='ocrx_word' id='word_1_379' title='bbox 2049 3289 2131 3334; x_wconf 84' lang='grc' dir='ltr'><strong><em>καὶ</em></strong></span> <span class='ocrx_word' id='word_1_380' title='bbox 2160 3287 2209 3330; x_wconf 92' lang='grc' dir='ltr'><strong>Μ</strong></span> <span class='ocrx_word' id='word_1_381' title='bbox 2327 3291 2349 3331; x_wconf 82' lang='lat'><strong>7</strong></span> <span class='ocrx_word' id='word_1_382' title='bbox 2383 3304 2469 3343; x_wconf 91' lang='grc' dir='ltr'><strong><em>αμ-</em></strong></span> 
     </span>
     <span class='ocr_line' id='line_1_37' title="bbox 370 3350 2385 3419; baseline 0 -18"><span class='ocrx_word' id='word_1_383' title='bbox 370 3356 568 3414; x_wconf 82' lang='grc' dir='ltr'><strong><em>πείχετο</em></strong></span> <span class='ocrx_word' id='word_1_384' title='bbox 593 3355 723 3400; x_wconf 90' lang='lat' dir='ltr'><strong><em>UBM</em></strong></span> <span class='ocrx_word' id='word_1_385' title='bbox 754 3350 1024 3416; x_wconf 68' lang='grc' dir='ltr'><strong><em>ἀμπίσχετο</em></strong></span> <span class='ocrx_word' id='word_1_386' title='bbox 1048 3359 1086 3402; x_wconf 95' lang='grc' dir='ltr'><strong>Τ</strong></span> <span class='ocrx_word' id='word_1_387' title='bbox 1108 3361 1154 3403; x_wconf 84' lang='lat' dir='ltr'><strong><em>et</em></strong></span> <span class='ocrx_word' id='word_1_388' title='bbox 1174 3359 1355 3416; x_wconf 72' lang='lat' dir='ltr'><strong>vu1gata</strong></span> <span class='ocrx_word' id='word_1_389' title='bbox 1443 3359 1651 3419; x_wconf 79' lang='grc' dir='ltr'><strong><em>αἰσθῆτα</em></strong></span> <span class='ocrx_word' id='word_1_390' title='bbox 1673 3359 1723 3402; x_wconf 91' lang='grc' dir='ltr'><strong>Μ</strong></span> <span class='ocrx_word' id='word_1_391' title='bbox 1810 3363 1836 3404; x_wconf 89' lang='grc'>9</span> <span class='ocrx_word' id='word_1_392' title='bbox 1866 3362 1947 3406; x_wconf 81' lang='grc' dir='ltr'><strong><em>καὶ</em></strong></span> <span class='ocrx_word' id='word_1_393' title='bbox 1969 3358 2156 3404; x_wconf 82' lang='lat' dir='ltr'><strong>seclusit</strong></span> <span class='ocrx_word' id='word_1_394' title='bbox 2173 3358 2385 3403; x_wconf 78' lang='lat' dir='ltr'><strong><em>Reiskius</em></strong></span> 
     </span>
     <span class='ocr_line' id='line_1_38' title="bbox 372 3421 2355 3489; baseline 0.001 -19"><span class='ocrx_word' id='word_1_395' title='bbox 372 3431 422 3470; x_wconf 90' lang='lat'><strong><em>10</em></strong></span> <span class='ocrx_word' id='word_1_396' title='bbox 453 3421 481 3485; x_wconf 80' lang='grc' dir='ltr'><em>ἦ</em></span> <span class='ocrx_word' id='word_1_397' title='bbox 514 3426 600 3472; x_wconf 83' lang='grc' dir='ltr'><strong><em>οῦν</em></strong></span> <span class='ocrx_word' id='word_1_398' title='bbox 629 3427 679 3470; x_wconf 93' lang='grc' dir='ltr'>Μ</span> <span class='ocrx_word' id='word_1_399' title='bbox 822 3429 870 3474; x_wconf 89' lang='grc' dir='ltr'><strong><em>τί</em></strong></span> <span class='ocrx_word' id='word_1_400' title='bbox 899 3431 974 3474; x_wconf 85' lang='grc' dir='ltr'><strong><em>δαὶ</em></strong></span> <span class='ocrx_word' id='word_1_401' title='bbox 1003 3428 1086 3474; x_wconf 90' lang='lat' dir='ltr'><strong><em>UB</em></strong></span> <span class='ocrx_word' id='word_1_402' title='bbox 1233 3434 1283 3475; x_wconf 87' lang='lat'><strong><em>11</em></strong></span> <span class='ocrx_word' id='word_1_403' title='bbox 1315 3425 1608 3489; x_wconf 73' lang='grc' dir='ltr'><strong><em>ὓπέσχεσθαι</em></strong></span> <span class='ocrx_word' id='word_1_404' title='bbox 1636 3431 1689 3475; x_wconf 91' lang='grc' dir='ltr'><strong>Μ</strong></span> <span class='ocrx_word' id='word_1_405' title='bbox 1835 3435 1885 3474; x_wconf 84' lang='grc'><strong><em>17</em></strong></span> <span class='ocrx_word' id='word_1_406' title='bbox 1917 3423 2276 3489; x_wconf 81' lang='grc' dir='ltr'><strong><em>οἷφαιρέσασθαι</em></strong></span> <span class='ocrx_word' id='word_1_407' title='bbox 2307 3427 2355 3471; x_wconf 89' lang='grc' dir='ltr'><strong>Μ</strong></span> 
     </span>
     <span class='ocr_line' id='line_1_39' title="bbox 369 3489 2469 3561; baseline 0 -20"><span class='ocrx_word' id='word_1_408' title='bbox 369 3501 423 3541; x_wconf 86' lang='lat'><strong><em>20</em></strong></span> <span class='ocrx_word' id='word_1_409' title='bbox 456 3489 583 3544; x_wconf 84' lang='grc' dir='ltr'><strong><em>ω’στε</em></strong></span> <span class='ocrx_word' id='word_1_410' title='bbox 615 3492 723 3544; x_wconf 80' lang='grc' dir='ltr'><strong><em>οὐδ’</em></strong></span> <span class='ocrx_word' id='word_1_411' title='bbox 754 3498 798 3544; x_wconf 88' lang='grc' dir='ltr'><strong><em>εἰ</em></strong></span> <span class='ocrx_word' id='word_1_412' title='bbox 823 3498 970 3552; x_wconf 85' lang='lat' dir='ltr'>UBM,</span> <span class='ocrx_word' id='word_1_413' title='bbox 1001 3500 1047 3544; x_wconf 90' lang='lat' dir='ltr'><strong><em>in</em></strong></span> <span class='ocrx_word' id='word_1_414' title='bbox 1069 3500 1107 3543; x_wconf 93' lang='lat' dir='ltr'>T</span> <span class='ocrx_word' id='word_1_415' title='bbox 1138 3501 1494 3559; x_wconf 82' lang='lat' dir='ltr'><strong>superscriptum</strong></span> <span class='ocrx_word' id='word_1_416' title='bbox 1516 3505 1599 3549; x_wconf 83' lang='grc' dir='ltr'><strong><em>καὶ</em></strong></span> <span class='ocrx_word' id='word_1_417' title='bbox 1619 3502 1665 3549; x_wconf 84' lang='grc' dir='ltr'><strong><em>ει</em></strong></span> <span class='ocrx_word' id='word_1_418' title='bbox 1668 3525 1685 3561; x_wconf 86' lang='grc'><strong><em>,-</em></strong></span> <span class='ocrx_word' id='word_1_419' title='bbox 1712 3501 1853 3547; x_wconf 85' lang='lat' dir='ltr'><strong>malui</strong></span> <span class='ocrx_word' id='word_1_420' title='bbox 1884 3493 2011 3547; x_wconf 84' lang='grc' dir='ltr'><strong><em>ω’στε</em></strong></span> <span class='ocrx_word' id='word_1_421' title='bbox 2041 3499 2286 3554; x_wconf 83' lang='lat' dir='ltr'>secludere,</span> <span class='ocrx_word' id='word_1_422' title='bbox 2318 3497 2469 3543; x_wconf 80' lang='lat' dir='ltr'>addito</span> 
     </span>
     <span class='ocr_line' id='line_1_40' title="bbox 366 3562 2468 3630; baseline -0.001 -15"><span class='ocrx_word' id='word_1_423' title='bbox 366 3562 488 3615; x_wconf 78' lang='grc' dir='ltr'><strong><em>άλλά</em></strong></span> <span class='ocrx_word' id='word_1_424' title='bbox 520 3570 625 3625; x_wconf 85' lang='lat' dir='ltr'><strong>post</strong></span> <span class='ocrx_word' id='word_1_425' title='bbox 654 3565 839 3615; x_wconf 82' lang='grc' dir='ltr'><strong><em>κελεύοι</em></strong></span> <span class='ocrx_word' id='word_1_426' title='bbox 869 3567 1004 3623; x_wconf 81' lang='grc' dir='ltr'><strong><em>τινὰ,·</em></strong></span> <span class='ocrx_word' id='word_1_427' title='bbox 1033 3572 1190 3617; x_wconf 90' lang='lat' dir='ltr'>eodem</span> <span class='ocrx_word' id='word_1_428' title='bbox 1221 3565 1346 3620; x_wconf 73' lang='grc' dir='ltr'><strong><em>ὥστε</em></strong></span> <span class='ocrx_word' id='word_1_429' title='bbox 1375 3575 1634 3630; x_wconf 83' lang='lat' dir='ltr'><strong>transponit</strong></span> <span class='ocrx_word' id='word_1_430' title='bbox 1663 3573 1768 3618; x_wconf 89' lang='lat' dir='ltr'>Wil.</span> <span class='ocrx_word' id='word_1_431' title='bbox 1803 3612 1806 3615; x_wconf 91' lang='lat'>.</span> <span class='ocrx_word' id='word_1_432' title='bbox 1859 3572 1916 3617; x_wconf 89' lang='lat' dir='ltr'><strong><em>cf.</em></strong></span> <span class='ocrx_word' id='word_1_433' title='bbox 1940 3571 2062 3617; x_wconf 82' lang='lat' dir='ltr'><strong>Suet.</strong></span> <span class='ocrx_word' id='word_1_434' title='bbox 2084 3571 2205 3617; x_wconf 83' lang='lat' dir='ltr'>Nero</span> <span class='ocrx_word' id='word_1_435' title='bbox 2231 3573 2280 3614; x_wconf 84' lang='lat'><strong><em>12</em></strong></span> <span class='ocrx_word' id='word_1_436' title='bbox 2310 3569 2468 3614; x_wconf 84' lang='lat' dir='ltr'><strong>Icarus</strong></span> 
     </span>
     <span class='ocr_line' id='line_1_41' title="bbox 365 3639 2471 3701; baseline -0 -17"><span class='ocrx_word' id='word_1_437' title='bbox 365 3640 512 3696; x_wconf 87' lang='lat' dir='ltr'><strong>primo</strong></span> <span class='ocrx_word' id='word_1_438' title='bbox 554 3640 706 3684; x_wconf 80' lang='lat' dir='ltr'><strong>statim</strong></span> <span class='ocrx_word' id='word_1_439' title='bbox 749 3645 915 3686; x_wconf 78' lang='lat' dir='ltr'><strong>conatu</strong></span> <span class='ocrx_word' id='word_1_440' title='bbox 959 3641 1089 3687; x_wconf 86' lang='lat' dir='ltr'><strong>iuxta</strong></span> <span class='ocrx_word' id='word_1_441' title='bbox 1138 3643 1395 3690; x_wconf 86' lang='lat' dir='ltr'><strong>cubiculum</strong></span> <span class='ocrx_word' id='word_1_442' title='bbox 1433 3645 1529 3690; x_wconf 84' lang='lat' dir='ltr'><strong><em>eius</em></strong></span> <span class='ocrx_word' id='word_1_443' title='bbox 1567 3644 1736 3690; x_wconf 78' lang='lat' dir='ltr'><strong>decidit</strong></span> <span class='ocrx_word' id='word_1_444' title='bbox 1774 3644 2010 3701; x_wconf 87' lang='lat' dir='ltr'><strong>ipsumque</strong></span> <span class='ocrx_word' id='word_1_445' title='bbox 2048 3652 2208 3686; x_wconf 89' lang='lat' dir='ltr'><strong>cruore</strong></span> <span class='ocrx_word' id='word_1_446' title='bbox 2252 3639 2471 3695; x_wconf 79' lang='lat' dir='ltr'>respersit</span> 
     </span>
     <span class='ocr_line' id='line_1_42' title="bbox 366 3706 2382 3772; baseline -0.006 -6"><span class='ocrx_word' id='word_1_447' title='bbox 366 3710 535 3767; x_wconf 81' lang='lat' dir='ltr'><strong>(Emp.)</strong></span> <span class='ocrx_word' id='word_1_448' title='bbox 630 3713 685 3755; x_wconf 83' lang='lat'><strong><em>26</em></strong></span> <span class='ocrx_word' id='word_1_449' title='bbox 706 3706 987 3758; x_wconf 71' lang='grc' dir='ltr'><strong><em>ἅπωλέσεαι</em></strong></span> <span class='ocrx_word' id='word_1_450' title='bbox 1008 3712 1057 3756; x_wconf 84' lang='grc' dir='ltr'><strong>Μ</strong></span> <span class='ocrx_word' id='word_1_451' title='bbox 1146 3717 1199 3760; x_wconf 89' lang='lat'><strong><em>28</em></strong></span> <span class='ocrx_word' id='word_1_452' title='bbox 1233 3707 1291 3761; x_wconf 76' lang='grc' dir='ltr'><strong><em>ὅν</em></strong></span> <span class='ocrx_word' id='word_1_453' title='bbox 1311 3716 1414 3762; x_wconf 77' lang='lat' dir='ltr'><strong>add.</strong></span> <span class='ocrx_word' id='word_1_454' title='bbox 1437 3717 1630 3761; x_wconf 79' lang='lat' dir='ltr'><strong>casaub.</strong></span> <span class='ocrx_word' id='word_1_455' title='bbox 1719 3719 1773 3760; x_wconf 87' lang='lat'><strong><em>30</em></strong></span> <span class='ocrx_word' id='word_1_456' title='bbox 1803 3714 1981 3772; x_wconf 75' lang='grc' dir='ltr'><strong><em>καίπερ</em></strong></span> <span class='ocrx_word' id='word_1_457' title='bbox 2001 3712 2149 3768; x_wconf 81' lang='lat' dir='ltr'><strong>Emp„</strong></span> <span class='ocrx_word' id='word_1_458' title='bbox 2177 3712 2259 3756; x_wconf 72' lang='grc' dir='ltr'><strong><em>καὶ</em></strong></span> <span class='ocrx_word' id='word_1_459' title='bbox 2278 3709 2382 3756; x_wconf 80' lang='lat' dir='ltr'>libri</span> 
     </span>
     <span class='ocr_line' id='line_1_43' title="bbox 366 3774 884 3840; baseline -0.002 -13"><span class='ocrx_word' id='word_1_460' title='bbox 366 3774 518 3828; x_wconf 75' lang='grc' dir='ltr'><strong><em>αὐτὸν</em></strong></span> <span class='ocrx_word' id='word_1_461' title='bbox 545 3778 815 3840; x_wconf 75' lang='grc' dir='ltr'><strong><em>τεθνηκότα</em></strong></span> <span class='ocrx_word' id='word_1_462' title='bbox 846 3782 884 3826; x_wconf 91' lang='grc' dir='ltr'>Β</span> 
     </span>
    </p>
   </div>
  </div>
 </body>
</html>
