2684 4140
364 263 469 311 300
1098 253 1303 299 DIONIS
1335 251 1736 297 CHARIDEMUS

366 409 443 466 ὡς
482 405 578 454 οὐκ
615 403 769 452 ἔστιν
809 399 1102 466 ἀνθρώπῳ
1142 392 1348 463 μείζων
1394 398 1601 466 ταύτης
1639 403 1740 467 τῆς
1781 393 1962 466 λύπης
1997 397 2092 447 καὶ
2131 394 2331 467 ὀδύνης
2369 406 2468 469 τῆς

276 492 343 543 22
368 490 612 555 ἀγούσης
649 486 749 536 ἐπὶ
797 485 894 534 τὸν
941 483 1215 534 θάνατον.
1291 478 1444 549 ἔλεγε
1483 477 1541 532 δὲ
1590 483 1684 532 καὶ
1731 474 1858 532 κατ’
1902 479 2078 549 ἄνδρα
2119 484 2279 551 ἔτερα
2320 481 2468 534 εἶναι

364 571 559 638 δεσμά,
598 574 720 631 τοῖς
755 571 858 635 μὲν
896 566 1128 632 ἐλάττω,
1168 572 1291 629 τοῖς
1331 565 1390 618 δὲ
1428 563 1600 633 μείζω
1629 567 1992 636 περικείμενα
2024 567 2217 636 ὥσπερ
2257 565 2465 628 πέδας·

359 654 667 707 καλεῖσθαι
719 652 778 704 δὲ
828 646 932 723 ὑφ’
974 657 1133 723 ἡμῶν
1173 652 1347 713 αὐτὰς
1395 649 1651 713 ἐλπίδας.
1743 653 1937 721 ὥσπερ
1991 651 2086 702 οὖν
2137 652 2238 713 τὰς
2287 649 2468 713 πέδας

364 743 672 792 κατωτάτω
710 745 814 789 τοῦ
839 740 1102 804 σώματος
1129 736 1278 788 εἶναι
1313 738 1408 788 καὶ
1433 738 1566 807 περὶ
1590 741 1714 798 τοῖς
1741 737 2003 802 ἐσχάτοις
2027 740 2273 805 μέρεσιν,
2316 739 2461 787 οὕτω
2498 745 2524 785 5

361 827 457 877 καὶ
505 825 606 886 τὰς
656 821 896 886 ἐλπίδας
943 824 1249 874 κατωτάτω
1303 821 1451 874 εἶναι
1495 823 1590 874 καὶ
1639 823 1774 890 περὶ
1824 823 1888 871 τὸ
1938 819 2258 873 τελευταῖον
2296 827 2469 892 μέρος

359 918 463 962 τοῦ
495 912 652 978 βίου,
703 912 798 962 καὶ
833 907 1082 976 μάλιστα
1133 906 1197 978 δὴ
1237 912 1461 977 κρατεῖν
1509 909 1641 969 τοὺς
1693 907 2044 975 ἀνθρώπους
2090 908 2185 957 καὶ
2234 907 2468 974 ἀναγκά-

361 993 473 1059 ζειν
535 997 723 1046 πάντα
783 997 1108 1060 πάσχοντας
1172 995 1492 1060 ὑπομένειν.
1586 997 1708 1055 τοῖς
1771 993 1873 1057 μὲν
1932 991 2027 1042 οὖν
2086 992 2349 1061 ἀνοήτοις
2410 1009 2470 1043 τε

359 1083 453 1132 καὶ
490 1078 748 1151 ἠλιθίοις
796 1082 1141 1150 ὑπερόγκους
1188 1096 1248 1130 τε
1296 1077 1445 1130 εἶναι
1487 1079 1589 1140 τὰς
1638 1077 1820 1140 πέδας
1857 1080 2066 1139 ταύτας
2112 1079 2207 1128 καὶ
2246 1075 2469 1147 σφόδρα

363 1168 631 1232 παχείας,
680 1171 802 1228 τοῖς
855 1164 914 1216 δὲ
964 1168 1349 1233 κομψοτέροις
1397 1161 1755 1229 κεχαλάσθαι
1802 1181 1864 1215 τε
1911 1164 2006 1214 καὶ
2056 1160 2266 1224 λεπτάς
2306 1178 2466 1232 περι-
2503 1170 2550 1212 1ο

275 1255 344 1309 23
365 1253 618 1304 κεῖσθαι.
682 1253 776 1303 καὶ
801 1253 904 1319 γάρ
944 1268 1036 1302 τοι
1063 1246 1401 1321 προσείκαζε
1436 1251 1530 1301 καὶ
1567 1253 1692 1320 ῥίνῃ
1732 1268 1805 1314 τι,
1846 1251 1995 1300 πάνυ
2035 1246 2309 1317 ἀνδρικῶς
2336 1250 2470 1298 έπό-
2488 1257 2635 1300 (30411)

361 1354 530 1404 μενος
568 1343 637 1407 τῇ
676 1338 877 1388 εἰκόνι·
926 1343 1092 1387 τοῦτο
1133 1334 1191 1387 δὲ
1232 1337 1341 1407 ἔφη
1381 1338 1589 1403 μόνους
1628 1337 1903 1405 εὑρίσκειν
1942 1336 2075 1396 τοὺς
2111 1334 2372 1400 κομψούς
2409 1350 2468 1383 τε

363 1424 459 1474 καὶ
497 1421 731 1492 δριμεῖς.
798 1419 1250 1473 ἀποκεκλεῖσθαι
1276 1422 1379 1490 γὰρ
1409 1422 1543 1472 αὐτὸ
1585 1424 1733 1472 πάνυ
1765 1421 2025 1490 ἀκριβῶς,
2057 1421 2251 1487 ὥσπερ
2292 1417 2350 1470 εἴ
2380 1435 2467 1480 τις
2485 1427 2671 1472 (555311.

364 1510 422 1559 ἐν
464 1506 828 1578 δεσμωτηρίῳ
881 1509 1039 1578 ῥίνην
1090 1509 1506 1577 ἀποκρύψειεν,
1559 1509 1717 1568 ὅπως
1765 1503 1962 1576 μηδεὶς
2014 1511 2125 1556 τῶν
2167 1503 2470 1571 δεσμωτῶν

368 1591 553 1660 λαβὼν
602 1595 802 1645 ἔπειτα
863 1590 1085 1644 λύσειεν
1142 1595 1358 1643 ἑαυτόν.
1445 1594 1577 1653 τοὺς
1626 1592 1721 1642 οὖν
1775 1589 2113 1661 φιλοτίμους
2159 1591 2255 1641 καὶ
2304 1587 2465 1660 φιλο·
2503 1596 2551 1638 15

366 1681 579 1739 πόνους
611 1676 776 1743 μόλις
813 1682 931 1744 μέν,
973 1680 1126 1743 ὅμως
1166 1675 1225 1728 δὲ
1254 1678 1616 1746 ἀνευρίσκειν.
1691 1674 2000 1727 καλεῖσθαι
2040 1673 2098 1726 δὲ
2138 1668 2241 1726 ὑπ’
2287 1676 2469 1725 αὐτῶν

368 1763 502 1814 αὐτὸ
533 1760 711 1830 λόγον.
779 1760 1014 1814 ἐπειδὰν
1043 1762 1138 1812 οὖν
1164 1764 1402 1826 τάχιστα
1431 1763 1655 1830 εὕρωσι,
1683 1761 1941 1830 χρῆσθαί
1978 1778 2039 1811 τε
2075 1762 2171 1811 καὶ
2206 1763 2363 1829 ῥινᾶν
2400 1760 2469 1809 τὰ

369 1846 548 1914 δεσμὰ
586 1849 680 1899 καὶ
717 1851 908 1898 ποιεῖν
947 1854 1046 1918 τῆς
1085 1844 1338 1909 ἁλύσεως
1376 1849 1439 1898 τὸ
1478 1839 1622 1897 καθ’
1669 1848 1872 1908 αὐτούς
1912 1847 1989 1907 ὡς
2029 1845 2148 1897 οἶόν
2187 1863 2247 1896 τε
2287 1846 2471 1910 ἰσχνό-

367 1950 537 1985 τατον
575 1935 669 1985 καὶ
707 1934 1148 1996 ἀσθενέστατον,
1186 1937 1382 2002 μέχρις
1420 1933 1487 1984 ἀν
1526 1925 1564 2002 ᾗ
1604 1930 1839 1984 δυνατὸν
1876 1933 2334 2002 κατεργάσωνται
2369 1931 2472 1990 τάς

280 2023 349 2073 24
369 2036 428 2070 τε
477 2017 686 2090 ήδονάς
730 2020 826 2070 καὶ
862 2019 964 2080 τὰς
1019 2016 1216 2080 λύπας.
1292 2015 1471 2087 βραδὺ
1511 2015 1570 2069 δὲ
1609 2023 1774 2068 τοῦτο
1822 2019 2087 2086 γίγνεται.
2162 2013 2327 2082 μόλις
2363 2016 2468 2085 γάρ
2504 2024 2552 2066 20

370 2105 553 2155 αὐτῶν
593 2106 623 2154 ὁ
663 2101 855 2171 λόγος,
897 2105 993 2154 ἅτε
1036 2109 1275 2173 στερεῶν
1317 2105 1492 2154 ὄντων
1531 2105 1627 2154 καὶ
1666 2101 2076 2168 ἀδαμαντίνων,
2115 2102 2474 2152 καθικνεῖται

363 2191 458 2240 καὶ
493 2189 634 2239 κατὰ
671 2190 869 2258 μικρὸν
897 2189 1191 2251 ἀπεσθίει,
1221 2185 1514 2249 παντελῶς
1542 2185 1600 2238 δὲ
1631 2188 1727 2238 οὐκ
1765 2189 1833 2239 ἂν
1873 2186 2101 2238 δύναιτο
2143 2185 2472 2256 δαπανῆσαι

366 2276 461 2325 καὶ
501 2272 721 2325 διελεῖν.
798 2276 905 2340 ὅτῳ
961 2266 1013 2324 δ’
1057 2275 1124 2324 ἂν
1174 2275 1463 2343 ἐγγένηται
1511 2279 1677 2325 τοῦτο
1717 2275 1782 2323 τὸ
1835 2275 2130 2343 φάρμακον
2167 2273 2263 2322 καὶ
2308 2268 2473 2341 φιλο-

369 2362 562 2421 πόνως
611 2358 759 2427 αὐτῷ
806 2361 1085 2429 χρήσηται
1137 2352 1216 2410 δι’
1268 2362 1480 2429 ἡμέρας
1527 2361 1621 2409 καὶ
1670 2360 1864 2420 νυκτὸς
1914 2351 2013 2428 ἐφ’
2069 2360 2203 2408 ὅσον
2254 2356 2374 2407 οἶόν
2413 2349 2467 2406 τ’

368 2446 540 2508 ἐστίν,
581 2446 815 2514 εὐχερῶς
858 2443 961 2515 ἤδη
1002 2446 1100 2515 τὴν
1131 2444 1383 2515 φρουρὰν
1424 2448 1586 2514 φέρει
1622 2445 1716 2495 καὶ
1742 2447 2101 2513 περιέρχεται
2139 2443 2295 2511 παρά
2334 2444 2467 2503 τοὺς
2503 2449 2553 2490 25

373 2528 578 2592 ἄλλους
619 2532 812 2600 ὥσπερ
855 2528 1166 2596 λελυμένος,
1203 2532 1298 2580 καὶ
1334 2536 1438 2580 τοῦ
1467 2531 1646 2598 χρεὼν
1673 2531 2017 2590 ἐπιστάντος
2055 2525 2269 2598 ῥᾳδίως
2308 2529 2471 2578 ἄπει-

381 2629 489 2679 σιν,
528 2618 605 2677 ὡς
643 2617 710 2667 ἂν
751 2617 936 2667 οὐκέτι
971 2617 1070 2683 βίᾳ
1106 2617 1482 2685 κρατούμενος
1523 2613 1650 2666 οὐδὲ
1694 2617 2084 2685 σφιγγόμενος.
2161 2615 2221 2664 ἐκ
2257 2615 2473 2664 τούτων

371 2703 550 2752 ἐνίοτε
593 2704 648 2752 οἱ
685 2703 821 2753 θεοί
858 2719 1016 2763 τινας
1053 2703 1147 2752 καὶ
1186 2699 1505 2771 παρέδρους
1544 2704 1768 2761 ἑαυτοῖς
1808 2706 2110 2751 ποιοῦνται
2149 2692 2227 2750 δι’
2272 2700 2473 2768 ἀρετὴν

370 2787 465 2837 καὶ
505 2788 732 2856 σοφίαν,
773 2784 1027 2837 καθόλου
1066 2793 1165 2857 τῆς
1202 2788 1479 2856 τιμωρίας
1518 2783 1960 2849 ἀπαλλάξαντες.

287 2873 354 2924 25
517 2878 693 2923 ταῦτα
730 2877 832 2938 μέν
870 2890 957 2933 τις
983 2872 1142 2923 εἶπεν
1170 2873 1306 2943 ἀνὴρ
1336 2870 1695 2941 δυσάρεστος,
1723 2872 1801 2931 ὡς
1826 2871 1932 2937 ἐγὼ
1963 2867 2125 2933 δοκῶ,
2163 2871 2257 2920 καὶ
2283 2866 2468 2919 πολλὰ
2506 2875 2556 2916 30

378 2954 760 3028 λελυπημένος
796 2958 938 3008 κατὰ
977 2960 1075 3008 τὸν
1112 2959 1253 3025 βίον,
1294 2960 1404 3026 ὀψὲ
1433 2955 1704 3018 παιδείας
1730 2954 1985 3026 ἀληθοῦς
2022 2949 2368 3025 ᾐσθημένος,
2410 2955 2473 3004 οὐ

523 3169 544 3210 1
576 3166 752 3211 malim:
783 3169 963 3224 μείζων
992 3164 1164 3226 ταύτης
1193 3166 1315 3226 λύπη
1342 3170 1422 3213 καὶ
1455 3160 1595 3226 ὀδύνη
1624 3169 1707 3226 τῆς
1731 3170 1818 3212 etc.
1953 3171 1977 3211 5
2006 3165 2293 3212 κατωτάτου
2322 3165 2364 3211 U

379 3239 404 3279 6
435 3240 671 3291 exspecto:
702 3235 789 3292 τὰς
818 3236 1014 3292 ἐλπίδας
1042 3242 1152 3299 περὶ
1172 3235 1228 3285 τὸ
1251 3235 1521 3286 κατωτάτω
1542 3235 1664 3285 εἶναι
1683 3241 1765 3285 καὶ
1785 3241 2063 3285 τελευταῖον
2084 3242 2170 3282 etc.
2271 3241 2318 3281 11
2356 3234 2477 3296 ῥίνηε

376 3310 467 3352 τινὶ
496 3308 577 3353 UB
608 3307 743 3367 ῥίνην
772 3312 863 3354 τινὶ
893 3310 956 3365 Μ,
990 3323 1106 3354 corr.
1139 3308 1371 3366 Pflugkius
1492 3313 1541 3354 13
1573 3304 1945 3368 ἀποκεκρύφθαι
1976 3309 2057 3354 UB
2182 3302 2313 3354 αὐτῶ
2341 3306 2391 3349 Μ

381 3382 434 3423 14
464 3371 786 3436 ἄποκλέψειεν
814 3380 864 3423 Μ
970 3384 1144 3434 παῖδας
1161 3384 1338 3440 βωτῶν
1362 3393 1447 3438 pro
1466 3383 1566 3426 τῶν
1586 3384 1843 3438 δεσμωτῶν
1872 3381 1922 3424 Μ
2034 3384 2085 3424 15
2117 3374 2283 3439 λαβὼν
2313 3374 2478 3424 ἔπειτα

379 3448 541 3505 scripsi
561 3451 682 3501 (item
705 3450 901 3494 Cobetus
924 3450 973 3495 C.
997 3450 1068 3495 Cr.
1090 3465 1136 3508 p.
1159 3455 1249 3507 68);
1284 3449 1443 3508 λάβοι,
1473 3449 1637 3499 ἔπειτα
1667 3452 1772 3497 libri
1891 3454 1943 3495 16
1971 3445 2210 3510 εὑρίσκειν
2228 3448 2269 3494 U
2357 3441 2474 3493 αὐτὸ

378 3513 654 3588 ὑπ’,αύτῶν
682 3520 785 3573 (hoc
817 3521 929 3572 ord.)
959 3522 1002 3566 U
1178 3527 1226 3566 17
1259 3536 1342 3580 pro
1382 3518 1500 3570 αὐτὸ
1538 3523 1690 3567 malim
1728 3525 1874 3569 τοῦτο
1904 3523 1974 3567 vel
2004 3517 2123 3569 αὐτὸ
2159 3519 2362 3577 (τοῦτο)

384 3593 437 3634 19
469 3591 498 3648 ᾗ
530 3589 720 3644 Selden.‚
749 3583 795 3648 ἧι
815 3590 856 3635 U
887 3587 917 3649 ἢ
938 3591 974 3634 Β
1006 3591 1050 3638 εἰ
1067 3592 1115 3635 Μ
1230 3590 1617 3653 κατεργάσονται
1636 3594 1678 3637 Μ
1786 3596 1840 3638 20
1869 3594 2054 3652 γίνεται
2074 3591 2113 3634 Β
2218 3593 2272 3635 23
2302 3589 2474 3634 malim:

379 3658 623 3720 ἐγγένηται
644 3658 859 3720 (εὑρεῖν)
877 3665 1024 3708 τοῦτο
1054 3667 1139 3707 etc.
1257 3668 1312 3708 24
1344 3659 1453 3711 οἷόν
1481 3681 1534 3711 τε
1563 3665 1613 3709 Μ
1729 3668 1782 3708 25
1814 3663 1979 3723 φέρειν
2007 3661 2153 3715 UBM,
2185 3660 2319 3719 φέρει
2350 3660 2388 3704 Τ

381 3734 436 3776 26
465 3728 625 3790 χρεὼν
652 3732 702 3776 Μ
728 3729 856 3790 χρεὼ
890 3732 926 3777 U
955 3737 1087 3792 χρεώ
1116 3734 1153 3777 Β
1272 3738 1324 3780 30
1356 3732 1416 3782 τὰ
1445 3749 1529 3792 pro
1560 3738 1712 3783 ταῦτα
1741 3734 1791 3777 Μ
1907 3737 1958 3778 31
1992 3733 2183 3785 παιδίας
2211 3732 2261 3775 Μ
