2684 4140
375 255 406 302 3
415 254 439 300 1
451 253 483 301 8
1215 241 1534 288 APPENDIX
1561 242 1641 287 111.

377 399 410 447 ὁ
450 397 717 459 Μέμνων.
793 392 852 441 ἐν
890 392 1068 456 τούτῳ
1107 392 1209 454 μέν
1258 405 1316 456 γε
1354 389 1448 438 καὶ
1484 389 1781 458 ὑπότυφός
1818 389 1972 438 ἐστιν
2010 388 2041 458 ἡ
2083 389 2374 458 έρμηνεία·
2413 392 2481 440 τὰ

378 478 438 530 δὲ
479 483 582 527 τοῦ
618 473 877 540 δευτέρου
911 476 1114 543 χρόνου
1152 470 1376 541 βιβλία,
1431 465 1617 542 ἥκιστ’
1663 473 1730 524 ἂν
1769 475 1826 524 ἐν
1867 473 2059 534 αὐτοῖς
2098 470 2245 534 ἴδοις
2278 477 2482 539 χαῦνόν

373 581 433 613 τι
483 562 578 612 καὶ
624 558 1141 630 διαπεφορημένον.
1222 555 1506 621 ἐξελαύνει
1553 559 1658 628 γάρ
1708 574 1799 608 τοι
1850 556 2172 628 φιλοσοφία
2222 560 2316 610 καὶ
2364 560 2480 610 ἀπὸ

362 644 624 714 γλώττης
672 645 915 714 τρυφήν,
965 645 1028 694 τὸ
1078 644 1356 714 ἐμβριθές
1404 660 1464 694 τε
1511 645 1605 694 καὶ
1653 645 1890 710 κόσμιον
1938 641 2144 706 κάλλος
2182 645 2480 712 ἀγαπῶσα,

307 740 331 781 5
378 732 583 781 ὁποῖόν
630 731 754 780 ἐστι
802 731 866 779 τὸ
917 730 1167 798 ἀρχαῖον,
1217 729 1358 803 κατὰ
1401 731 1574 799 φύσιν
1612 729 1736 794 ἔχον
1785 731 1880 780 καὶ
1928 734 2050 791 τοῖς
2086 731 2482 796 ὑποκειμένοις

376 816 601 878 οἰκεῖον,
654 813 725 864 οὖ
766 815 908 880 μετὰ
957 816 1089 876 τοὺς
1141 812 1265 866 λίαν
1305 815 1572 883 ἀρχαίους
1619 817 1714 866 καὶ
1750 816 1908 866 Δίων
1947 816 2332 882 ἐπιτυγχάνει,
2385 814 2479 867 διὰ

373 906 485 951 τῶν
536 904 941 969 πραττομένων
992 902 1120 964 ἰών,
1171 902 1273 951 κᾶν
1324 898 1450 970 λέγῃ
1506 902 1608 951 κᾶν
1661 898 2002 971 διαλέγηται.
2097 901 2243 952 ἔστω
2297 904 2479 971 παρά-

374 983 576 1053 δειγμα
614 992 714 1056 τῆς
752 983 999 1056 ἀφελοῦς
1039 987 1133 1037 καὶ
1171 987 1378 1055 κυρίως
1415 987 1650 1056 ἐχούσης
1688 987 1984 1056 ἑρμηνείας
2024 987 2055 1036 ὁ
2092 983 2475 1056 ἑκκλησιαστι-
2493 995 2551 1037 (40
2570 995 2617 1037 Ρ)

370 1073 471 1132 κός
509 1088 570 1122 τε
605 1072 699 1122 καὶ
749 1072 778 1121 ὁ
816 1069 1200 1138 βουλευτικός·
1250 1073 1301 1123 εἰ
1353 1069 1410 1122 δὲ
1458 1069 1678 1139 βούλει,
1727 1073 1821 1123 καὶ
1870 1073 2122 1122 ὁντινοῦν
2171 1078 2282 1123 τῶν
2332 1074 2477 1141 πρὸς

290 1168 335 1208 10
374 1157 480 1218 τὰς
518 1154 718 1218 πόλεις
745 1158 1051 1227 εἰρημένων
1076 1175 1136 1208 τε
1161 1159 1256 1208 καὶ
1282 1159 1717 1224 ἀνεγνωσμένων
1745 1160 2289 1227 προκεχειρισμένος,
2330 1155 2476 1218 ἴδοις

370 1242 439 1292 ἂν
479 1245 746 1311 ἑκατέραν
786 1240 942 1293 ἰδέαν
981 1244 1266 1313 ἀρχαϊκήν,
1307 1236 1434 1293 ἀλλ’
1469 1244 1532 1294 οὐ
1571 1250 1670 1313 τῆς
1708 1246 1984 1312 νεωτέρας
2022 1245 2188 1313 ήχοῦς
2213 1250 2312 1313 τῆς
2349 1244 2475 1293 ἑπι-

369 1330 654 1398 ποιούσης
679 1326 758 1395 τῴ
784 1325 978 1379 κάλλει
1012 1335 1111 1399 τῆς
1139 1331 1383 1399 φύσεως,
1423 1331 1626 1380 ὁποῖαι
1665 1331 1726 1380 αἱ
1765 1326 2058 1392 διαλέξεις,
2101 1327 2176 1379 ὧν
2214 1329 2475 1396 πρόσθεν

367 1414 877 1483 ἐμνημονεύσαμεν,
923 1415 954 1464 ὁ
997 1415 1243 1480 Μέμνων
1282 1432 1344 1465 τε
1379 1415 1579 1466 καὶτὰ
1627 1418 1856 1485 Τέμπη,
1910 1412 2072 1482 λόγος
2121 1432 2181 1465 τε
2232 1413 2395 1475 οὗτος
2445 1415 2476 1464 ὁ

366 1499 511 1548 κατὰ
551 1505 662 1549 τῶν
704 1496 1058 1569 φιλοσόφων.
1133 1501 1235 1550 κᾶν
1282 1500 1385 1570 γὰρ
1437 1501 1977 1570 ἀποπροσποιῆται,
2028 1501 2175 1550 πάνυ
2227 1506 2330 1549 τοῦ
2374 1499 2474 1550 θε-

283 1594 329 1635 15
371 1585 551 1652 άτρου
588 1585 804 1651 γίνεται
839 1585 934 1635 καὶ
970 1591 1068 1655 τῆς
1101 1586 1362 1652 χάριτος·
1398 1587 1492 1637 καὶ
1531 1586 1627 1636 οὐκ
1667 1587 1733 1636 ἂν
1773 1587 1959 1655 εὕροις
1997 1586 2296 1655 ῥητορείαν
2333 1585 2472 1634 ἑπα-

369 1666 783 1738 φροδιτοτέραν
832 1670 990 1738 παρὰ
1039 1667 1118 1736 τῴ
1168 1671 1379 1720 Δίωνι·
1431 1670 1462 1720 ὃ
1508 1671 1603 1721 καὶ
1651 1671 1961 1735 θαυμάσας
2014 1671 2119 1734 ἔχω
2170 1671 2269 1740 τὴν
2307 1671 2472 1738 τύχην

369 1751 750 1824 φιλοσοφίας,
809 1755 860 1804 εἰ
908 1755 1048 1824 μήτε
1094 1752 1366 1821 κωμῳδία
1415 1761 1526 1806 τῶν
1577 1752 1853 1825 Νεφελῶν
1900 1752 2110 1820 μᾶλλον
2160 1752 2470 1819 εὐδοκιμεῖ·

369 1835 498 1889 οὐδὲ
554 1839 658 1908 γὰρ
716 1840 871 1890 ἔστιν
930 1841 1124 1910 ἥντινα
1186 1841 1328 1906 μετὰ
1384 1848 1483 1911 τῆς
1541 1839 1669 1910 ἴσης
1726 1837 2014 1906 δυνάμεως
2056 1833 2473 1909 Ἀριστοφάνης

367 1923 707 1995 ἀπήγγελκε·
748 1927 1045 1996 τεκμήριον
1072 1933 1250 1977 ποιοῦ
1273 1933 1375 1977 τοῦ
1414 1924 1765 1996 στρογγύλως
1801 1928 1894 1977 καὶ
1935 1927 2032 1977 σύν
2071 1926 2263 1995 εὐροίᾳ
2303 1941 2471 1995 προε-

278 2020 326 2061 20
365 2011 655 2079 νηνέχθαι,

752 2094 754 2096 ’
786 2099 954 2166 κηρὸν
996 2094 1281 2167 διατήξας,
1321 2095 1443 2148 εἶτα
1483 2098 1581 2167 τὴν
1620 2093 1843 2164 ψύλλαν
1883 2094 2068 2163 λαβὼν

784 2183 1060 2250 ἐνέβαψεν
1100 2184 1182 2243 εἰς
1221 2185 1317 2233 τὸν
1353 2184 1521 2252 κηρὸν
1561 2182 1731 2252 αὐτῆς
1768 2182 1846 2231 τὼ
1887 2179 2058 2232 πόδε·

779 2251 923 2334 κᾷτα
966 2269 1207 2336 ψυγείσῃ
1249 2271 1602 2337 περιέφυσαν
1640 2268 1935 2336 Περσικαί.

782 2355 991 2414 ταύτας
1028 2351 1322 2414 ὑπολύσας
1361 2354 1651 2421 ἀνεμέτρει
1688 2355 1752 2403 τὸ
1787 2354 2025 2420 χωρίον·

283 2444 329 2484 25
362 2425 716 2506 Ἀριστείδην
753 2456 813 2489 τε
853 2440 884 2488 ὁ
921 2440 1067 2504 πρὸς
1101 2436 1386 2489 Πλάτωνα
1427 2436 1589 2505 λόγος
1626 2439 1769 2505 ὑπὲρ
1809 2444 1920 2488 τῶν
1957 2439 2248 2507 τεσσάρων
2288 2435 2466 2489 πολὺν
2491 2454 2549 2496 (18
2565 2453 2613 2496 R)

367 2518 625 2590 ἐκήρυξεν
663 2524 721 2573 έν
760 2528 881 2585 τοῖς
907 2517 1192 2593 Ἕλλησιν·
1235 2522 1399 2585 οὗτος
1435 2525 1537 2590 μὲν
1574 2525 1669 2574 καὶ
1705 2527 1899 2592 τέχνης
1931 2524 2160 2592 ἁπάσης
2201 2524 2454 2591 ἀμοιρῶν

367 2607 428 2656 ὅν
466 2622 525 2674 γε
566 2600 686 2658 οὐδ’
730 2609 797 2659 ἂν
837 2610 1146 2676 έπαγάγοις
1185 2607 1326 2659 εἴδει
1363 2611 1688 2679 ῥητορικῆς,
1742 2609 1937 2659 οὔκουν
1986 2610 2046 2658 ἑκ
2094 2614 2197 2658 τοῦ
2247 2606 2465 2659 δικαίου

368 2708 430 2758 γε
470 2694 564 2743 καὶ
601 2699 712 2744 τῶν
751 2697 936 2759 νόμων
962 2701 1061 2765 τῆς
1087 2698 1306 2764 τέχνης·
1350 2695 1703 2762 συγκείμενος
1732 2687 1783 2744 δ’
1817 2694 1911 2744 οὖν
1945 2694 2247 2762 ἀπορρήτῳ
2276 2690 2468 2743 κάλλει

362 2778 462 2827 καὶ
507 2779 817 2848 θαυμαστῇ
866 2797 979 2830 τινι
1022 2782 1242 2848 χάριτι,
1295 2781 1415 2849 εἰκῇ
1463 2796 1589 2840 πως
1637 2781 2025 2847 ἐπιτερπούσῃ
2065 2782 2187 2839 τοῖς
2227 2780 2467 2843 ὀνόμασι

286 2869 334 2910 30
371 2864 466 2913 καὶ
503 2867 624 2924 τοῖς
661 2865 932 2934 ῥήμασιν·
982 2863 1145 2926 οὗτός
1192 2883 1252 2915 τε
1292 2867 1322 2915 ὁ
1358 2866 1516 2916 Δίων
1563 2867 1777 2935 ἤκμασε
1814 2861 2062 2930 μάλιστα
2112 2865 2170 2914 έν
2208 2862 2289 2929 τῷ
2324 2864 2465 2913 κατὰ

367 2953 479 2997 τῶν
521 2946 875 3019 φιλοσόφων,
926 2951 1122 3019 ἥντινα
1171 2952 1265 3001 καὶ
1314 2948 1581 3000 καλοῦσιν
1631 2951 1807 3020 ἀκμήν
1859 2951 1915 2999 οἱ
1964 2950 2253 3018 νεώτεροι·
2303 2940 2461 2997 τοῦτ’

368 3033 523 3083 ἔστιν
560 3036 848 3101 ἡρμόσατο
897 3038 1420 3105 πανηγυρικώτερον
1460 3033 1663 3103 ἀνδρὸς
1702 3031 1976 3104 ἀφελοῦς,
2024 3035 2117 3084 καὶ
2163 3037 2358 3099 μέντοι
2405 3050 2464 3101 γε

369 3119 452 3177 εἰς
490 3120 589 3188 τὴν
622 3121 892 3188 τοιαύτην
942 3117 1098 3171 ἰδέαν
1139 3121 1307 3182 αὐτὸς
1346 3123 1519 3171 αὑτοῦ
1565 3122 1737 3189 ταύτῃ
1775 3122 2076 3189 κράτιστος
2120 3116 2324 3182 ἔδοξεν.
2403 3119 2465 3169 ού

368 3205 564 3266 μέντοι
600 3211 871 3255 τοσοῦτον
911 3206 942 3255 ὁ
965 3207 1123 3257 Δίων
1151 3204 1505 3277 έξωρχήσατο
1545 3208 1644 3277 τήν
1683 3207 1919 3275 ἀρχαίαν
1946 3207 2243 3276 ῥητορικήν
2282 3207 2340 3256 έν
2380 3205 2466 3267 οἷς

515 3370 540 3411 3
571 3369 1013 3428 διαπεφρονημένον
1042 3371 1080 3414 L
1199 3376 1223 3416 5
1254 3374 1335 3417 καὶ
1365 3384 1451 3416 om.
1481 3370 1520 3414 L
1639 3374 1660 3413 7
1691 3372 1772 3416 καὶ
1802 3370 2068 3430 διαλέγηται
2096 3371 2136 3414 L
2254 3375 2278 3416 8
2309 3366 2463 3430 α’σφα-

368 3441 481 3490 λοῦς
509 3437 549 3481 L
693 3442 790 3493 κῶς
819 3452 902 3496 pro
931 3442 1108 3498 κυρίως
1139 3442 1435 3500 (compendio)
1464 3442 1503 3485 L
1625 3445 1674 3486 10
1705 3439 2019 3500 ἐγνωσμένων
2048 3435 2154 3495 (cive
2180 3453 2404 3498 superscr.
2437 3454 2465 3485 a

368 3511 502 3561 corr.)
532 3507 571 3550 L
665 3511 1118 3568 προκεχειρισμένον
1150 3513 1188 3556 L
1219 3526 1277 3557 m.
1309 3526 1378 3569 pr.
1487 3509 1603 3566 ἴδοις
1633 3506 1677 3558 δ’
1709 3508 1770 3559 ἄν
1799 3512 1837 3555 L
1929 3516 1980 3557 13
2010 3508 2309 3571 ἐμνήσθημεν
2339 3511 2378 3554 L

372 3582 424 3621 14
456 3571 899 3635 οἶποπροσποιεῖται
928 3581 966 3624 L
1143 3588 1192 3628 15
1225 3582 1680 3644 ἐπαφροδιτωτέραν
1710 3583 1749 3627 L
1905 3587 1956 3627 19
1987 3576 2278 3641 ἀπήγγελται
2308 3582 2347 3625 L

368 3651 542 3696 ποιοῦν
569 3648 609 3692 L
755 3653 806 3694 23
838 3669 867 3710 y
898 3657 941 3696 et
971 3671 986 3697 ι
1015 3653 1061 3697 in
1094 3655 1312 3713 ψυγείσηι
1342 3668 1369 3699 a
1399 3668 1516 3700 corr.
1546 3655 1585 3699 L
1704 3659 1758 3699 24
1787 3649 2033 3707 ἀπολύσας
2063 3653 2101 3696 L
2219 3657 2269 3696 25
2303 3652 2352 3699 δὲ
2380 3666 2462 3708 pro

368 3736 420 3766 τε
450 3719 490 3763 L
608 3723 661 3765 33
694 3718 841 3780 ταύτῃ
872 3735 959 3768 om.
991 3723 1028 3766 L
1059 3737 1115 3767 m.
1147 3739 1212 3781 pr.
1245 3726 1409 3783 (suppl.
1438 3726 1486 3770 in
1514 3730 1642 3782 mrg.)
