2684 4140
340 273 406 319 12
1000 265 1210 310 DIONIS
1239 261 1778 309 BORYSTHENITICA

335 415 482 464 θεοῦ
518 409 760 474 ξυνιέναι
800 407 1161 474 δυναμένοις,
1211 408 1307 467 οὓς
1343 407 1569 476 Πέρσαι
1605 409 1818 476 μάγους
1857 405 2153 472 ἐκάλεσαν,
2192 411 2428 461 ἐπιστα-

332 501 534 562 μένους
567 494 914 562 θεραπεύειν
952 493 1015 541 τό
1057 488 1371 556 δαιμόνιον,
1415 483 1514 556 οὐχ
1552 485 1901 563 ὡςἝλληνες
1933 494 2131 562 ἀγνοίᾳ
2169 501 2272 545 τοῦ
2307 497 2429 546 ὀνό-

328 594 508 644 ματος
558 578 735 637 οὕτως
786 571 1156 641 ὀνομάζουσιν
1206 576 1554 645 ἀνθρώπους
1600 580 1823 648 γόητας.
1910 580 2114 630 ἐκεῖνοι
2163 577 2221 630 δὲ
2261 583 2330 630 τά
2368 597 2428 632 τε

329 660 470 712 ἄλλα
522 659 700 730 δρῶσι
746 661 886 711 κατὰ
928 657 1125 728 λόγους
1175 662 1360 730 ἱερούς
1408 663 1502 714 καὶ
1549 660 1612 734 δή
1654 662 1732 732 τῷ
1770 665 1873 716 Διὶ
1919 669 2227 735 τρέφουσιν
2277 668 2426 735 ἅρμα

327 747 588 797 Νισαίων
628 747 852 797 ἵππων·
894 747 950 796 οἱ
989 744 1052 797 δέ
1088 747 1203 797 εἰσι
1240 744 1534 798 κάλλιστοι
1569 750 1664 800 καὶ
1699 753 1959 817 μέγιστοι
1995 757 2107 801 τῶν
2144 751 2284 800 κατὰ
2323 753 2421 822 τὴν
2457 757 2484 798 5

241 831 309 881 42
324 823 546 882 Ἀσίαν·
584 829 664 898 τῷ
706 828 767 882 δέ
803 847 864 899 γε
892 822 1063 899 Ἡλίῳ
1104 834 1200 883 ἕνα
1241 833 1441 884 ἵππον.
1504 831 1832 904 ἐξηγοῦνται
1869 833 1928 886 δὲ
1968 838 2064 887 τὸν
2101 837 2289 901 μῦθον
2330 829 2429 901 οὐχ

328 917 521 985 ὥσπερ
573 918 630 967 οἱ
676 910 819 987 παρ’
873 921 1006 987 ήμῖν
1058 925 1358 989 προφῆται
1404 925 1516 970 τῶν
1565 921 1819 972 Μουσῶν
1879 924 2084 972 ἕκαστα
2149 917 2429 991 φράζουσι

323 1002 464 1067 μετὰ
514 999 729 1073 πολλῆς
778 1004 1050 1067 πειθοῦς,
1101 1001 1242 1054 ἀλλὰ
1279 1001 1444 1070 μάλα
1495 1000 1784 1068 αὐθαδῶς.
1875 1006 2022 1058 εἶναι
2069 1006 2172 1075 γὰρ
2224 1003 2288 1076 δὴ
2329 1012 2432 1056 τοῦ

327 1084 651 1153 ξύμπαντος
686 1089 822 1154 μίαν
861 1090 1080 1159 ἀγωγήν
1117 1107 1179 1140 τε
1215 1091 1310 1141 καὶ
1345 1093 1635 1160 ἡνιόχησιν
1661 1093 1774 1142 ὑπὸ
1802 1098 1901 1162 τῆς
1927 1093 2101 1162 ἄκρας
2127 1092 2428 1160 ἐμπειρίας

324 1189 385 1222 τε
421 1173 516 1224 καὶ
553 1175 746 1244 ῥώμης
782 1178 1110 1245 γιγνομένην
1149 1176 1255 1238 ἀεί,
1292 1177 1387 1227 καὶ
1422 1178 1629 1243 ταύτην
1668 1178 1963 1228 ἄπαυστον
2008 1179 2066 1228 ἐν
2105 1178 2425 1237 ἀπαύστοις
2462 1183 2510 1226 10

327 1259 533 1320 αἰῶνος
571 1257 881 1328 περιόδοις.
957 1262 1089 1322 τοὺς
1128 1258 1186 1311 δὲ
1221 1253 1414 1312 Ἡλίου
1451 1263 1546 1313 καὶ
1581 1260 1825 1332 Σελήνης
1865 1260 2123 1332 δρόμους,
2161 1262 2428 1331 καθάπερ
2457 1271 2643 1314 (94311)

325 1342 509 1408 εἷπον,
547 1351 732 1414 μερῶν
775 1344 923 1397 εἶναι
958 1348 1223 1416 κινήσεις,
1263 1348 1400 1398 ὅθεν
1440 1340 1545 1398 ὑπ’
1590 1349 1918 1418 ἀνθρώπων
1959 1349 2214 1417 ὁρᾶσθαι
2254 1351 2430 1418 σαφέ-

330 1443 541 1499 στερον.
634 1437 733 1500 τῆς
773 1429 831 1482 δὲ
881 1437 985 1482 τοῦ
1031 1429 1354 1498 ξύμπαντος
1402 1434 1674 1503 κινήσεως
1710 1436 1803 1485 καὶ
1843 1439 2022 1504 φορᾶς
2058 1435 2131 1503 μὴ
2184 1430 2430 1496 ξυνιέναι

239 1513 307 1564 43
328 1516 460 1576 τοὺς
498 1512 762 1579 πολλούς,
803 1509 931 1566 ἀλλ’
975 1518 1195 1584 ἀγνοεῖν
1232 1519 1296 1568 τό
1334 1519 1580 1585 μέγεθος
1618 1516 1781 1570 τοῦδε
1818 1525 1922 1569 τοῦ
1956 1520 2186 1587 ἀγῶνος.
2256 1519 2320 1568 τὸ
2361 1515 2425 1587 δὴ

326 1600 467 1664 μετὰ
494 1606 659 1650 τοῦτο
683 1602 1022 1667 αἰσχύνομαι
1050 1597 1283 1671 φράζειν
1308 1608 1420 1653 τῶν
1448 1603 1645 1654 ἵππων
1673 1607 1808 1673 πέρι
1831 1605 1924 1655 καὶ
1942 1612 2041 1674 τῆς
2062 1604 2421 1674 ἡνιοχήσεως,
2461 1609 2507 1651 15

327 1686 486 1745 ὅπως
523 1682 886 1755 ἐξηγούμενοι
926 1683 1304 1753 λέγουσιν,οὐ
1344 1690 1493 1739 πάνυ
1533 1706 1590 1739 τι
1618 1685 2010 1758 φροντίζοντες
2036 1691 2231 1755 ὅμοιόν
2261 1701 2430 1757 σφισι

325 1770 625 1837 γίγνεσθαι
656 1778 914 1841 πανταχῇ
946 1773 1010 1822 τὸ
1038 1779 1137 1842 τῆς
1164 1774 1393 1834 εἰκόνος.
1461 1771 1601 1835 ι’σως
1639 1774 1741 1843 γάρ
1782 1775 1848 1824 ἂν
1877 1775 2185 1852 φαινοίμην
2212 1775 2430 1834 ἄτοπος

327 1856 484 1925 παρὰ
506 1848 789 1926 Ἑλληνικά
829 1874 888 1908 τε
925 1858 1020 1908 καὶ
1051 1858 1318 1927 χαρίεντα
1348 1850 1577 1926 ᾄσματα
1604 1859 1947 1929 βαρβαρικὸν
1988 1853 2142 1926 ᾆσμα
2171 1856 2428 1926 ἐπᾴδων·

326 1943 478 2007 ὅμως
507 1939 565 1993 δὲ
593 1940 916 2013 τολμητέον.
984 1945 1128 2014 φασὶ
1165 1950 1277 1995 τῶν
1318 1945 1515 1995 ἵππων
1554 1947 1651 1996 τὸν
1690 1951 1918 2012 πρῶτον
1946 1946 2171 1996 ἄνωθεν
2210 1943 2428 2011 ἀπείρω

328 2023 622 2098 διαφέρειν
671 2026 864 2080 κάλλει
901 2046 961 2080 τε
998 2031 1092 2081 καὶ
1129 2031 1365 2098 μεγέθει
1402 2032 1495 2082 καὶ
1532 2038 1823 2100 ταχυτῆτι,
1875 2033 1971 2082 ἅτε
2011 2028 2227 2094 ἔξωθεν
2265 2043 2425 2097 περι·
2462 2036 2512 2077 20

326 2116 591 2181 τρέχοντα
631 2116 694 2164 τὸ
733 2115 1004 2184 μήκιστον
1042 2121 1145 2165 τοῦ
1182 2113 1410 2185 δρόμου,
1454 2117 1629 2166 αὐτοῦ
1663 2118 1846 2186 Ζηνὸς
1886 2118 2064 2184 ἱερόν·
2118 2115 2330 2184 πτηνὸν
2371 2109 2430 2162 δὲ

327 2198 500 2249 εἶναι·
550 2202 648 2269 τήν
700 2197 758 2250 δὲ
804 2202 978 2269 χρόαν
1030 2198 1316 2270 λαμπρόν,
1375 2202 1544 2272 αὐγῆς
1593 2209 1691 2272 τῆς
1742 2202 2184 2271 καθαρωτάτης·
2234 2200 2331 2249 τὸν
2371 2194 2430 2247 δὲ

312 2277 512 2336 Ἠλιον
551 2287 609 2336 ἐν
648 2284 800 2353 αυτῷ
835 2286 929 2336 καὶ
966 2287 1132 2356 τὴν
1091 2283 1334 2356 Σελήνην
1375 2291 1578 2356 σημεῖα
1617 2295 1884 2358 προφανῆ
1923 2287 2194 2356 ὁρασθαι,
2236 2285 2429 2350 ὥσπερ

329 2368 491 2436 οἶμαι
526 2371 620 2421 καὶ
656 2369 833 2422 τῶνδε
870 2377 981 2422 τῶν
1022 2372 1219 2422 ἵππων
1257 2373 1379 2423 ἐστὶ
1420 2377 1640 2442 σημεῖα,
1680 2373 1748 2423 τὰ
1786 2375 1887 2438 μὲν
1924 2369 2326 2442 μηνοειδῆ,τά
2369 2366 2427 2418 δὲ

244 2454 313 2504 44
336 2452 553 2506 ἀλλοῖα.
640 2463 815 2506 ταῦτα
856 2454 915 2507 δὲ
963 2449 1067 2527 ὑφ
1120 2460 1278 2526 ήμῶν
1327 2458 1578 2525 ορᾶσθαι
1625 2461 2106 2527 συνεστραμμένα,
2156 2456 2424 2522 καθάπερ
2463 2463 2613 2506 25(450
2633 2464 2677 2505 M?

326 2538 447 2608 <ἐν>
485 2542 625 2612 αὐγῇ
664 2539 896 2612 λαμπρᾷ
939 2540 1150 2612 φλογὸς
1191 2543 1519 2613 σπινθῆρας
1569 2545 1829 2613 ἰσχυρούς
1867 2541 2235 2605 διαθέοντας,
2278 2537 2428 2591 ἰδίαν

331 2624 390 2677 δὲ
427 2627 647 2696 κίνησιν
685 2628 830 2692 ἔχειν
867 2620 1008 2678 καθ
1053 2629 1210 2678 αὑτά.
1283 2630 1378 2679 καὶ
1415 2625 1591 2679 τᾶλλα
1630 2630 1810 2698 ἄστρα
1852 2621 1931 2680 δι’
1975 2629 2187 2679 ἐκείνου
2231 2626 2429 2695 φαινό-

327 2729 466 2777 μενα
504 2713 598 2763 καὶ
637 2710 932 2778 ξύμπαντα
971 2714 1181 2764 ἐκείνου
1221 2715 1515 2783 πεφυκότα
1553 2717 1691 2783 μέρη
1732 2714 1801 2764 τὰ
1853 2716 1954 2779 μὲν
2002 2710 2429 2782 περιφέρεσθαι

332 2799 430 2848 σὺν
471 2797 624 2865 αὐτῷ
660 2799 796 2864 μίαν
834 2800 1040 2868 ταύτην
1078 2799 1274 2864 ἔχοντα
1311 2800 1547 2869 κίνησιν,
1586 2799 1655 2848 τά
1686 2796 1746 2849 δὲ
1774 2796 1978 2860 ἄλλους
2008 2800 2140 2849 θεῖν
2169 2795 2426 2866 δρόμους.

326 2885 612 2950 τυγχάνειν
653 2882 711 2934 δὲ
751 2885 908 2954 παρὰ
947 2888 1068 2946 τοῖς
1107 2885 1446 2953 ἀνθρώποις
1483 2890 1657 2934 ταῦτα
1695 2885 1797 2950 μὲν
1837 2881 1984 2935 ἰδίου
2024 2886 2257 2935 ἕκαστον
2304 2881 2425 2931 ὀνό-
2462 2893 2674 2939 30(95an

473 3110 491 3149 1
527 3106 814 3164 δυναμένους
842 3107 891 3151 Μ
979 3110 1004 3151 3
1035 3101 1328 3167 ἀνθρώπους
1363 3106 1411 3150 Μ
1443 3101 1616 3160 αὐτοὺς
1646 3106 1767 3152 UBT
1856 3112 1880 3151 5
1912 3108 2130 3154 Νισαίων
2160 3106 2197 3150 Β
2218 3107 2430 3166 νησαίων

329 3175 462 3221 MUT
576 3175 778 3236 μεγάλοι
808 3178 888 3223 UT
1006 3182 1031 3222 6
1058 3176 1223 3225 ἵππων
1252 3179 1302 3223 Μ
1431 3181 1501 3225 τῶ
1529 3181 1669 3236 μῦθω
1699 3178 1821 3232 (sict)
1852 3178 1891 3222 T
2009 3183 2031 3221 7
2065 3183 2311 3238 προφῆται
2341 3191 2427 3223 om.

330 3248 450 3294 UBT
599 3254 649 3293 10
679 3243 771 3295 ἄπ’
803 3245 952 3296 αὐτὸν
983 3250 1033 3294 Μ
1181 3255 1228 3295 11
1270 3242 1498 3309 καθάπερ
1533 3247 1697 3297 ἵππων
1725 3249 1847 3295 UBT
1978 3253 2028 3294 12
2059 3251 2237 3308 κίνησις
2265 3249 2316 3293 Μ

331 3314 414 3367 ὑπ’
446 3314 726 3381 ἀνθρώπων
755 3321 943 3377 scripsi,
979 3314 1068 3368 ὑπ’
1101 3316 1261 3368 αὐτῶν
1288 3321 1391 3366 libri
1539 3326 1590 3368 13
1621 3326 1824 3377 ξυνεῖναι
1851 3321 1971 3377 libri,
2002 3334 2119 3366 corr.
2149 3320 2318 3365 Reiske

338 3395 384 3435 17
418 3390 644 3450 γενέσθαι
672 3390 710 3433 Τ
827 3385 1026 3445 ἀτόπως
1055 3391 1136 3437 UT
1229 3395 1278 3437 18
1308 3396 1627 3453 βαρβαρικῶν
1665 3385 1795 3458 ᾆσμα
1816 3392 1937 3438 UBT
1969 3384 2100 3458 ᾆσμα
2130 3392 2216 3436 del.
2238 3390 2344 3436 wil.

332 3463 518 3508 παίδων
546 3460 720 3507 UBTM
750 3461 848 3515 (sed
877 3465 983 3506 ante
1012 3462 1100 3507 hoc
1120 3462 1306 3508 verbum
1327 3469 1372 3508 et
1390 3464 1439 3509 in
1458 3464 1604 3510 medio
1625 3477 1812 3520 rasura3
1840 3463 1984 3509 fuisse
2003 3463 2175 3508 videtur
2195 3458 2426 3508 έπαύδων.

332 3533 482 3590 Emp.)
597 3535 649 3576 19
671 3527 760 3578 τὸν
779 3544 861 3588 pro
891 3535 989 3578 τῶν
1009 3533 1047 3576 Β
1163 3530 1221 3579 τὸ
1255 3537 1454 3594 πρῶτον
1484 3536 1523 3581 Τ
1640 3539 1693 3580 20
1722 3534 1872 3593 κάλλη
1901 3533 1951 3577 Μ
2072 3525 2160 3579 ἅτε
2187 3532 2335 3588 Emp-‚
2365 3529 2426 3577 ’τά

333 3620 384 3649 τε
414 3603 517 3648 libri
633 3605 687 3647 25
718 3597 850 3659 ὑμῶν
879 3601 916 3645 Β
1034 3606 1087 3646 26
1117 3601 1170 3649 ἐν
1199 3604 1302 3650 add.
1332 3604 1501 3651 Reiske
1615 3600 1733 3665 αὐγὴ
1763 3603 1958 3663 λαμπρὰ
1993 3601 2121 3648 ΠΒΜ
2245 3604 2297 3645 27
2329 3597 2426 3660 ἔχει

334 3673 453 3720 UBT
483 3665 642 3728 (οὕτω
673 3672 752 3729 δὲ)
781 3674 863 3719 καὶ
891 3672 997 3718 Wil.
1029 3673 1239 3720 dubitans
1356 3672 1414 3724 τὰ
1450 3673 1571 3724 ἄλλα
1602 3676 1681 3721 ΒΤ
1815 3671 1880 3722 δι’
1910 3672 2098 3721 ἐκείνου
2126 3673 2199 3717 vix
2228 3685 2340 3718 sana

333 3749 385 3790 28
418 3748 499 3792 καὶ
528 3741 588 3792 τὰ
618 3743 705 3802 μὲν
736 3742 870 3797 UBT,
901 3743 949 3787 M
979 3755 1022 3790 a..
1053 3757 1111 3790 m.
1145 3759 1182 3789 s.
1300 3749 1353 3790 29
1385 3747 1535 3792 malim
1566 3744 1670 3794 τινὰ
1702 3747 1752 3794 δὲ
