2684 4140
355 301 458 352 352
1285 294 1548 343 INDICES.

413 442 622 500 χαλκοῦς
653 435 848 484 ἑστάναι
875 437 999 496 μέγα
1028 427 1322 494 ποιούμενος
1343 436 1390 481 II
1490 439 1570 484 καὶ
1618 430 1964 494 σκωπτόμενος
2002 430 2090 483 οὐκ
2130 432 2349 497 ἠνείχετο
2391 444 2473 487 καὶ

420 512 576 563 18,19.
608 533 664 540 --
693 507 740 551 II
771 511 841 560 95,
865 510 905 551 8.
936 533 994 540 —
1024 501 1158 570 αὑτῷ
1183 503 1247 566 μὴ
1280 501 1390 567 α’ρὲ·
1492 508 1613 555 ποτέ
1651 525 1696 554 τι
1734 504 1861 554 κατὰ
1890 511 1973 566 τῆς
2003 508 2144 567 τύχης
2171 506 2469 568 ἐθρασύνετο

415 594 595 624 σκοντα
617 576 852 639 εἰσηγεῖτο
872 570 1149 637 Άθηναίοις,
1178 573 1288 626 ἄλλ’
1320 573 1393 632 οἷς
1492 578 1539 622 II
1563 582 1658 633 153,
1683 582 1750 623 10.
1773 602 1830 610 -
1859 578 2097 623 citharista
2126 579 2473 626 Lacedaemonii

418 641 592 702 αὐτοὺς
648 642 959 706 ὑπελάμβανε
1021 646 1289 710 χρήσεσθαι
1347 649 1394 694 ΙΙ
1494 649 1705 693 dicuntur
1735 644 1821 707 τήν
1851 664 1904 695 τε
1932 648 2144 710 κιθάραν
2175 644 2326 698 αὐτόν
2355 645 2470 709 άφε-

413 722 513 776 223,
531 722 571 764 6.
603 744 659 751 —-
689 714 776 778 τὴν
796 714 924 777 α’ρὰν
943 712 1002 777 ἣν
1016 715 1262 779 Ἀθηναῖοι
1283 723 1394 780 περὶ
1494 719 1664 765 λὲσθαι
1702 721 1784 765 καὶ
1822 722 1920 765 τῶν
1955 724 2148 780 χορδῶν
2193 717 2279 776 τὰς
2315 738 2473 782 περιτ-

415 793 514 836 τιῦν
537 786 771 844 Σόλωνος
791 784 962 837 ἔθεντο
984 787 1150 848 νόμων
1172 797 1276 846 τοῖς
1293 789 1392 837 ἐπι·
1495 788 1582 844 τὰς
1601 787 1819 846 ἐκτεμεῖν
1841 794 1938 846 313,
1962 794 2032 836 23.
2054 817 2103 823 —-
2125 792 2291 838 tibicen
2313 798 2350 850 1,
2372 798 2470 852 1sq.

416 863 630 918 χειροῦσι
659 859 917 908 καταλύειν
935 862 980 906 ΙΙ
1001 865 1099 918 224,
1117 866 1157 909 2.
1183 888 1233 895 -
1257 859 1392 921 φιλό·
1498 886 1551 892 -
1585 863 1682 917 285,
1716 864 1756 904 2.

418 946 572 989 σοφος
601 925 654 977 ἐν
683 933 905 997 πολιτείᾳ
932 932 979 977 II
1010 936 1108 987 271,
1142 935 1212 978 20.
1439 932 1769 988 Tissaphernes
1803 926 1890 978 οὐκ
1912 928 2076 989 α’)’μοσε
2098 940 2201 987 τοῖς
2224 936 2333 994 περὶ
2357 935 2471 981 Κλέ-

360 1002 551 1047 Sotades
582 1001 692 1047 civis
723 1002 956 1061 Carystius
988 1007 1087 1058 201,
1120 1009 1160 1049 1.
1495 1017 1669 1062 αρχον;
1701 1002 1748 1046 II
1781 1006 1875 1056 197,
1909 1006 1949 1048 8.

357 1115 512 1161 Tellus
541 1115 586 1160 ῙῙ
622 1119 718 1171 149,
752 1120 820 1160 10.
1436 1130 1617 1175 Xerxes
1661 1142 1769 1172 num
1812 1129 1986 1175 validus
2032 1130 2170 1175 fuerit
2215 1145 2471 1189 magnaque

357 1186 608 1244 Thamyras
638 1186 684 1230 II
717 1190 813 1243 178,
845 1189 915 1232 20.
1492 1200 1700 1256 potentia
1737 1200 1971 1256 praeditus
2003 1215 2069 1247 or.
2116 1202 2184 1247 111
2212 1204 2239 1261 ξ
2271 1208 2470 1250 30-42.

359 1257 621 1313 Thea-genes
661 1256 857 1302 Thasius
894 1257 1092 1312 athleta,
1138 1257 1194 1303 de
1240 1259 1394 1303 Ststssua
1493 1296 1548 1302 —
1566 1271 1651 1316 toti
1667 1272 1805 1316 Asiae
1829 1272 2065 1328 imperavit
2081 1286 2225 1331 usque
2245 1275 2303 1320 ad
2320 1276 2469 1331 Indos,

415 1328 512 1372 eius
527 1327 683 1373 fabula
700 1332 912 1373 narratur
928 1343 991 1374 or.
1002 1328 1192 1385 XXXI§
1206 1332 1390 1374 95—97.
1494 1341 1666 1398 Libyae
1718 1341 1940 1386 maximae
1990 1343 2132 1398 parti,
2181 1347 2229 1390 in
2283 1347 2472 1404 Europa

361 1397 686 1444 Themistocles
726 1398 947 1446 ἐκπεσεῖν
987 1400 1054 1454 ὡς
1099 1398 1391 1456 προδιδόντα
1493 1413 1717 1458 Thraciae
1739 1417 1785 1457 et
1805 1412 2102 1459 Macedoniae
2132 1419 2201 1470 40,
2227 1421 2264 1460 1,
2289 1441 2346 1449 —-
2370 1430 2470 1461 cum

417 1473 501 1514 etc.
530 1469 575 1513 II
602 1473 695 1526 190,
718 1473 785 1514 23.
809 1496 862 1502 -
883 1471 929 1515 II
949 1473 1048 1525 271,
1073 1475 1138 1515 17·
1171 1496 1225 1503 -
1245 1470 1390 1514 Athe·
1492 1483 1630 1528 Asiae
1649 1488 1805 1539 gentes
1827 1484 1874 1527 in
1897 1484 2132 1530 Graeciam
2155 1487 2354 1541 duceret,
2376 1502 2468 1534 non

414 1539 636 1585 nienssium
667 1541 879 1597 daemon3
919 1541 1066 1586 effeCst·
1095 1545 1148 1586 ¹1¹²
1177 1542 1289 1586 urbe
1319 1554 1389 1586 Υθ·
1495 1554 1667 1610 regium
1680 1567 1794 1611 opus
1807 1554 2470 1618 Ϊθοίῒ,εθᾶμαγειρικόν63,22.

415 1611 526 1655 licta
565 1612 753 1656 navibus
793 1624 843 1656 se
882 1613 1141 1669 crederent3
1180 1612 1391 1657 Piraeum
1492 1650 1548 1656 -
1579 1625 1805 1670 exercitus
1828 1629 1924 1681 292,
1947 1630 2016 1671 29,
2042 1652 2092 1658 -
2117 1634 2304 1685 propter
2324 1634 2466 1676 πλεο-

418 1681 557 1726 muris
589 1682 729 1726 01⁰3st
757 1683 802 1726 ῙῙ
833 1686 931 1736 279,
963 1687 1002 1727 3·
1494 1697 1655 1750 νεξίαν
1684 1697 1932 1752 potentiam
1963 1699 2113 1743 amisit
2141 1699 2187 1742 II
2220 1703 2317 1756 248,
2351 1705 2391 1745 3.

364 1753 683 1810 Theopompus
714 1765 795 1797 rex
825 1766 877 1798 eo
899 1757 1115 1810 regnante
1135 1754 1294 1811 ephori
1322 1754 1391 1798 in-

419 1823 568 1868 stituti
595 1823 642 1867 II
674 1826 770 1878 122,
805 1828 870 1868 17.
1436 1823 1599 1868 Zeuxis
1635 1826 1730 1876 167,
1763 1827 1830 1868 25.

363 1895 568 1939 Theseus
606 1894 789 1938 Atticae
829 1893 1160 1951 synoecismum
1204 1893 1312 1938 fecit
1348 1894 1393 1938 II
1438 1894 1644 1952 Zopyrus
1677 1893 1950 1951 Babylonios
1982 1894 2123 1940 vincit
2154 1896 2318 1952 11154,
2346 1891 2410 1943 18.

423 1970 492 2023 75,
523 1969 565 2010 9.
1439 1965 1704 2009 Zoroastres
1751 1969 1796 2009 et
1844 1977 2081 2021 magorum
2128 1966 2192 2010 fili
2242 1969 2473 2014 celebrant

362 2035 650 2093 Thucydides
688 2035 796 2080 boni
841 2035 1036 2080 oratoris
1080 2038 1126 2079 et
1163 2035 1393 2093 demagogi
1495 2034 1615 2080 Iovis
1678 2049 1861 2080 currum
1921 2039 1966 2081 et
2025 2037 2350 2094 aurigationem
2410 2054 2474 2085 or.

418 2107 672 2163 exemplum
701 2106 747 2150 II
777 2109 874 2162 271,
909 2109 976 2150 17.
1495 2105 1692 2151 XXXVI
1735 2109 1759 2161 ξ
1803 2111 1858 2151 40
1875 2120 1943 2163 sq.
1994 2120 2096 2152 eum
2147 2111 2313 2155 dicitur
2359 2112 2473 2167 ignis

366 2178 611 2222 Timandra
640 2173 760 2236 καλή
789 2177 834 2221 ΙΙ
869 2180 964 2233 148,
996 2180 1034 2220 6.
1496 2177 1622 2221 caelo
1641 2177 1869 2234 delapsus,
1891 2191 1995 2222 cum
2010 2179 2055 2222 in
2077 2178 2294 2223 montium
2312 2179 2474 2222 solitu·

364 2248 629 2293 Timotheus
651 2247 939 2293 Atheniensis
959 2242 1013 2302 ὃς
1029 2243 1188 2294 πάντα
1211 2240 1392 2306 εὐτύχει
1495 2247 1597 2291 dine
1613 2252 1883 2303 versaretur,
1902 2261 1994 2293 non
2010 2260 2234 2294 cremasse
2249 2249 2293 2292 II
2314 2253 2381 2305 11,
2402 2253 2470 2304 23·

827 2536 875 2587 3.
934 2532 1278 2587 HISTORIA
1317 2532 1627 2587 AETATIS
1667 2532 2009 2588 DIONEAE.

370 2687 697 2732 Accusationes
729 2689 1075 2743 procuratorum
1106 2700 1199 2732 non
1229 2692 1396 2731 temere
1440 2688 1658 2735 Caesares
1683 2683 1711 2744 ἢ
1733 2691 1842 2745 περὶ
1862 2691 1943 2746 τῆς
1967 2680 2133 2741 οὐσίας
2154 2685 2359 2744 ἐποίησα
2379 2702 2476 2731 κιν-

422 2758 624 2815 quidem,
693 2757 934 2814 aliquando
991 2760 1143 2803 tamen
1207 2757 1396 2802 urbibus
1497 2760 1716 2805 δυνεῦσαί
1745 2776 1849 2804 τινα
1882 2755 1947 2811 ὡς
1979 2759 2189 2817 Καίσαρι
2211 2752 2478 2815 προσηκού-

424 2828 734 2885 suscipiendas
751 2841 851 2874 esse
867 2842 931 2873 or.
953 2827 1151 2873 XXXIV
1170 2830 1196 2885 ξ
1214 2832 1394 2873 38-42.
1499 2846 1597 2888 σης;
1632 2830 1677 2873 II
1698 2833 1766 2885 78,
1791 2834 1829 2872 7.
1856 2855 1906 2860 -—
1931 2824 1987 2874 οὐ
2007 2824 2102 2887 γὰρ
2124 2826 2353 2874 λανθάνει
2378 2829 2475 2872 τῶν

423 2925 476 2932 —-
507 2899 619 2943 Asia
655 2899 886 2956 provincia
917 2899 1122 2944 Romana
1165 2896 1313 2958 ὁρᾶτε
1350 2899 1399 2946 δὲ
1498 2898 1551 2947 ἐν
1588 2907 1694 2954 ταῖς
1738 2897 1938 2946 πόλεσιν
1983 2894 2120 2945 οὐδὲν
2157 2901 2269 2951 τοῦς
2301 2893 2475 2955 ἡγεμό-

422 2966 535 3025 τοὺς
588 2973 699 3026 περὶ
751 2966 834 3024 την
894 2965 1071 3016 Ἰωνίαν
1133 2963 1209 3017 ὅτι
1262 2974 1397 3029 μηδε-
1498 2988 1583 3025 νας
1612 2971 1749 3030 (λέγω
1781 2970 1830 3017 δὲ
1862 2969 1976 3023 τούς
2014 2970 2207 3025 μείζους
2238 2964 2478 3026 ἡγεμόνας

423 3042 510 3096 νὸς
557 3037 722 3095 ἁπλῶς
765 3049 1053 3101 κατηγορεῖν
1095 3039 1397 3100 ἐψηφίσαντο
1500 3042 1598 3087 τῶν
1642 3038 1814 3088 ἐνθάδε
1852 3067 1904 3072 -
1944 3044 2023 3087 καὶ
2070 3036 2129 3086 τὰ
2175 3043 2271 3085 τῶν
2318 3033 2477 3096 δήμων

427 3116 523 3165 327,
557 3117 595 3157 5·
1501 3107 1821 3172 ἁμαρτήματα
1853 3107 1978 3170 πρὸς
2009 3109 2220 3163 ἐκείνους
2241 3103 2476 3167 ἀπαγγέλ-

370 3185 565 3228 Acratus
597 3184 793 3229 Neronis
823 3185 1040 3229 mandatu
1070 3184 1226 3229 orbem
1255 3187 1398 3228 terra·
1502 3187 1634 3229 λεται
1664 3184 1709 3227 Π
1741 3187 1810 3239 80,
1844 3187 1913 3230 10.

427 3268 527 3298 rum
571 3258 807 3311 peragrat,
864 3256 975 3300 artis
1030 3268 1170 3312 opera
1213 3255 1402 3300 Romam

427 3327 758 3380 asportaturus,
791 3326 941 3370 Rhodi
960 3331 1112 3371 autem
1132 3321 1256 3372 κατὰ
1280 3325 1402 3372 θέαν
1444 3325 1694 3371 Domitiani
1719 3325 1945 3381 Principis
1968 3326 2144 3369 statuas
2175 3333 2352 3367 eversas
2369 3319 2479 3364 vidit

431 3389 519 3452 ἔφη
548 3403 773 3452 παρεῖναι
804 3400 902 3452 262,
932 3400 973 3442 2.
1501 3397 1589 3441 Dio
1624 3400 1722 3449 227,
1760 3399 1828 3440 13.

370 3464 516 3509 Amici
545 3466 660 3520 regis
690 3467 775 3519 (vel
807 3466 1029 3522 Caesaris)
1061 3472 1101 3522 6,
1133 3471 1174 3513 8.
1446 3467 1734 3512 Domitianus
1772 3479 1874 3511 eum
1917 3463 2064 3521 carpit
2101 3464 2187 3508 Dio
2239 3462 2322 3508 sub
2370 3461 2478 3504 Per-

371 3534 544 3589 (Divus)
567 3537 797 3591 Augustus
820 3537 1119 3583 Tarsensibus
1140 3534 1261 3598 ὑπὲρ
1283 3534 1403 3585 πάν·
1504 3550 1657 3583 sarum
1697 3537 1816 3593 regis
1855 3535 2048 3591 imagine
2088 3548 2152 3579 or.
2195 3532 2260 3578 VI
2291 3534 2316 3586 ξ
2341 3535 2393 3575 35
2411 3544 2477 3587 sq.

428 3622 514 3659 τας
555 3605 745 3660 οἰκείως
783 3603 927 3665 ἔχων,
967 3609 1087 3665 quod
1128 3610 1224 3655 eius
1264 3622 1404 3654 causa
1505 3634 1559 3641 -
1588 3609 1721 3653 homo
1756 3608 1996 3665 opulentus
2017 3603 2271 3650 Euboensis
2291 3606 2479 3659 propter

429 3677 803 3733 expugnationem
822 3678 946 3734 passi
972 3683 1091 3735 sunt,
1123 3679 1245 3724 omni
1273 3679 1404 3725 modo
1506 3679 1683 3724 divitias
1723 3691 1751 3723 a
1791 3678 1848 3723 D.
1878 3675 2147 3721 interficitur
2190 3677 2291 3727 191,
2324 3677 2391 3718 31.
2424 3698 2478 3705 -

430 3748 586 3792 urbem
617 3747 745 3791 auxit
774 3762 840 3794 or.
869 3748 1065 3795 XXXIV
1096 3752 1119 3805 ξ
1155 3755 1194 3794 7.
1228 3754 1268 3795 8.
1508 3747 1744 3809 δεσπότην
1799 3742 2163 3805 ὀνομαζόμενον
2221 3747 2302 3790 καὶ
2357 3740 2479 3790 θεὸν
