2684 4140
406 244 472 292 30
1025 233 1235 281 DIONIS
1262 233 1346 278 AD
1377 229 1880 278 NIGOMEDIENSES

400 391 511 436 τῶν
547 388 707 450 κοινῇ
757 381 1155 449 συμφερόντων
1209 374 1349 436 ἴσως
1395 372 1608 440 μᾶλλον
1657 378 1861 444 ἑτέρων
1908 376 2004 425 καὶ
2050 372 2366 441 βούλεσθαι
2402 379 2495 429 καὶ

333 472 364 520 2
404 467 703 519 δύνασθαι.
780 469 944 513 τοῦτο
985 459 1044 512 δὲ
1084 462 1136 512 εἰ
1172 462 1274 526 μὲν
1314 459 1411 509 οὐκ
1448 460 1572 509 ἔστι
1608 465 1893 523 τοιοῦτον,
1932 460 2091 525 ὑμεῖς
2128 477 2190 511 τε
2226 468 2325 532 τῆς
2363 464 2496 532 περὶ

396 553 492 616 ἐμὲ
534 545 785 617 σπουδῆς
825 543 1158 615 διημάρτετε
1195 545 1303 611 ἐγώ
1343 560 1404 594 τε
1441 544 1597 594 ἔοικα
1635 546 1817 614 μάτην
1854 545 2183 606 ὑπακούσας
2220 547 2350 611 ὑμῖν
2391 548 2489 597 ἐπ>

395 631 588 685 ἐλπίδι
637 636 740 681 τοῦ
783 629 1130 699 γενήσεσθαι
1178 635 1247 698 τῇ
1295 625 1464 679 πόλει
1506 630 1810 699 χρήσιμος,
1863 622 1923 680 02³
1979 635 2336 696 ποιουμένων
2383 649 2490 698 μου
2516 646 2684 688 (130131.

388 718 581 787 χρείαν
619 717 798 782 ὑμῶν,
849 715 931 776 εἰς
980 714 1046 784 ἢν
1093 715 1265 779 μόνον
1313 711 1639 783 ἐπιτήδειός
1690 715 1822 780 εἰμι.
1910 716 1961 765 εἰ
2010 713 2068 766 δὲ
2121 718 2339 779 πάσαις
2386 719 2487 783 μὲν
2526 730 2549 769 5

393 806 520 862 ταῖς
557 797 779 864 πόλεσι,
817 797 1026 866 μᾶλλον
1067 797 1126 850 δὲ
1165 803 1292 860 ταῖς
1328 796 1615 866 μεγάλαις,
1657 797 1751 850 δεῖ
1778 801 1879 865 μὲν
1905 802 1998 852 καὶ
2035 806 2146 851 τῶν
2185 798 2492 867 πλουσίων,

397 888 486 937 ἵνα
524 887 619 937 καὶ
651 890 940 955 χορηγῶσι
975 886 1069 936 καὶ
1111 882 1527 955 φιλοτιμῶνται
1552 885 1713 935 ταυτὶ
1737 886 1806 935 τὰ
1843 889 2213 951 νενομισμένα
2243 884 2493 953 δαπανή-

393 989 561 1038 ματα,
603 968 697 1022 δεῖ
727 968 786 1021 δὲ
824 971 919 1021 καὶ
953 967 1205 1021 κολάκων
1246 967 1480 1038 ἀνδρῶν,
1524 970 1613 1020 ἵνα
1644 967 2070 1040 δημαγωγοῦσιν
2098 971 2292 1032 αὐτοῖς
2318 970 2493 1041 ἥδων-

393 1069 513 1108 ται·
555 1054 649 1108 δεῖ
692 1054 751 1107 δὲ
788 1057 882 1107 καὶ
922 1053 1279 1123 συμβούλων,
1321 1056 1410 1107 ἵνα
1452 1051 1742 1123 σῴζωνται
1781 1060 1908 1117 ταῖς
1947 1053 2294 1120 πολιτείαις,
2343 1058 2492 1124 κάγὼ

392 1135 533 1193 καθ’
590 1145 723 1193 ὅσον
770 1158 872 1208 μοι
921 1139 1155 1193 δυνατὸν
1208 1142 1303 1192 οὐκ
1356 1143 1571 1211 ὀκνήσω
1611 1142 1745 1210 περὶ
1781 1147 1892 1192 τῶν
1929 1142 2208 1209 μεγίστων
2250 1142 2489 1209 συμβου-
2527 1151 2576 1193 10

326 1231 356 1281 3
397 1226 569 1279 λεύων
609 1225 850 1298 ὠφελεῖν
888 1229 986 1298 τήν
1026 1225 1211 1278 πόλιν.
1276 1228 1400 1278 ἔστι
1436 1229 1537 1293 μὲν
1578 1226 1673 1278 οὖν
1709 1228 1804 1278 καὶ
1842 1224 1983 1277 ἄλλα
2011 1227 2136 1278 τινὰ
2178 1217 2318 1296 παρ’
2362 1229 2493 1293 ὑμῖν

394 1314 861 1382 ἐπαναρθώσεως
900 1310 1033 1376 ἀξια
1070 1314 1165 1364 καὶ
1199 1313 1341 1363 κατὰ
1379 1316 1551 1378 μέρος
1602 1313 1784 1363 αὐτῶν
1823 1314 2145 1383 ποιήσομαι
2182 1314 2281 1382 τὴν
2318 1313 2492 1382 θερα-

393 1400 586 1462 πείαν,
637 1400 704 1450 ἀν
753 1396 976 1469 τάληθῆ
1030 1395 1201 1466 λέγων
1250 1399 1550 1449 πιστευθῶ
1605 1399 1738 1467 περὶ
1785 1404 1896 1449 τῶν
1945 1394 2231 1464 μειζόνων.
2325 1398 2383 1447 τί
2433 1395 2491 1448 δὲ

393 1485 605 1536 παθὼν
654 1485 685 1554 ἢ
736 1485 794 1535 τί
840 1482 1181 1551 βουλόμενος
1233 1485 1328 1549 οὐχ
1374 1486 1517 1552 ὑπὲρ
1567 1490 1678 1534 τῶν
1733 1488 2078 1553 μικροτέρων
2132 1480 2491 1550 συμβουλεύω

393 1573 688 1639 πρότερον,
729 1567 856 1620 οὐδὲ
895 1571 953 1620 ἐν
980 1571 1215 1630 ἐκείνοις
1242 1570 1653 1638 ἀποπειρῶμαι
1679 1575 1781 1619 τοῦ
1806 1567 1981 1639 δήμου
2010 1576 2108 1640 τῆς
2135 1569 2486 1632 εὐπειθείας,
2527 1580 2573 1621 15
2596 1582 2677 1625 (469

394 1649 522 1706 ἀλλ’
567 1649 742 1717 εὐθὺς
781 1652 921 1718 ἀξιῶ
949 1653 1287 1706 κινδυνεύειν
1314 1656 1447 1721 περὶ
1471 1661 1574 1704 τοῦ
1595 1655 1861 1722 μεγίστου
1893 1652 2283 1722 συμβουλεύων
2311 1656 2487 1722 πράγ-

393 1758 605 1807 ματος,·
642 1743 732 1791 ὅτι
770 1737 968 1807 πολλῷ
1003 1757 1104 1806 μοι
1133 1738 1294 1791 δοκεῖ
1323 1738 1463 1809 ῥᾷον
1504 1739 1651 1790 εἶναι
1677 1744 1879 1791 πεῖσαι
1918 1742 2050 1808 περὶ
2073 1745 2186 1790 τῶν
2212 1740 2490 1806 μεγίστων

391 1828 423 1897 ἢ
463 1832 575 1877 τῶν
611 1829 956 1895 μικροτέρων
992 1827 1086 1876 καὶ
1127 1822 1374 1895 φαύλων.
1439 1831 1549 1876 τῶν
1586 1827 1687 1890 μὲν
1725 1825 1827 1894 γὰρ
1857 1822 2041 1887 ἔξεστι
2076 1826 2170 1875 καὶ
2205 1841 2490 1894 καταφρο-

393 1919 561 1982 νῆσαι
598 1918 697 1982 τῆς
733 1904 842 1960 ἀπ’
887 1901 1069 1961 αὐτῶν
1096 1914 1423 1980 γιγνομένης
1447 1907 1676 1980 βλάβης,
1717 1911 1748 1960 ὁ
1787 1907 1845 1960 δὲ
1881 1911 2054 1979 χωρὶς
2093 1908 2168 1960 ὧν
2207 1910 2490 1980 ἀμήχανόν
2516 1925 2683 1968 (131ΒΒ

394 1999 547 2048 ἐστιν
589 1988 739 2064 αὐτῷ
783 1990 1091 2063 σῴζεσθαι,
1131 1997 1264 2065 περὶ
1290 1998 1504 2046 τούτων
1533 1986 1629 2045 οὑκ
1654 1992 1938 2066 ἐθελήσας
1976 1996 2295 2065 πεισθῆναι
2322 1992 2488 2066 δῆλός
2524 2008 2572 2049 2ο

327 2085 358 2132 4
396 2084 551 2133 ἐστιν
588 2083 731 2151 ὑπὲρ
772 2087 882 2132 τῶν
920 2085 1266 2150 μικροτέρων
1308 2072 1435 2131 οὐδὲ
1487 2082 1878 2146 ἀκουσόμενος.
1956 2083 2044 2131 ὅτι
2080 2083 2182 2146 μὲν
2223 2079 2346 2144 οὖν,
2395 2080 2492 2131 ἐὰν

394 2168 735 2236 ὑπομείνητε
784 2168 882 2236 τὴν
934 2163 1305 2232 συμβουλίαν,
1355 2165 1762 2235 πεισθήσεσθέ
1805 2181 1907 2231 μοι
1953 2167 2087 2234 περὶ
2136 2165 2211 2216 ὧν
2254 2166 2492 2232 συμβου-

397 2249 570 2303 λεύων
617 2253 884 2320 πάρειμι,
933 2252 1027 2301 καὶ
1075 2248 1138 2321 δή
1195 2247 1419 2320 σφόδρα
1467 2250 1689 2319 θαρρῶ.
1783 2251 1846 2300 τὸ
1900 2247 1958 2300 δὲ
2012 2247 2281 2301 δύσκολον
2330 2243 2488 2300 τοῦτ’

396 2338 546 2400 ἔστι,
597 2338 660 2387 τὸ
707 2337 846 2406 μήτε
898 2337 1168 2406 φορτικήν
1215 2337 1360 2401 ὑμᾶς
1407 2335 1739 2405 ἡγήσασθαι
1777 2337 1875 2405 τήν
1914 2336 2183 2404 ἀκρόασιν
2222 2337 2321 2406 τήν
2361 2336 2494 2404 περὶ

395 2429 498 2473 τοῦ
533 2424 865 2491 πράγματος
889 2422 1028 2491 μήτε
1055 2423 1323 2491 περιττήν
1348 2422 1487 2491 μήτε
1514 2422 1762 2489 ἄκαιρον.
1830 2421 1918 2471 ἵνα
1948 2420 2043 2470 οὖν
2068 2437 2169 2486 μοι
2193 2423 2266 2492 μὴ
2308 2427 2482 2471 ταῦτα
2520 2435 2570 2476 25

397 2508 812 2578 προαπαντήσῃ
854 2499 997 2576 παρ’
1051 2508 1232 2571 ὑμῶν,
1293 2507 1364 2557 Τί
1403 2504 1461 2556 δὲ
1504 2503 1902 2572 συμβουλεύεις
1944 2507 2009 2555 σὺ
2049 2507 2181 2574 περὶ
2220 2505 2295 2556 ὧν
2333 2510 2494 2575 ήμεῖς

396 2596 494 2665 τὴν
534 2594 704 2664 ἀρχήν
745 2586 873 2643 οὑδὲ
911 2589 1303 2658 βουλευόμεθα
1315 2610 1335 2654 ,·
1387 2593 1458 2641 Τί
1497 2589 1554 2642 δὲ
1597 2589 1812 2658 σεαυτῷ
1854 2588 2017 2658 λόγου
2055 2588 2388 2657 μεταδίδως,
2431 2589 2499 2641 οὗ

399 2681 490 2730 σοὶ
526 2680 598 2749 μὴ
640 2675 944 2743 μετέδομεν
971 2680 1158 2745 ήμεῖςς
1195 2677 1311 2728 Διά
1339 2678 1396 2727 τί
1423 2674 1482 2727 δὲ
1510 2678 1796 2727 τοσούτων
1823 2673 2318 2742 πεπολιτευμένων
2346 2668 2487 2745 παρ’

395 2768 525 2833 ήμῖν
563 2761 781 2832 ἀνδρῶν
819 2763 1158 2831 ἐπιχωρίων,
1198 2764 1563 2831 εἰσποιητῶν,
1602 2764 1871 2831 ῥητόρων,
1914 2758 2267 2832 φιλοσόφων,
2307 2763 2493 2830 γερόν-

396 2868 534 2913 των,
573 2853 739 2912 νέων,
780 2842 1055 2898 οὐδέποτε
1096 2840 1279 2909 οἰδεὶς
1317 2845 1621 2916 ἐτόλμησεν
1659 2850 1792 2917 ήμῖν
1833 2843 2244 2913 συμβουλεῦσαι
2281 2846 2486 2915 ταύτην
2523 2861 2571 2902 30

329 2938 358 2985 5
397 2937 495 3006 τήν
537 2931 878 3001 συμβουλίαν
891 2952 909 2995 ,·
949 2931 1158 3002 αἴτημα
1185 2930 1342 2983 θέλω
1377 2933 1746 3002 ποιήσασθαι
1772 2937 1937 2982 τοῦτο
1966 2925 2102 2982 αὐτὸ
2132 2923 2274 3000 παρ’
2317 2931 2488 2996 ὑμῶν,

397 3018 595 3089 ἀνδρες
632 3016 1005 3088 Νικομηδεῖς,
1055 3020 1150 3069 καὶ
1181 3018 1508 3088 χαρίσασθέ
1543 3034 1643 3084 μοι
1689 3019 1783 3069 καὶ
1829 3018 2200 3083 ὑπομείνατε,
2253 3016 2492 3067 ἀκοῦσαι

400 3102 562 3172 λόγου
612 3110 884 3173 περιττοῦ
926 3104 1021 3154 καὶ
1068 3104 1301 3173 ἀκαίρου
1349 3104 1442 3154 καὶ
1488 3105 1561 3173 μὴ
1615 3103 1916 3163 πείσοντος
1970 3104 2124 3168 ὑμᾶς.
2217 3104 2311 3152 καὶ
2361 3095 2489 3153 οὐδὲ

543 3288 567 3327 2
597 3279 728 3341 ὑμεῖς
757 3303 812 3345 γε
841 3287 891 3330 Μ
1005 3291 1033 3330 4
1061 3302 1156 3343 μου
1186 3299 1272 3330 om.
1304 3284 1386 3330 UT
1531 3289 1555 3327 5
1588 3283 1654 3338 εἰς
1683 3280 1769 3341 τὴν
1797 3283 1848 3326 Μ
1992 3280 2146 3342 μόνην
2175 3281 2377 3326 Hertlein

402 3357 453 3398 12
474 3351 820 3414 ἐπανορθῶσαι
841 3351 906 3410 ὡς
926 3357 973 3399 Μ
1052 3361 1103 3401 13
1126 3358 1174 3403 τί
1193 3359 1269 3403 δαὶ
1289 3357 1327 3400 Β
1348 3357 1410 3411 (in
1432 3354 1472 3400 U
1493 3354 1516 3402 ὲ
1535 3355 1582 3399 in
1603 3355 1652 3401 δὲ
1672 3367 1701 3398 a
1722 3359 1857 3409 corr.)
1955 3359 2006 3399 14
2028 3354 2356 3415 σμικροτέρων
2376 3353 2415 3397 Β

403 3429 451 3468 17
485 3428 600 3483 ὃοκῆ
627 3426 679 3470 Μ
797 3431 848 3472 18
878 3427 1209 3485 σμικροτέρων
1239 3428 1276 3470 Β
1384 3426 1601 3471 fortasse:
1636 3421 1814 3481 ἔξεστιν
1842 3421 2093 3483 (ἀμελεῖν)
2196 3429 2244 3469 19
2274 3428 2355 3471 καὶ
2385 3427 2490 3470 ante

400 3499 483 3554 τῆς
511 3497 614 3540 add.
647 3497 781 3554 Emp.
877 3497 1126 3557 γινομένης
1155 3499 1205 3542 Μ
1321 3501 1375 3542 22
1406 3494 1756 3555 πεισθήσεσθαι
1786 3499 1824 3541 Β
1854 3492 2178 3555 πεισθήσεσθε
2207 3501 2250 3550 (e
2279 3495 2414 3539 finale
2442 3495 2491 3539 in

399 3570 506 3620 ras.)
536 3565 575 3611 U
693 3571 747 3611 23
778 3563 836 3614 τὸ
869 3568 918 3614 δὲ
948 3568 1124 3625 scripsi,
1155 3570 1202 3614 τί
1231 3570 1334 3626 δαί,·
1363 3568 1484 3613 UBT
1514 3569 1562 3613 τί
1592 3567 1665 3625 δὲ,·
1696 3568 1744 3611 Μ
1859 3572 1911 3612 25
1940 3561 2011 3612 ‘lv'
2042 3567 2080 3610 B
2225 3569 2278 3609 26
2312 3567 2358 3611 τί
2387 3568 2488 3612 δαί·

398 3636 480 3682 UT
511 3632 583 3683 διὰ
617 3639 664 3683 τί
694 3637 743 3684 δὲ
772 3639 810 3681 Β
933 3642 983 3681 27
1017 3639 1065 3684 τί
1094 3641 1194 3684 δαί·
1227 3639 1309 3684 UT
1426 3642 1480 3683 28
1510 3634 1621 3696 ἡμῖν
1650 3637 2066 3694 πεπολιτευμένων
2095 3629 2283 3694 ἀνδρῶν
2314 3636 2393 3681 UT

402 3710 456 3751 29
488 3707 554 3761 εἰς
584 3711 795 3766 ποιητῶν
825 3708 873 3751 Μ
904 3712 1116 3766 ποιητῶν
1145 3709 1290 3763 UBT;
1322 3722 1437 3754 corr.
1471 3707 1653 3753 Geelius
