<?xml version="1.0" encoding="UTF-8"?>
<!DOCTYPE html PUBLIC "-//W3C//DTD XHTML 1.0 Transitional//EN"
    "http://www.w3.org/TR/xhtml1/DTD/xhtml1-transitional.dtd">
<html xmlns="http://www.w3.org/1999/xhtml" xml:lang="en" lang="en">
 <head>
  <title>
</title>
<meta http-equiv="Content-Type" content="text/html;charset=utf-8" />
  <meta name='ocr-system' content='tesseract 3.04.00' />
  <meta name='ocr-capabilities' content='ocr_page ocr_carea ocr_par ocr_line ocrx_word'/>
</head>
<body>
  <div class='ocr_page' id='page_1' title='image "./dionisprusaensis02diocuoft_0066.png"; bbox 0 0 2684 4140; ppageno 0'>
   <div class='ocr_carea' id='block_1_1' title="bbox 438 264 1796 348">
    <p class='ocr_par' dir='ltr' id='par_1_1' title="bbox 438 264 1796 348">
     <span class='ocr_line' id='line_1_1' title="bbox 438 264 1796 348; baseline -0.024 -10"><span class='ocrx_word' id='word_1_1' title='bbox 438 299 501 348; x_wconf 78' lang='lat'><em>48</em></span> <span class='ocrx_word' id='word_1_2' title='bbox 1105 274 1306 322; x_wconf 88' lang='lat' dir='ltr'>DIONIS</span> <span class='ocrx_word' id='word_1_3' title='bbox 1334 271 1416 316; x_wconf 85' lang='lat' dir='ltr'><em>DE</em></span> <span class='ocrx_word' id='word_1_4' title='bbox 1449 264 1796 314; x_wconf 82' lang='lat' dir='ltr'>CONCORDIA</span> 
     </span>
    </p>
   </div>
   <div class='ocr_carea' id='block_1_2' title="bbox 353 402 2681 2941">
    <p class='ocr_par' dir='ltr' id='par_1_2' title="bbox 370 402 2680 994">
     <span class='ocr_line' id='line_1_2' title="bbox 370 402 2497 494; baseline -0.02 -5"><span class='ocrx_word' id='word_1_5' title='bbox 370 444 401 493; x_wconf 88' lang='grc'>7</span> <span class='ocrx_word' id='word_1_6' title='bbox 438 441 653 494; x_wconf 90' lang='grc' dir='ltr'><em>πόντος.</em></span> <span class='ocrx_word' id='word_1_7' title='bbox 737 427 860 478; x_wconf 82' lang='grc' dir='ltr'><em>ἐπεὶ</em></span> <span class='ocrx_word' id='word_1_8' title='bbox 907 422 964 473; x_wconf 83' lang='grc' dir='ltr'><em>δὲ</em></span> <span class='ocrx_word' id='word_1_9' title='bbox 1015 419 1182 487; x_wconf 80' lang='grc' dir='ltr'><em>ἀρχὴν</em></span> <span class='ocrx_word' id='word_1_10' title='bbox 1230 413 1448 479; x_wconf 83' lang='grc' dir='ltr'><em>ἔλαβεν,</em></span> <span class='ocrx_word' id='word_1_11' title='bbox 1497 411 1601 459; x_wconf 82' lang='grc' dir='ltr'><em>ὅσα</em></span> <span class='ocrx_word' id='word_1_12' title='bbox 1650 409 1750 472; x_wconf 80' lang='grc' dir='ltr'><em>μὲν</em></span> <span class='ocrx_word' id='word_1_13' title='bbox 1801 406 1966 465; x_wconf 82' lang='grc' dir='ltr'><em>αὐτὸς</em></span> <span class='ocrx_word' id='word_1_14' title='bbox 2004 402 2230 453; x_wconf 83' lang='grc' dir='ltr'><em>ἔπαθον</em></span> <span class='ocrx_word' id='word_1_15' title='bbox 2279 405 2497 468; x_wconf 90' lang='grc' dir='ltr'><em>μετρῶν</em></span> 
     </span>
     <span class='ocr_line' id='line_1_3' title="bbox 431 482 2674 576; baseline -0.011 -18"><span class='ocrx_word' id='word_1_16' title='bbox 431 520 520 569; x_wconf 71' lang='grc' dir='ltr'><em>καὶ</em></span> <span class='ocrx_word' id='word_1_17' title='bbox 558 514 862 576; x_wconf 75' lang='grc' dir='ltr'><em>διαμετρῶν</em></span> <span class='ocrx_word' id='word_1_18' title='bbox 907 505 999 554; x_wconf 83' lang='grc' dir='ltr'><em>καὶ</em></span> <span class='ocrx_word' id='word_1_19' title='bbox 1047 495 1419 566; x_wconf 78' lang='grc' dir='ltr'><em>λογιζόμενος,</em></span> <span class='ocrx_word' id='word_1_20' title='bbox 1465 495 1622 552; x_wconf 82' lang='grc' dir='ltr'><em>ὅπως</em></span> <span class='ocrx_word' id='word_1_21' title='bbox 1668 492 1741 560; x_wconf 84' lang='grc' dir='ltr'><em>μὴ</em></span> <span class='ocrx_word' id='word_1_22' title='bbox 1792 493 2010 556; x_wconf 89' lang='grc' dir='ltr'><em>γένοιτο</em></span> <span class='ocrx_word' id='word_1_23' title='bbox 2061 486 2317 552; x_wconf 85' lang='grc' dir='ltr'><em>ἀπρεπὲς</em></span> <span class='ocrx_word' id='word_1_24' title='bbox 2353 482 2494 554; x_wconf 81' lang='grc' dir='ltr'><em>μηδὲ</em></span> <span class='ocrx_word' id='word_1_25' title='bbox 2523 494 2674 536; x_wconf 67' lang='grc'>(48811)</span> 
     </span>
     <span class='ocr_line' id='line_1_4' title="bbox 430 565 2680 665; baseline -0.012 -20"><span class='ocrx_word' id='word_1_26' title='bbox 430 601 659 665; x_wconf 77' lang='grc' dir='ltr'><em>ἀχρεῖον,</em></span> <span class='ocrx_word' id='word_1_27' title='bbox 699 593 868 642; x_wconf 88' lang='grc' dir='ltr'><em>ὁποῖα</em></span> <span class='ocrx_word' id='word_1_28' title='bbox 907 588 1036 654; x_wconf 83' lang='grc' dir='ltr'><em>ἔργα</em></span> <span class='ocrx_word' id='word_1_29' title='bbox 1075 578 1257 632; x_wconf 80' lang='grc' dir='ltr'><em>πολλοὶ</em></span> <span class='ocrx_word' id='word_1_30' title='bbox 1283 583 1470 646; x_wconf 85' lang='grc' dir='ltr'><em>γέγονε</em></span> <span class='ocrx_word' id='word_1_31' title='bbox 1498 567 1638 643; x_wconf 77' lang='grc' dir='ltr'><em>παρ’</em></span> <span class='ocrx_word' id='word_1_32' title='bbox 1683 577 1896 642; x_wconf 81' lang='grc' dir='ltr'><em>ἑτέροις</em></span> <span class='ocrx_word' id='word_1_33' title='bbox 1931 574 2112 640; x_wconf 83' lang='grc' dir='ltr'><em>μάτην</em></span> <span class='ocrx_word' id='word_1_34' title='bbox 2152 565 2495 634; x_wconf 76' lang='grc' dir='ltr'><em>ἀπολόμενα,</em></span> <span class='ocrx_word' id='word_1_35' title='bbox 2521 579 2680 618; x_wconf 68' lang='grc'>(16231</span> 
     </span>
     <span class='ocr_line' id='line_1_5' title="bbox 427 655 2495 732; baseline -0.013 0"><span class='ocrx_word' id='word_1_36' title='bbox 427 683 516 732; x_wconf 84' lang='grc' dir='ltr'><em>καὶ</em></span> <span class='ocrx_word' id='word_1_37' title='bbox 562 674 872 728; x_wconf 88' lang='grc' dir='ltr'><em>τελευταῖον</em></span> <span class='ocrx_word' id='word_1_38' title='bbox 921 670 1002 729; x_wconf 91' lang='grc' dir='ltr'><em>εἰς</em></span> <span class='ocrx_word' id='word_1_39' title='bbox 1049 667 1117 716; x_wconf 83' lang='grc' dir='ltr'><em>τὰ</em></span> <span class='ocrx_word' id='word_1_40' title='bbox 1167 666 1264 732; x_wconf 83' lang='grc' dir='ltr'><em>ὅρη</em></span> <span class='ocrx_word' id='word_1_41' title='bbox 1320 662 1725 732; x_wconf 89' lang='grc' dir='ltr'><em>φθειρόμενος,</em></span> <span class='ocrx_word' id='word_1_42' title='bbox 1785 658 1880 707; x_wconf 81' lang='grc' dir='ltr'><em>οὐκ</em></span> <span class='ocrx_word' id='word_1_43' title='bbox 1936 657 2013 706; x_wconf 84' lang='grc' dir='ltr'><em>ὠν</em></span> <span class='ocrx_word' id='word_1_44' title='bbox 2062 655 2334 723; x_wconf 83' lang='grc' dir='ltr'><em>ἔμπειρος</em></span> <span class='ocrx_word' id='word_1_45' title='bbox 2384 660 2495 705; x_wconf 91' lang='grc' dir='ltr'><em>τῶν</em></span> 
     </span>
     <span class='ocr_line' id='line_1_6' title="bbox 425 732 2551 814; baseline -0.013 -1"><span class='ocrx_word' id='word_1_46' title='bbox 425 762 689 814; x_wconf 84' lang='grc' dir='ltr'><em>τοιούτων</em></span> <span class='ocrx_word' id='word_1_47' title='bbox 738 751 958 812; x_wconf 83' lang='grc' dir='ltr'><em>οὐδενὸς</em></span> <span class='ocrx_word' id='word_1_48' title='bbox 1007 747 1132 799; x_wconf 79' lang='grc' dir='ltr'><em>οὐδὲ</em></span> <span class='ocrx_word' id='word_1_49' title='bbox 1181 748 1413 813; x_wconf 90' lang='grc' dir='ltr'><em>ἀπορῶν</em></span> <span class='ocrx_word' id='word_1_50' title='bbox 1461 745 1621 812; x_wconf 81' lang='grc' dir='ltr'><em>ἔργου</em></span> <span class='ocrx_word' id='word_1_51' title='bbox 1671 744 1849 804; x_wconf 92' lang='grc' dir='ltr'><em>τινός,</em></span> <span class='ocrx_word' id='word_1_52' title='bbox 1898 732 2024 790; x_wconf 78' lang='grc' dir='ltr'><em>ἀλλ’</em></span> <span class='ocrx_word' id='word_1_53' title='bbox 2068 742 2228 807; x_wconf 80' lang='grc' dir='ltr'><em>ἕτερα</em></span> <span class='ocrx_word' id='word_1_54' title='bbox 2277 735 2490 804; x_wconf 79' lang='grc' dir='ltr'><em>μᾶλλον</em></span> <span class='ocrx_word' id='word_1_55' title='bbox 2527 746 2551 785; x_wconf 88' lang='lat'>5</span> 
     </span>
     <span class='ocr_line' id='line_1_7' title="bbox 425 819 2498 914; baseline -0.012 -18"><span class='ocrx_word' id='word_1_56' title='bbox 425 847 687 914; x_wconf 91' lang='grc' dir='ltr'><em>πράττειν</em></span> <span class='ocrx_word' id='word_1_57' title='bbox 727 837 1025 902; x_wconf 85' lang='grc' dir='ltr'><em>δυνάμενος</em></span> <span class='ocrx_word' id='word_1_58' title='bbox 1065 829 1478 897; x_wconf 77' lang='grc' dir='ltr'><em>σπουδαιότερα</em></span> <span class='ocrx_word' id='word_1_59' title='bbox 1519 826 1685 889; x_wconf 85' lang='grc' dir='ltr'><em>ἴσως,</em></span> <span class='ocrx_word' id='word_1_60' title='bbox 1737 819 1841 896; x_wconf 79' lang='grc' dir='ltr'><em>ἀφ’</em></span> <span class='ocrx_word' id='word_1_61' title='bbox 1887 824 1962 875; x_wconf 84' lang='grc' dir='ltr'><em>ὧν</em></span> <span class='ocrx_word' id='word_1_62' title='bbox 2003 825 2064 874; x_wconf 82' lang='grc' dir='ltr'><em>οὐ</em></span> <span class='ocrx_word' id='word_1_63' title='bbox 2106 823 2263 891; x_wconf 84' lang='grc' dir='ltr'><em>παρὰ</em></span> <span class='ocrx_word' id='word_1_64' title='bbox 2301 825 2498 888; x_wconf 91' lang='grc' dir='ltr'><em>μόνοις</em></span> 
     </span>
     <span class='ocr_line' id='line_1_8' title="bbox 422 904 2502 994; baseline -0.011 -15"><span class='ocrx_word' id='word_1_65' title='bbox 422 931 547 994; x_wconf 90' lang='grc' dir='ltr'><em>ὑμῖν</em></span> <span class='ocrx_word' id='word_1_66' title='bbox 593 923 898 987; x_wconf 78' lang='grc' dir='ltr'><em>εὐδοκιμεῖν</em></span> <span class='ocrx_word' id='word_1_67' title='bbox 944 914 1197 983; x_wconf 84' lang='grc' dir='ltr'><em>ἔμελλον,</em></span> <span class='ocrx_word' id='word_1_68' title='bbox 1247 916 1319 964; x_wconf 92' lang='grc' dir='ltr'><em>ἐῶ</em></span> <span class='ocrx_word' id='word_1_69' title='bbox 1370 919 1462 964; x_wconf 84' lang='grc' dir='ltr'><em>νῦν</em></span> <span class='ocrx_word' id='word_1_70' title='bbox 1512 908 1812 974; x_wconf 77' lang='grc' dir='ltr'><em>ἐπεξιέναι.</em></span> <span class='ocrx_word' id='word_1_71' title='bbox 1900 907 2060 959; x_wconf 81' lang='grc' dir='ltr'><em>οὐδὲν</em></span> <span class='ocrx_word' id='word_1_72' title='bbox 2108 909 2211 977; x_wconf 86' lang='grc' dir='ltr'><em>γὰρ</em></span> <span class='ocrx_word' id='word_1_73' title='bbox 2261 904 2326 976; x_wconf 82' lang='grc' dir='ltr'><em>ἧν</em></span> <span class='ocrx_word' id='word_1_74' title='bbox 2375 909 2502 973; x_wconf 84' lang='grc' dir='ltr'><em>ἐμοὶ</em></span> 
     </span>
    </p>

    <p class='ocr_par' dir='ltr' id='par_1_3' title="bbox 361 991 2584 1667">
     <span class='ocr_line' id='line_1_9' title="bbox 361 991 2500 1080; baseline -0.009 -19"><span class='ocrx_word' id='word_1_75' title='bbox 361 1019 392 1070; x_wconf 85' lang='grc'>8</span> <span class='ocrx_word' id='word_1_76' title='bbox 430 1012 567 1080; x_wconf 75' lang='grc' dir='ltr'><em>βαρύ</em></span> <span class='ocrx_word' id='word_1_77' title='bbox 608 1002 688 1059; x_wconf 79' lang='grc' dir='ltr'><em>δι’</em></span> <span class='ocrx_word' id='word_1_78' title='bbox 740 1009 881 1071; x_wconf 80' lang='grc' dir='ltr'><em>ὑμᾶς</em></span> <span class='ocrx_word' id='word_1_79' title='bbox 928 1004 1280 1066; x_wconf 88' lang='grc' dir='ltr'><em>ὑπομένοντι.</em></span> <span class='ocrx_word' id='word_1_80' title='bbox 1370 995 1525 1064; x_wconf 81' lang='grc' dir='ltr'><em>λόγοι</em></span> <span class='ocrx_word' id='word_1_81' title='bbox 1575 994 1633 1047; x_wconf 81' lang='grc' dir='ltr'><em>δὲ</em></span> <span class='ocrx_word' id='word_1_82' title='bbox 1682 997 1962 1063; x_wconf 85' lang='grc' dir='ltr'><em>ἐγίγνοντο</em></span> <span class='ocrx_word' id='word_1_83' title='bbox 2013 991 2219 1044; x_wconf 84' lang='grc' dir='ltr'><em>πολλοὶ</em></span> <span class='ocrx_word' id='word_1_84' title='bbox 2254 996 2381 1058; x_wconf 89' lang='grc' dir='ltr'><em>μέν,</em></span> <span class='ocrx_word' id='word_1_85' title='bbox 2438 994 2500 1043; x_wconf 84' lang='grc' dir='ltr'><em>οὐ</em></span> 
     </span>
     <span class='ocr_line' id='line_1_10' title="bbox 426 1075 2500 1162; baseline -0.009 -16"><span class='ocrx_word' id='word_1_86' title='bbox 426 1095 577 1162; x_wconf 86' lang='grc' dir='ltr'><em>παρὰ</em></span> <span class='ocrx_word' id='word_1_87' title='bbox 616 1088 837 1142; x_wconf 83' lang='grc' dir='ltr'><em>πολλῶν</em></span> <span class='ocrx_word' id='word_1_88' title='bbox 878 1086 951 1150; x_wconf 88' lang='grc' dir='ltr'><em>δέ,</em></span> <span class='ocrx_word' id='word_1_89' title='bbox 990 1081 1344 1154; x_wconf 82' lang='grc' dir='ltr'><em>καὶσφόδρα</em></span> <span class='ocrx_word' id='word_1_90' title='bbox 1384 1079 1603 1152; x_wconf 80' lang='grc' dir='ltr'><em>ἀηδεῖς,</em></span> <span class='ocrx_word' id='word_1_91' title='bbox 1644 1083 1721 1143; x_wconf 85' lang='grc' dir='ltr'><em>ὡς</em></span> <span class='ocrx_word' id='word_1_92' title='bbox 1757 1082 2135 1131; x_wconf 84' lang='grc' dir='ltr'><em>κατασκάπτω</em></span> <span class='ocrx_word' id='word_1_93' title='bbox 2175 1080 2273 1149; x_wconf 83' lang='grc' dir='ltr'><em>τὴν</em></span> <span class='ocrx_word' id='word_1_94' title='bbox 2313 1075 2500 1141; x_wconf 88' lang='grc' dir='ltr'><em>πόλιν,</em></span> 
     </span>
     <span class='ocr_line' id='line_1_11' title="bbox 422 1161 2578 1241; baseline -0.008 -11"><span class='ocrx_word' id='word_1_95' title='bbox 422 1183 497 1241; x_wconf 88' lang='grc' dir='ltr'><em>ὡς</em></span> <span class='ocrx_word' id='word_1_96' title='bbox 534 1180 840 1229; x_wconf 84' lang='grc' dir='ltr'><em>ἀνάστατον</em></span> <span class='ocrx_word' id='word_1_97' title='bbox 878 1172 1161 1240; x_wconf 90' lang='grc' dir='ltr'><em>πεποίηκα</em></span> <span class='ocrx_word' id='word_1_98' title='bbox 1203 1166 1396 1234; x_wconf 80' lang='grc' dir='ltr'><em>σχεδὸν</em></span> <span class='ocrx_word' id='word_1_99' title='bbox 1434 1165 1741 1231; x_wconf 82' lang='grc' dir='ltr'><em>ἐξελαύνων</em></span> <span class='ocrx_word' id='word_1_100' title='bbox 1779 1167 1911 1227; x_wconf 84' lang='grc' dir='ltr'><em>τούς</em></span> <span class='ocrx_word' id='word_1_101' title='bbox 1949 1161 2205 1227; x_wconf 87' lang='grc' dir='ltr'><em>πολίτας,</em></span> <span class='ocrx_word' id='word_1_102' title='bbox 2246 1165 2323 1225; x_wconf 82' lang='grc' dir='ltr'><em>ὡς</em></span> <span class='ocrx_word' id='word_1_103' title='bbox 2362 1161 2491 1233; x_wconf 84' lang='grc' dir='ltr'><em>ἀνῄ-</em></span> <span class='ocrx_word' id='word_1_104' title='bbox 2531 1170 2578 1213; x_wconf 86' lang='grc'>10</span> 
     </span>
     <span class='ocr_line' id='line_1_12' title="bbox 423 1246 2501 1334; baseline -0.008 -19"><span class='ocrx_word' id='word_1_105' title='bbox 423 1281 586 1334; x_wconf 92' lang='grc' dir='ltr'><em>ρηται</em></span> <span class='ocrx_word' id='word_1_106' title='bbox 622 1263 827 1321; x_wconf 91' lang='grc' dir='ltr'><em>πάντα,</em></span> <span class='ocrx_word' id='word_1_107' title='bbox 870 1259 1218 1324; x_wconf 81' lang='grc' dir='ltr'><em>συγκέχυται,</em></span> <span class='ocrx_word' id='word_1_108' title='bbox 1260 1251 1462 1304; x_wconf 87' lang='grc' dir='ltr'><em>λοιπὸν</em></span> <span class='ocrx_word' id='word_1_109' title='bbox 1503 1250 1661 1304; x_wconf 83' lang='grc' dir='ltr'><em>οὐδέν</em></span> <span class='ocrx_word' id='word_1_110' title='bbox 1701 1254 1871 1303; x_wconf 89' lang='grc' dir='ltr'><em>ἐστιν.</em></span> <span class='ocrx_word' id='word_1_111' title='bbox 1945 1252 2041 1301; x_wconf 91' lang='grc' dir='ltr'><em>καί</em></span> <span class='ocrx_word' id='word_1_112' title='bbox 2077 1267 2225 1311; x_wconf 91' lang='grc' dir='ltr'><em>τινες</em></span> <span class='ocrx_word' id='word_1_113' title='bbox 2262 1246 2404 1318; x_wconf 78' lang='grc' dir='ltr'><em>ἦσαν</em></span> <span class='ocrx_word' id='word_1_114' title='bbox 2446 1249 2501 1298; x_wconf 85' lang='grc' dir='ltr'><em>οἱ</em></span> 
     </span>
     <span class='ocr_line' id='line_1_13' title="bbox 429 1332 2500 1419; baseline -0.007 -20"><span class='ocrx_word' id='word_1_115' title='bbox 429 1346 645 1419; x_wconf 90' lang='grc' dir='ltr'><em>σφόδρα</em></span> <span class='ocrx_word' id='word_1_116' title='bbox 685 1343 1008 1413; x_wconf 84' lang='grc' dir='ltr'><em>ὀδυρόμενοι</em></span> <span class='ocrx_word' id='word_1_117' title='bbox 1044 1342 1107 1391; x_wconf 88' lang='grc' dir='ltr'><em>τὸ</em></span> <span class='ocrx_word' id='word_1_118' title='bbox 1142 1337 1400 1405; x_wconf 87' lang='grc' dir='ltr'><em>χαλκεῖον</em></span> <span class='ocrx_word' id='word_1_119' title='bbox 1438 1340 1501 1389; x_wconf 84' lang='grc' dir='ltr'><em>τὸ</em></span> <span class='ocrx_word' id='word_1_120' title='bbox 1553 1344 1655 1388; x_wconf 86' lang='grc' dir='ltr'><em>τοῦ</em></span> <span class='ocrx_word' id='word_1_121' title='bbox 1701 1335 1908 1400; x_wconf 90' lang='grc' dir='ltr'><em>δεῖνος,</em></span> <span class='ocrx_word' id='word_1_122' title='bbox 1952 1332 2217 1401; x_wconf 81' lang='grc' dir='ltr'><em>χαλεπῶς</em></span> <span class='ocrx_word' id='word_1_123' title='bbox 2265 1335 2500 1399; x_wconf 82' lang='grc' dir='ltr'><em>ἔχοντες,</em></span> 
     </span>
     <span class='ocr_line' id='line_1_14' title="bbox 426 1420 2498 1502; baseline -0.008 -18"><span class='ocrx_word' id='word_1_124' title='bbox 426 1435 475 1484; x_wconf 82' lang='grc' dir='ltr'><em>εἰ</em></span> <span class='ocrx_word' id='word_1_125' title='bbox 511 1435 581 1502; x_wconf 82' lang='grc' dir='ltr'><em>μὴ</em></span> <span class='ocrx_word' id='word_1_126' title='bbox 609 1434 769 1497; x_wconf 91' lang='grc' dir='ltr'><em>μενεῖ</em></span> <span class='ocrx_word' id='word_1_127' title='bbox 785 1434 955 1478; x_wconf 85' lang='grc' dir='ltr'><em>ταῦτα</em></span> <span class='ocrx_word' id='word_1_128' title='bbox 982 1426 1050 1476; x_wconf 82' lang='grc' dir='ltr'><em>τὰ</em></span> <span class='ocrx_word' id='word_1_129' title='bbox 1076 1426 1452 1494; x_wconf 85' lang='grc' dir='ltr'><em>ὑπομνήματα</em></span> <span class='ocrx_word' id='word_1_130' title='bbox 1479 1430 1578 1494; x_wconf 91' lang='grc' dir='ltr'><em>τῆς</em></span> <span class='ocrx_word' id='word_1_131' title='bbox 1604 1420 1857 1484; x_wconf 84' lang='grc' dir='ltr'><em>παλαιᾶς</em></span> <span class='ocrx_word' id='word_1_132' title='bbox 1885 1420 2262 1488; x_wconf 81' lang='grc' dir='ltr'><em>εὐδαιμονίας,</em></span> <span class='ocrx_word' id='word_1_133' title='bbox 2306 1420 2498 1487; x_wconf 83' lang='grc' dir='ltr'><em>ὥσπερ</em></span> 
     </span>
     <span class='ocr_line' id='line_1_15' title="bbox 422 1505 2500 1584; baseline -0.007 -16"><span class='ocrx_word' id='word_1_134' title='bbox 422 1524 529 1568; x_wconf 91' lang='grc' dir='ltr'><em>τῶν</em></span> <span class='ocrx_word' id='word_1_135' title='bbox 571 1509 839 1584; x_wconf 84' lang='grc' dir='ltr'><em>Ἀθήνησι</em></span> <span class='ocrx_word' id='word_1_136' title='bbox 889 1507 1273 1578; x_wconf 86' lang='grc' dir='ltr'><em>Προπυλαίων</em></span> <span class='ocrx_word' id='word_1_137' title='bbox 1321 1512 1661 1574; x_wconf 88' lang='grc' dir='ltr'><em>κινουμένων</em></span> <span class='ocrx_word' id='word_1_138' title='bbox 1707 1509 1738 1577; x_wconf 81' lang='grc' dir='ltr'><em>ἢ</em></span> <span class='ocrx_word' id='word_1_139' title='bbox 1793 1513 1895 1558; x_wconf 79' lang='grc' dir='ltr'><em>τοῦ</em></span> <span class='ocrx_word' id='word_1_140' title='bbox 1939 1507 2327 1576; x_wconf 77' lang='grc' dir='ltr'><em>Παρθενῶνος</em></span> <span class='ocrx_word' id='word_1_141' title='bbox 2364 1505 2395 1574; x_wconf 83' lang='grc' dir='ltr'><em>ἢ</em></span> <span class='ocrx_word' id='word_1_142' title='bbox 2437 1505 2500 1553; x_wconf 84' lang='grc' dir='ltr'><em>τὸ</em></span> 
     </span>
     <span class='ocr_line' id='line_1_16' title="bbox 421 1588 2584 1667; baseline -0.007 -15"><span class='ocrx_word' id='word_1_143' title='bbox 421 1602 644 1666; x_wconf 81' lang='grc' dir='ltr'><em>Σαμίων</em></span> <span class='ocrx_word' id='word_1_144' title='bbox 669 1593 904 1667; x_wconf 50' lang='grc' dir='ltr'><em>(Ἡραιον</em></span> <span class='ocrx_word' id='word_1_145' title='bbox 940 1600 1086 1666; x_wconf 78' lang='grc' dir='ltr'><em>ἡμᾶς</em></span> <span class='ocrx_word' id='word_1_146' title='bbox 1125 1595 1547 1663; x_wconf 86' lang='grc' dir='ltr'><em>ἀνατρέποντας</em></span> <span class='ocrx_word' id='word_1_147' title='bbox 1583 1594 1615 1662; x_wconf 86' lang='grc' dir='ltr'><em>ἢ</em></span> <span class='ocrx_word' id='word_1_148' title='bbox 1672 1595 1736 1643; x_wconf 84' lang='grc' dir='ltr'><em>τὸ</em></span> <span class='ocrx_word' id='word_1_149' title='bbox 1776 1589 2081 1661; x_wconf 82' lang='grc' dir='ltr'><em>Μιλησίων</em></span> <span class='ocrx_word' id='word_1_150' title='bbox 2119 1588 2427 1656; x_wconf 88' lang='grc' dir='ltr'><em>Διδύμειον</em></span> <span class='ocrx_word' id='word_1_151' title='bbox 2464 1590 2496 1658; x_wconf 81' lang='grc' dir='ltr'><em>ἢ</em></span> <span class='ocrx_word' id='word_1_152' title='bbox 2537 1596 2584 1638; x_wconf 85' lang='grc'>15</span> 
     </span>
    </p>

    <p class='ocr_par' dir='ltr' id='par_1_4' title="bbox 354 1670 2681 2597">
     <span class='ocr_line' id='line_1_17' title="bbox 354 1670 2504 1752; baseline -0.006 -15"><span class='ocrx_word' id='word_1_153' title='bbox 354 1691 389 1742; x_wconf 85' lang='grc'>9</span> <span class='ocrx_word' id='word_1_154' title='bbox 427 1688 519 1736; x_wconf 84' lang='grc' dir='ltr'><em>τὸν</em></span> <span class='ocrx_word' id='word_1_155' title='bbox 567 1685 701 1735; x_wconf 81' lang='grc' dir='ltr'><em>νεὼν</em></span> <span class='ocrx_word' id='word_1_156' title='bbox 749 1689 845 1752; x_wconf 90' lang='grc' dir='ltr'><em>τῆς</em></span> <span class='ocrx_word' id='word_1_157' title='bbox 876 1675 1134 1751; x_wconf 81' lang='grc' dir='ltr'><em>Ἐφεσίας</em></span> <span class='ocrx_word' id='word_1_158' title='bbox 1177 1670 1532 1746; x_wconf 78' lang='grc' dir='ltr'><em>Ἀρτέμιδος,</em></span> <span class='ocrx_word' id='word_1_159' title='bbox 1580 1670 1706 1726; x_wconf 81' lang='grc' dir='ltr'><em>ἀλλ’</em></span> <span class='ocrx_word' id='word_1_160' title='bbox 1752 1678 1848 1726; x_wconf 81' lang='grc' dir='ltr'><em>οὐκ</em></span> <span class='ocrx_word' id='word_1_161' title='bbox 1896 1677 2098 1745; x_wconf 84' lang='grc' dir='ltr'><em>αἰσχρὰ</em></span> <span class='ocrx_word' id='word_1_162' title='bbox 2136 1677 2230 1726; x_wconf 82' lang='grc' dir='ltr'><em>καὶ</em></span> <span class='ocrx_word' id='word_1_163' title='bbox 2275 1677 2504 1741; x_wconf 83' lang='grc' dir='ltr'><em>καταγέ-</em></span> 
     </span>
     <span class='ocr_line' id='line_1_18' title="bbox 429 1758 2681 1836; baseline -0.007 -17"><span class='ocrx_word' id='word_1_164' title='bbox 429 1767 599 1819; x_wconf 90' lang='grc' dir='ltr'><em>λαστα</em></span> <span class='ocrx_word' id='word_1_165' title='bbox 638 1769 877 1836; x_wconf 89' lang='grc' dir='ltr'><em>ἐρείπια,</em></span> <span class='ocrx_word' id='word_1_166' title='bbox 918 1762 1062 1815; x_wconf 77' lang='grc' dir='ltr'><em>πολὺ</em></span> <span class='ocrx_word' id='word_1_167' title='bbox 1101 1760 1475 1832; x_wconf 89' lang='grc' dir='ltr'><em>ταπεινότερα</em></span> <span class='ocrx_word' id='word_1_168' title='bbox 1514 1767 1625 1812; x_wconf 91' lang='grc' dir='ltr'><em>τῶν</em></span> <span class='ocrx_word' id='word_1_169' title='bbox 1654 1758 1933 1825; x_wconf 86' lang='grc' dir='ltr'><em>κλεισίων,</em></span> <span class='ocrx_word' id='word_1_170' title='bbox 1975 1761 2061 1822; x_wconf 90' lang='grc' dir='ltr'><em>οἶς</em></span> <span class='ocrx_word' id='word_1_171' title='bbox 2086 1758 2398 1811; x_wconf 83' lang='grc' dir='ltr'><em>ὑποδύεται</em></span> <span class='ocrx_word' id='word_1_172' title='bbox 2435 1759 2503 1808; x_wconf 84' lang='grc' dir='ltr'><em>τοὶ</em></span> <span class='ocrx_word' id='word_1_173' title='bbox 2531 1768 2681 1809; x_wconf 67' lang='grc'>(16331</span> 
     </span>
     <span class='ocr_line' id='line_1_19' title="bbox 425 1837 2505 1923; baseline -0.006 -18"><span class='ocrx_word' id='word_1_174' title='bbox 425 1852 695 1923; x_wconf 79' lang='grc' dir='ltr'><em>πρόβατα,</em></span> <span class='ocrx_word' id='word_1_175' title='bbox 733 1857 841 1902; x_wconf 91' lang='grc' dir='ltr'><em>τῶν</em></span> <span class='ocrx_word' id='word_1_176' title='bbox 881 1853 1164 1914; x_wconf 89' lang='grc' dir='ltr'><em>ποιμένων</em></span> <span class='ocrx_word' id='word_1_177' title='bbox 1206 1845 1263 1898; x_wconf 83' lang='grc' dir='ltr'><em>δὲ</em></span> <span class='ocrx_word' id='word_1_178' title='bbox 1307 1845 1487 1908; x_wconf 81' lang='grc' dir='ltr'><em>οὐδεὶς</em></span> <span class='ocrx_word' id='word_1_179' title='bbox 1527 1848 1594 1897; x_wconf 84' lang='grc' dir='ltr'><em>ἂν</em></span> <span class='ocrx_word' id='word_1_180' title='bbox 1635 1844 1865 1897; x_wconf 91' lang='grc' dir='ltr'><em>δύναιτο</em></span> <span class='ocrx_word' id='word_1_181' title='bbox 1900 1843 2185 1896; x_wconf 76' lang='grc' dir='ltr'><em>εἰσελθεῖν</em></span> <span class='ocrx_word' id='word_1_182' title='bbox 2226 1837 2355 1894; x_wconf 82' lang='grc' dir='ltr'><em>οὑδὲ</em></span> <span class='ocrx_word' id='word_1_183' title='bbox 2394 1849 2505 1893; x_wconf 88' lang='grc' dir='ltr'><em>τῶν</em></span> 
     </span>
     <span class='ocr_line' id='line_1_20' title="bbox 423 1925 2508 2006; baseline -0.005 -16"><span class='ocrx_word' id='word_1_184' title='bbox 423 1941 812 2006; x_wconf 87' lang='grc' dir='ltr'><em>γενναιοτέρων</em></span> <span class='ocrx_word' id='word_1_185' title='bbox 860 1941 1059 1986; x_wconf 87' lang='grc' dir='ltr'><em>κυνῶν·</em></span> <span class='ocrx_word' id='word_1_186' title='bbox 1110 1926 1207 2003; x_wconf 80' lang='grc' dir='ltr'><em>ἐφ’</em></span> <span class='ocrx_word' id='word_1_187' title='bbox 1265 1932 1351 1994; x_wconf 88' lang='grc' dir='ltr'><em>οἷς</em></span> <span class='ocrx_word' id='word_1_188' title='bbox 1399 1933 1558 1998; x_wconf 83' lang='grc' dir='ltr'><em>ὑμεῖς</em></span> <span class='ocrx_word' id='word_1_189' title='bbox 1606 1933 1707 1997; x_wconf 88' lang='grc' dir='ltr'><em>μὲν</em></span> <span class='ocrx_word' id='word_1_190' title='bbox 1756 1932 2064 2001; x_wconf 81' lang='grc' dir='ltr'><em>ἠρυθριᾶτε</em></span> <span class='ocrx_word' id='word_1_191' title='bbox 2111 1925 2261 1997; x_wconf 82' lang='grc' dir='ltr'><em>&lt;καὶ&gt;</em></span> <span class='ocrx_word' id='word_1_192' title='bbox 2300 1927 2508 1998; x_wconf 91' lang='grc' dir='ltr'><em>διετρέ-</em></span> 
     </span>
     <span class='ocr_line' id='line_1_21' title="bbox 427 2014 2588 2091; baseline -0.005 -17"><span class='ocrx_word' id='word_1_193' title='bbox 427 2025 608 2074; x_wconf 88' lang='grc' dir='ltr'><em>πεσθε</em></span> <span class='ocrx_word' id='word_1_194' title='bbox 645 2028 753 2073; x_wconf 92' lang='grc' dir='ltr'><em>τῶν</em></span> <span class='ocrx_word' id='word_1_195' title='bbox 791 2019 1069 2091; x_wconf 81' lang='grc' dir='ltr'><em>ἡγεμόνων</em></span> <span class='ocrx_word' id='word_1_196' title='bbox 1108 2017 1426 2081; x_wconf 86' lang='grc' dir='ltr'><em>εἰσιόντων,</em></span> <span class='ocrx_word' id='word_1_197' title='bbox 1479 2019 1535 2068; x_wconf 84' lang='grc' dir='ltr'><em>οἱ</em></span> <span class='ocrx_word' id='word_1_198' title='bbox 1586 2015 1644 2068; x_wconf 80' lang='grc' dir='ltr'><em>δὲ</em></span> <span class='ocrx_word' id='word_1_199' title='bbox 1697 2014 1885 2087; x_wconf 91' lang='grc' dir='ltr'><em>ἀηδῶς</em></span> <span class='ocrx_word' id='word_1_200' title='bbox 1923 2017 2141 2081; x_wconf 84' lang='grc' dir='ltr'><em>ἔχοντες</em></span> <span class='ocrx_word' id='word_1_201' title='bbox 2180 2016 2325 2084; x_wconf 82' lang='grc' dir='ltr'><em>πρὸς</em></span> <span class='ocrx_word' id='word_1_202' title='bbox 2362 2015 2502 2080; x_wconf 79' lang='grc' dir='ltr'><em>ὑμᾶς</em></span> <span class='ocrx_word' id='word_1_203' title='bbox 2538 2019 2588 2063; x_wconf 81' lang='grc'><em>20</em></span> 
     </span>
     <span class='ocr_line' id='line_1_22' title="bbox 427 2098 2508 2176; baseline -0.004 -18"><span class='ocrx_word' id='word_1_204' title='bbox 427 2110 721 2176; x_wconf 89' lang='grc' dir='ltr'><em>ἐπέχαιρον</em></span> <span class='ocrx_word' id='word_1_205' title='bbox 757 2108 849 2157; x_wconf 85' lang='grc' dir='ltr'><em>καὶ</em></span> <span class='ocrx_word' id='word_1_206' title='bbox 886 2103 1111 2173; x_wconf 87' lang='grc' dir='ltr'><em>ἐγέλων·</em></span> <span class='ocrx_word' id='word_1_207' title='bbox 1151 2107 1294 2155; x_wconf 85' lang='grc' dir='ltr'><em>ὅπου</em></span> <span class='ocrx_word' id='word_1_208' title='bbox 1333 2101 1473 2173; x_wconf 80' lang='grc' dir='ltr'><em>μηδὲ</em></span> <span class='ocrx_word' id='word_1_209' title='bbox 1514 2107 1637 2164; x_wconf 87' lang='grc' dir='ltr'><em>τοῖς</em></span> <span class='ocrx_word' id='word_1_210' title='bbox 1670 2100 1965 2168; x_wconf 81' lang='grc' dir='ltr'><em>χαλκεῦσιν</em></span> <span class='ocrx_word' id='word_1_211' title='bbox 2015 2099 2142 2171; x_wconf 82' lang='grc' dir='ltr'><em>ἐξῆν</em></span> <span class='ocrx_word' id='word_1_212' title='bbox 2184 2098 2508 2169; x_wconf 86' lang='grc' dir='ltr'><em>διάρασθαι</em></span> 
     </span>
     <span class='ocr_line' id='line_1_23' title="bbox 431 2186 2507 2260; baseline -0.004 -18"><span class='ocrx_word' id='word_1_213' title='bbox 431 2191 637 2257; x_wconf 86' lang='grc' dir='ltr'><em>σχεδόν,</em></span> <span class='ocrx_word' id='word_1_214' title='bbox 677 2190 814 2242; x_wconf 83' lang='grc' dir='ltr'><em>ἀλλὰ</em></span> <span class='ocrx_word' id='word_1_215' title='bbox 853 2186 1165 2260; x_wconf 79' lang='grc' dir='ltr'><em>εἰργάζοντο</em></span> <span class='ocrx_word' id='word_1_216' title='bbox 1203 2187 1530 2259; x_wconf 82' lang='grc' dir='ltr'><em>κεκυφότες’</em></span> <span class='ocrx_word' id='word_1_217' title='bbox 1569 2189 1664 2239; x_wconf 83' lang='grc' dir='ltr'><em>καὶ</em></span> <span class='ocrx_word' id='word_1_218' title='bbox 1700 2194 1874 2238; x_wconf 79' lang='grc' dir='ltr'><em>ταῦτα</em></span> <span class='ocrx_word' id='word_1_219' title='bbox 1915 2187 2203 2236; x_wconf 90' lang='grc' dir='ltr'><em>πίπτοντα</em></span> <span class='ocrx_word' id='word_1_220' title='bbox 2241 2186 2335 2235; x_wconf 85' lang='grc' dir='ltr'><em>καὶ</em></span> <span class='ocrx_word' id='word_1_221' title='bbox 2371 2187 2507 2235; x_wconf 90' lang='grc' dir='ltr'><em>ὑπε-</em></span> 
     </span>
     <span class='ocr_line' id='line_1_24' title="bbox 430 2268 2506 2347; baseline -0.005 -19"><span class='ocrx_word' id='word_1_222' title='bbox 430 2281 775 2347; x_wconf 86' lang='grc' dir='ltr'><em>ρηρεισμένα,</em></span> <span class='ocrx_word' id='word_1_223' title='bbox 817 2278 850 2326; x_wconf 81' lang='grc' dir='ltr'><em>ἃ</em></span> <span class='ocrx_word' id='word_1_224' title='bbox 889 2278 1030 2345; x_wconf 88' lang='grc' dir='ltr'><em>πρὸς</em></span> <span class='ocrx_word' id='word_1_225' title='bbox 1056 2278 1152 2346; x_wconf 79' lang='grc' dir='ltr'><em>τὴν</em></span> <span class='ocrx_word' id='word_1_226' title='bbox 1181 2272 1394 2345; x_wconf 82' lang='grc' dir='ltr'><em>πληγὴν</em></span> <span class='ocrx_word' id='word_1_227' title='bbox 1420 2280 1523 2324; x_wconf 82' lang='grc' dir='ltr'><em>τοῦ</em></span> <span class='ocrx_word' id='word_1_228' title='bbox 1547 2276 1853 2344; x_wconf 79' lang='grc' dir='ltr'><em>ῥαιστῆρος</em></span> <span class='ocrx_word' id='word_1_229' title='bbox 1880 2273 2073 2340; x_wconf 82' lang='grc' dir='ltr'><em>ἔτρεμε</em></span> <span class='ocrx_word' id='word_1_230' title='bbox 2099 2272 2192 2321; x_wconf 86' lang='grc' dir='ltr'><em>καὶ</em></span> <span class='ocrx_word' id='word_1_231' title='bbox 2220 2268 2506 2320; x_wconf 90' lang='grc' dir='ltr'><em>διίστατο·</em></span> 
     </span>
     <span class='ocr_line' id='line_1_25' title="bbox 431 2352 2510 2430; baseline -0.002 -20"><span class='ocrx_word' id='word_1_232' title='bbox 431 2355 554 2411; x_wconf 79' lang='grc' dir='ltr'><em>ἀλλ’</em></span> <span class='ocrx_word' id='word_1_233' title='bbox 595 2364 743 2426; x_wconf 85' lang='grc' dir='ltr'><em>ὅμως</em></span> <span class='ocrx_word' id='word_1_234' title='bbox 788 2357 927 2430; x_wconf 81' lang='grc' dir='ltr'><em>ἦσαν</em></span> <span class='ocrx_word' id='word_1_235' title='bbox 979 2361 1034 2410; x_wconf 75' lang='grc' dir='ltr'><em>οἳ</em></span> <span class='ocrx_word' id='word_1_236' title='bbox 1074 2357 1335 2425; x_wconf 89' lang='grc' dir='ltr'><em>χαλεπῶς</em></span> <span class='ocrx_word' id='word_1_237' title='bbox 1384 2361 1574 2428; x_wconf 82' lang='grc' dir='ltr'><em>ἑώρων</em></span> <span class='ocrx_word' id='word_1_238' title='bbox 1624 2352 2009 2429; x_wconf 79' lang='grc' dir='ltr'><em>ἀφανιζόμενα</em></span> <span class='ocrx_word' id='word_1_239' title='bbox 2059 2357 2127 2406; x_wconf 84' lang='grc' dir='ltr'><em>τὰ</em></span> <span class='ocrx_word' id='word_1_240' title='bbox 2170 2360 2373 2425; x_wconf 87' lang='grc' dir='ltr'><em>σημεῖα</em></span> <span class='ocrx_word' id='word_1_241' title='bbox 2411 2361 2510 2424; x_wconf 91' lang='grc' dir='ltr'><em>τῆς</em></span> 
     </span>
     <span class='ocr_line' id='line_1_26' title="bbox 433 2433 2600 2515; baseline -0.004 -19"><span class='ocrx_word' id='word_1_242' title='bbox 433 2447 756 2515; x_wconf 89' lang='grc' dir='ltr'><em>ἔμπροσθεν</em></span> <span class='ocrx_word' id='word_1_243' title='bbox 796 2447 990 2506; x_wconf 91' lang='grc' dir='ltr'><em>πενίας</em></span> <span class='ocrx_word' id='word_1_244' title='bbox 1026 2447 1119 2496; x_wconf 86' lang='grc' dir='ltr'><em>καὶ</em></span> <span class='ocrx_word' id='word_1_245' title='bbox 1156 2442 1402 2508; x_wconf 82' lang='grc' dir='ltr'><em>ἀδοξίας,</em></span> <span class='ocrx_word' id='word_1_246' title='bbox 1445 2437 1543 2510; x_wconf 85' lang='grc' dir='ltr'><em>οὑχ</em></span> <span class='ocrx_word' id='word_1_247' title='bbox 1581 2446 1669 2495; x_wconf 84' lang='grc' dir='ltr'><em>ὅτι</em></span> <span class='ocrx_word' id='word_1_248' title='bbox 1694 2449 1805 2494; x_wconf 92' lang='grc' dir='ltr'><em>τῶν</em></span> <span class='ocrx_word' id='word_1_249' title='bbox 1842 2440 2045 2493; x_wconf 90' lang='grc' dir='ltr'><em>κιόνων</em></span> <span class='ocrx_word' id='word_1_250' title='bbox 2083 2439 2274 2507; x_wconf 85' lang='grc' dir='ltr'><em>ἔμελεν</em></span> <span class='ocrx_word' id='word_1_251' title='bbox 2315 2433 2509 2500; x_wconf 85' lang='grc' dir='ltr'><em>αὑτοῖς</em></span> <span class='ocrx_word' id='word_1_252' title='bbox 2546 2445 2600 2487; x_wconf 84' lang='lat'><em>25</em></span> 
     </span>
     <span class='ocr_line' id='line_1_27' title="bbox 432 2523 2506 2597; baseline -0.003 -16"><span class='ocrx_word' id='word_1_253' title='bbox 432 2538 540 2581; x_wconf 94' lang='grc' dir='ltr'><em>τῶν</em></span> <span class='ocrx_word' id='word_1_254' title='bbox 581 2533 884 2596; x_wconf 89' lang='grc' dir='ltr'><em>ἱσταμένων</em></span> <span class='ocrx_word' id='word_1_255' title='bbox 924 2523 1048 2580; x_wconf 78' lang='grc' dir='ltr'><em>οὐδὲ</em></span> <span class='ocrx_word' id='word_1_256' title='bbox 1088 2536 1197 2580; x_wconf 91' lang='grc' dir='ltr'><em>τῶν</em></span> <span class='ocrx_word' id='word_1_257' title='bbox 1234 2531 1453 2597; x_wconf 91' lang='grc' dir='ltr'><em>γείσων,</em></span> <span class='ocrx_word' id='word_1_258' title='bbox 1495 2523 1557 2580; x_wconf 83' lang='grc' dir='ltr'><em>οὑ</em></span> <span class='ocrx_word' id='word_1_259' title='bbox 1587 2534 1698 2580; x_wconf 92' lang='grc' dir='ltr'><em>τῶν</em></span> <span class='ocrx_word' id='word_1_260' title='bbox 1728 2526 2213 2593; x_wconf 89' lang='grc' dir='ltr'><em>οἰκοδομουμένων</em></span> <span class='ocrx_word' id='word_1_261' title='bbox 2240 2527 2506 2594; x_wconf 88' lang='grc' dir='ltr'><em>ἐργαστη-</em></span> 
     </span>
    </p>

    <p class='ocr_par' dir='ltr' id='par_1_5' title="bbox 353 2608 2593 2941">
     <span class='ocr_line' id='line_1_28' title="bbox 353 2608 2511 2685; baseline -0.005 -17"><span class='ocrx_word' id='word_1_262' title='bbox 353 2617 415 2668; x_wconf 82' lang='lat'><em>10</em></span> <span class='ocrx_word' id='word_1_263' title='bbox 437 2617 569 2684; x_wconf 86' lang='grc' dir='ltr'><em>ρίων</em></span> <span class='ocrx_word' id='word_1_264' title='bbox 608 2613 823 2678; x_wconf 82' lang='grc' dir='ltr'><em>ἄλλοσε,</em></span> <span class='ocrx_word' id='word_1_265' title='bbox 864 2609 985 2665; x_wconf 77' lang='grc' dir='ltr'><em>ἀλλ’</em></span> <span class='ocrx_word' id='word_1_266' title='bbox 1031 2616 1117 2665; x_wconf 85' lang='grc' dir='ltr'><em>ἵνα</em></span> <span class='ocrx_word' id='word_1_267' title='bbox 1154 2613 1440 2685; x_wconf 89' lang='grc' dir='ltr'><em>μηδέποτε</em></span> <span class='ocrx_word' id='word_1_268' title='bbox 1463 2610 1653 2680; x_wconf 82' lang='grc' dir='ltr'><em>μεῖζον</em></span> <span class='ocrx_word' id='word_1_269' title='bbox 1680 2615 1839 2680; x_wconf 83' lang='grc' dir='ltr'><em>ὑμεῖς</em></span> <span class='ocrx_word' id='word_1_270' title='bbox 1866 2614 2089 2664; x_wconf 87' lang='grc' dir='ltr'><em>ἐκείνων</em></span> <span class='ocrx_word' id='word_1_271' title='bbox 2121 2618 2380 2682; x_wconf 83' lang='grc' dir='ltr'><em>φρονῆτε.</em></span> <span class='ocrx_word' id='word_1_272' title='bbox 2447 2608 2511 2659; x_wconf 78' lang='grc' dir='ltr'><em>εὖ</em></span> 
     </span>
     <span class='ocr_line' id='line_1_29' title="bbox 431 2692 2507 2771; baseline -0.004 -20"><span class='ocrx_word' id='word_1_273' title='bbox 431 2702 532 2770; x_wconf 83' lang='grc' dir='ltr'><em>γὰρ</em></span> <span class='ocrx_word' id='word_1_274' title='bbox 573 2700 689 2751; x_wconf 87' lang='grc' dir='ltr'><em>ἴστε</em></span> <span class='ocrx_word' id='word_1_275' title='bbox 727 2704 812 2751; x_wconf 83' lang='grc' dir='ltr'><em>ὅτι</em></span> <span class='ocrx_word' id='word_1_276' title='bbox 849 2703 939 2752; x_wconf 85' lang='grc' dir='ltr'><em>καὶ</em></span> <span class='ocrx_word' id='word_1_277' title='bbox 975 2706 1094 2762; x_wconf 89' lang='grc' dir='ltr'><em>τοῖς</em></span> <span class='ocrx_word' id='word_1_278' title='bbox 1127 2699 1535 2771; x_wconf 85' lang='grc' dir='ltr'><em>οἰκοδομήμασι</em></span> <span class='ocrx_word' id='word_1_279' title='bbox 1573 2702 1667 2751; x_wconf 84' lang='grc' dir='ltr'><em>καὶ</em></span> <span class='ocrx_word' id='word_1_280' title='bbox 1704 2704 1830 2761; x_wconf 88' lang='grc' dir='ltr'><em>ταῖς</em></span> <span class='ocrx_word' id='word_1_281' title='bbox 1869 2701 2093 2768; x_wconf 85' lang='grc' dir='ltr'><em>ἑορταῖς</em></span> <span class='ocrx_word' id='word_1_282' title='bbox 2128 2698 2223 2746; x_wconf 83' lang='grc' dir='ltr'><em>καὶ</em></span> <span class='ocrx_word' id='word_1_283' title='bbox 2246 2694 2324 2762; x_wconf 74' lang='grc' dir='ltr'><em>τῷ</em></span> <span class='ocrx_word' id='word_1_284' title='bbox 2355 2692 2507 2745; x_wconf 91' lang='grc' dir='ltr'><em>δικά-</em></span> 
     </span>
     <span class='ocr_line' id='line_1_30' title="bbox 436 2776 2505 2857; baseline -0.004 -21"><span class='ocrx_word' id='word_1_285' title='bbox 436 2781 544 2847; x_wconf 82' lang='grc' dir='ltr'><em>ζειν</em></span> <span class='ocrx_word' id='word_1_286' title='bbox 593 2779 750 2837; x_wconf 79' lang='grc' dir='ltr'><em>αὑτοὶ</em></span> <span class='ocrx_word' id='word_1_287' title='bbox 796 2788 887 2837; x_wconf 83' lang='grc' dir='ltr'><em>καὶ</em></span> <span class='ocrx_word' id='word_1_288' title='bbox 935 2785 1011 2854; x_wconf 76' lang='grc' dir='ltr'><em>τῷ</em></span> <span class='ocrx_word' id='word_1_289' title='bbox 1061 2788 1132 2857; x_wconf 86' lang='grc' dir='ltr'><em>μὴ</em></span> <span class='ocrx_word' id='word_1_290' title='bbox 1174 2779 1314 2855; x_wconf 75' lang='grc' dir='ltr'><em>παρ’</em></span> <span class='ocrx_word' id='word_1_291' title='bbox 1358 2790 1573 2855; x_wconf 80' lang='grc' dir='ltr'><em>ἑτέροις</em></span> <span class='ocrx_word' id='word_1_292' title='bbox 1610 2780 1981 2847; x_wconf 80' lang='grc' dir='ltr'><em>ἐξετάζεσθαι</em></span> <span class='ocrx_word' id='word_1_293' title='bbox 2029 2779 2170 2852; x_wconf 83' lang='grc' dir='ltr'><em>μηδὲ</em></span> <span class='ocrx_word' id='word_1_294' title='bbox 2226 2776 2505 2830; x_wconf 87' lang='grc' dir='ltr'><em>συντελεῖν</em></span> 
     </span>
     <span class='ocr_line' id='line_1_31' title="bbox 437 2866 2593 2941; baseline -0.003 -21"><span class='ocrx_word' id='word_1_295' title='bbox 437 2868 627 2931; x_wconf 81' lang='grc' dir='ltr'><em>ἄλλοις</em></span> <span class='ocrx_word' id='word_1_296' title='bbox 663 2872 924 2940; x_wconf 90' lang='grc' dir='ltr'><em>καθάπερ</em></span> <span class='ocrx_word' id='word_1_297' title='bbox 965 2868 1123 2938; x_wconf 88' lang='grc' dir='ltr'><em>οἶμαι</em></span> <span class='ocrx_word' id='word_1_298' title='bbox 1159 2874 1376 2941; x_wconf 86' lang='grc' dir='ltr'><em>κώμην,</em></span> <span class='ocrx_word' id='word_1_299' title='bbox 1428 2877 1575 2921; x_wconf 83' lang='grc' dir='ltr'><em>πᾶσι</em></span> <span class='ocrx_word' id='word_1_300' title='bbox 1612 2872 1837 2930; x_wconf 89' lang='grc' dir='ltr'><em>τούτοις</em></span> <span class='ocrx_word' id='word_1_301' title='bbox 1878 2866 2253 2934; x_wconf 85' lang='grc' dir='ltr'><em>συναίρεσθαι</em></span> <span class='ocrx_word' id='word_1_302' title='bbox 2292 2868 2507 2935; x_wconf 88' lang='grc' dir='ltr'><em>πέφυκε</em></span> <span class='ocrx_word' id='word_1_303' title='bbox 2545 2873 2593 2914; x_wconf 82' lang='lat'><em>30</em></span> 
     </span>
    </p>
   </div>
   <div class='ocr_carea' id='block_1_3' title="bbox 437 3008 2511 3785">
    <p class='ocr_par' dir='ltr' id='par_1_6' title="bbox 437 3008 2511 3785">
     <span class='ocr_line' id='line_1_32' title="bbox 571 3008 2511 3081; baseline -0.004 -14"><span class='ocrx_word' id='word_1_304' title='bbox 571 3023 594 3064; x_wconf 86' lang='lat'><strong>3</strong></span> <span class='ocrx_word' id='word_1_305' title='bbox 625 3017 792 3079; x_wconf 79' lang='grc' dir='ltr'><em>ἄχριον</em></span> <span class='ocrx_word' id='word_1_306' title='bbox 823 3021 870 3065; x_wconf 87' lang='grc' dir='ltr'><strong>Μ</strong></span> <span class='ocrx_word' id='word_1_307' title='bbox 1041 3016 1173 3081; x_wconf 80' lang='grc' dir='ltr'><em>παρὰ</em></span> <span class='ocrx_word' id='word_1_308' title='bbox 1203 3021 1251 3064; x_wconf 90' lang='grc' dir='ltr'><strong>Μ</strong></span> <span class='ocrx_word' id='word_1_309' title='bbox 1423 3014 1728 3077; x_wconf 80' lang='grc' dir='ltr'><em>ἀπολλύμενα</em></span> <span class='ocrx_word' id='word_1_310' title='bbox 1758 3018 1838 3065; x_wconf 91' lang='lat' dir='ltr'><em>UB</em></span> <span class='ocrx_word' id='word_1_311' title='bbox 1871 3012 2183 3074; x_wconf 78' lang='grc' dir='ltr'><em>ἀπολλύμεθα</em></span> <span class='ocrx_word' id='word_1_312' title='bbox 2213 3014 2251 3059; x_wconf 87' lang='grc' dir='ltr'><strong>Τ</strong></span> <span class='ocrx_word' id='word_1_313' title='bbox 2399 3018 2423 3057; x_wconf 87' lang='grc'><strong>5</strong></span> <span class='ocrx_word' id='word_1_314' title='bbox 2457 3008 2511 3067; x_wconf 73' lang='grc' dir='ltr'><em>ὃς</em></span> 
     </span>
     <span class='ocr_line' id='line_1_33' title="bbox 440 3083 2425 3152; baseline -0.003 -18"><span class='ocrx_word' id='word_1_315' title='bbox 440 3083 545 3136; x_wconf 75' lang='grc' dir='ltr'><em>οὐδὲ</em></span> <span class='ocrx_word' id='word_1_316' title='bbox 573 3090 622 3133; x_wconf 94' lang='grc' dir='ltr'><strong>Μ</strong></span> <span class='ocrx_word' id='word_1_317' title='bbox 734 3094 758 3135; x_wconf 88' lang='grc'>8</span> <span class='ocrx_word' id='word_1_318' title='bbox 788 3089 1037 3149; x_wconf 81' lang='grc' dir='ltr'><em>ἐγὲγνοντο</em></span> <span class='ocrx_word' id='word_1_319' title='bbox 1069 3091 1118 3134; x_wconf 91' lang='grc' dir='ltr'><strong>Μ</strong></span> <span class='ocrx_word' id='word_1_320' title='bbox 1203 3095 1228 3135; x_wconf 89' lang='grc'>9</span> <span class='ocrx_word' id='word_1_321' title='bbox 1261 3087 1449 3152; x_wconf 85' lang='grc' dir='ltr'><em>σφόδρα</em></span> <span class='ocrx_word' id='word_1_322' title='bbox 1480 3085 1604 3150; x_wconf 77' lang='grc' dir='ltr'><em>ἡδεῖς</em></span> <span class='ocrx_word' id='word_1_323' title='bbox 1632 3089 1671 3134; x_wconf 90' lang='grc' dir='ltr'><strong>Τ</strong></span> <span class='ocrx_word' id='word_1_324' title='bbox 1790 3093 1838 3134; x_wconf 90' lang='grc'><em>11</em></span> <span class='ocrx_word' id='word_1_325' title='bbox 1870 3086 1971 3135; x_wconf 82' lang='grc' dir='ltr'><em>ἐστι</em></span> <span class='ocrx_word' id='word_1_326' title='bbox 2001 3087 2039 3132; x_wconf 90' lang='grc' dir='ltr'><strong>Τ</strong></span> <span class='ocrx_word' id='word_1_327' title='bbox 2131 3089 2182 3132; x_wconf 87' lang='grc'>13</span> <span class='ocrx_word' id='word_1_328' title='bbox 2213 3085 2343 3143; x_wconf 83' lang='grc' dir='ltr'><em>μένει</em></span> <span class='ocrx_word' id='word_1_329' title='bbox 2375 3084 2425 3129; x_wconf 91' lang='grc' dir='ltr'><strong>Μ</strong></span> 
     </span>
     <span class='ocr_line' id='line_1_34' title="bbox 437 3152 2510 3221; baseline -0.002 -17"><span class='ocrx_word' id='word_1_330' title='bbox 437 3154 495 3204; x_wconf 84' lang='grc' dir='ltr'><em>τὰ</em></span> <span class='ocrx_word' id='word_1_331' title='bbox 528 3171 612 3204; x_wconf 90' lang='lat' dir='ltr'><em>om.</em></span> <span class='ocrx_word' id='word_1_332' title='bbox 642 3158 759 3204; x_wconf 90' lang='lat' dir='ltr'><em>UBT</em></span> <span class='ocrx_word' id='word_1_333' title='bbox 935 3165 984 3205; x_wconf 85' lang='lat'><em>15</em></span> <span class='ocrx_word' id='word_1_334' title='bbox 1013 3163 1267 3221; x_wconf 82' lang='grc' dir='ltr'><em>μειλησίων</em></span> <span class='ocrx_word' id='word_1_335' title='bbox 1294 3162 1383 3206; x_wconf 91' lang='grc' dir='ltr'><em>ΜΤ</em></span> <span class='ocrx_word' id='word_1_336' title='bbox 1413 3163 1639 3221; x_wconf 83' lang='grc' dir='ltr'><em>μιλησίων</em></span> <span class='ocrx_word' id='word_1_337' title='bbox 1667 3163 1700 3216; x_wconf 87' lang='grc' dir='ltr'><em>(ι</em></span> <span class='ocrx_word' id='word_1_338' title='bbox 1729 3161 1855 3218; x_wconf 81' lang='lat' dir='ltr'>prius</span> <span class='ocrx_word' id='word_1_339' title='bbox 1884 3172 1913 3204; x_wconf 83' lang='lat' dir='ltr'><strong>a</strong></span> <span class='ocrx_word' id='word_1_340' title='bbox 1945 3161 2078 3213; x_wconf 90' lang='lat' dir='ltr'>corr.)</span> <span class='ocrx_word' id='word_1_341' title='bbox 2110 3157 2149 3203; x_wconf 91' lang='lat' dir='ltr'>U</span> <span class='ocrx_word' id='word_1_342' title='bbox 2303 3152 2510 3212; x_wconf 81' lang='grc' dir='ltr'><em>διδύμιον</em></span> 
     </span>
     <span class='ocr_line' id='line_1_35' title="bbox 437 3228 2508 3291; baseline -0.001 -20"><span class='ocrx_word' id='word_1_343' title='bbox 437 3228 551 3281; x_wconf 83' lang='lat' dir='ltr'>libri,</span> <span class='ocrx_word' id='word_1_344' title='bbox 582 3241 696 3273; x_wconf 86' lang='lat' dir='ltr'>corr.</span> <span class='ocrx_word' id='word_1_345' title='bbox 727 3229 936 3275; x_wconf 82' lang='lat' dir='ltr'><em>Reiskius</em></span> <span class='ocrx_word' id='word_1_346' title='bbox 1053 3237 1101 3276; x_wconf 85' lang='grc'>16</span> <span class='ocrx_word' id='word_1_347' title='bbox 1131 3230 1338 3290; x_wconf 79' lang='grc' dir='ltr'><em>ἐφεσίων</em></span> <span class='ocrx_word' id='word_1_348' title='bbox 1366 3232 1488 3278; x_wconf 89' lang='lat' dir='ltr'><em>UBT</em></span> <span class='ocrx_word' id='word_1_349' title='bbox 1619 3237 1666 3277; x_wconf 82' lang='lat'><em>17</em></span> <span class='ocrx_word' id='word_1_350' title='bbox 1698 3232 1907 3291; x_wconf 83' lang='grc' dir='ltr'><em>κλησίων</em></span> <span class='ocrx_word' id='word_1_351' title='bbox 1936 3230 2025 3275; x_wconf 89' lang='grc' dir='ltr'><em>ΒΜ</em></span> <span class='ocrx_word' id='word_1_352' title='bbox 2053 3231 2251 3276; x_wconf 83' lang='grc' dir='ltr'><em>κλισίων</em></span> <span class='ocrx_word' id='word_1_353' title='bbox 2280 3228 2321 3274; x_wconf 89' lang='lat' dir='ltr'>U</span> <span class='ocrx_word' id='word_1_354' title='bbox 2351 3240 2410 3273; x_wconf 87' lang='lat' dir='ltr'><em>m.</em></span> <span class='ocrx_word' id='word_1_355' title='bbox 2441 3239 2508 3283; x_wconf 90' lang='lat' dir='ltr'><em>pr.</em></span> 
     </span>
     <span class='ocr_line' id='line_1_36' title="bbox 442 3296 2510 3362; baseline 0 -19"><span class='ocrx_word' id='word_1_356' title='bbox 442 3301 631 3343; x_wconf 79' lang='grc' dir='ltr'><em>κλισιῶν</em></span> <span class='ocrx_word' id='word_1_357' title='bbox 662 3311 776 3343; x_wconf 85' lang='lat' dir='ltr'><strong>corr.</strong></span> <span class='ocrx_word' id='word_1_358' title='bbox 806 3299 902 3354; x_wconf 86' lang='lat' dir='ltr'><em>UT,</em></span> <span class='ocrx_word' id='word_1_359' title='bbox 931 3303 1149 3348; x_wconf 83' lang='grc' dir='ltr'><em>κλεισίων</em></span> <span class='ocrx_word' id='word_1_360' title='bbox 1179 3302 1312 3347; x_wconf 81' lang='lat' dir='ltr'>Dind.</span> <span class='ocrx_word' id='word_1_361' title='bbox 1434 3308 1485 3348; x_wconf 84' lang='lat'><em>19</em></span> <span class='ocrx_word' id='word_1_362' title='bbox 1515 3306 1675 3362; x_wconf 81' lang='grc' dir='ltr'><em>κυρῶν</em></span> <span class='ocrx_word' id='word_1_363' title='bbox 1704 3303 1753 3347; x_wconf 93' lang='grc' dir='ltr'><strong>Μ</strong></span> <span class='ocrx_word' id='word_1_364' title='bbox 1885 3296 2146 3361; x_wconf 77' lang='grc' dir='ltr'><em>ἠρυθριᾶτε</em></span> <span class='ocrx_word' id='word_1_365' title='bbox 2177 3299 2510 3359; x_wconf 81' lang='grc' dir='ltr'><em>διετρέπεσθαι</em></span> 
     </span>
     <span class='ocr_line' id='line_1_37' title="bbox 442 3363 2365 3434; baseline 0.001 -23"><span class='ocrx_word' id='word_1_366' title='bbox 442 3367 529 3411; x_wconf 85' lang='grc' dir='ltr'><strong>ΒΜ</strong></span> <span class='ocrx_word' id='word_1_367' title='bbox 557 3363 807 3428; x_wconf 76' lang='grc' dir='ltr'><em>ἠρυθριᾶτε</em></span> <span class='ocrx_word' id='word_1_368' title='bbox 847 3370 1145 3428; x_wconf 74' lang='grc' dir='ltr'><em>διετρέπεσθε</em></span> <span class='ocrx_word' id='word_1_369' title='bbox 1184 3373 1225 3418; x_wconf 88' lang='lat' dir='ltr'>U</span> <span class='ocrx_word' id='word_1_370' title='bbox 1254 3372 1508 3434; x_wconf 83' lang='grc' dir='ltr'><em>ἐρυθριᾶτε</em></span> <span class='ocrx_word' id='word_1_371' title='bbox 1550 3373 1856 3434; x_wconf 76' lang='grc' dir='ltr'><em>διετρέπεσθε</em></span> <span class='ocrx_word' id='word_1_372' title='bbox 1886 3373 1951 3427; x_wconf 91' lang='grc' dir='ltr'><em>Τ,</em></span> <span class='ocrx_word' id='word_1_373' title='bbox 1988 3375 2069 3418; x_wconf 83' lang='grc' dir='ltr'><em>καὶ</em></span> <span class='ocrx_word' id='word_1_374' title='bbox 2098 3371 2201 3417; x_wconf 79' lang='lat' dir='ltr'><strong>add.</strong></span> <span class='ocrx_word' id='word_1_375' title='bbox 2233 3370 2365 3427; x_wconf 87' lang='lat' dir='ltr'><strong>Emp.</strong></span> 
     </span>
     <span class='ocr_line' id='line_1_38' title="bbox 443 3433 2508 3504; baseline -0.006 -7"><span class='ocrx_word' id='word_1_376' title='bbox 443 3441 495 3481; x_wconf 76' lang='lat'><em>2⁰</em></span> <span class='ocrx_word' id='word_1_377' title='bbox 526 3433 676 3496; x_wconf 61' lang='grc' dir='ltr'><em>ἀηδῶς</em></span> <span class='ocrx_word' id='word_1_378' title='bbox 704 3442 747 3496; x_wconf 80' lang='grc' dir='ltr'><em>(η</em></span> <span class='ocrx_word' id='word_1_379' title='bbox 776 3451 804 3482; x_wconf 74' lang='lat'><em>⁸·</em></span> <span class='ocrx_word' id='word_1_380' title='bbox 831 3446 965 3494; x_wconf 77' lang='lat'>⁰01&#39;1&#39;·)</span> <span class='ocrx_word' id='word_1_381' title='bbox 996 3440 1032 3484; x_wconf 92' lang='lat' dir='ltr'>U</span> <span class='ocrx_word' id='word_1_382' title='bbox 1149 3446 1195 3486; x_wconf 86' lang='lat'><em>21</em></span> <span class='ocrx_word' id='word_1_383' title='bbox 1229 3443 1457 3504; x_wconf 78' lang='grc' dir='ltr'><em>ἐπέχερον</em></span> <span class='ocrx_word' id='word_1_384' title='bbox 1488 3446 1538 3489; x_wconf 94' lang='grc' dir='ltr'><strong>Μ</strong></span> <span class='ocrx_word' id='word_1_385' title='bbox 1651 3448 1705 3489; x_wconf 82' lang='grc'><em>22</em></span> <span class='ocrx_word' id='word_1_386' title='bbox 1736 3447 1887 3491; x_wconf 80' lang='grc' dir='ltr'><em>ταῦτα</em></span> <span class='ocrx_word' id='word_1_387' title='bbox 1918 3457 2005 3490; x_wconf 89' lang='lat' dir='ltr'><em>om.</em></span> <span class='ocrx_word' id='word_1_388' title='bbox 2035 3443 2084 3487; x_wconf 88' lang='lat' dir='ltr'>M</span> <span class='ocrx_word' id='word_1_389' title='bbox 2113 3456 2172 3487; x_wconf 92' lang='lat' dir='ltr'><em>m.</em></span> <span class='ocrx_word' id='word_1_390' title='bbox 2201 3454 2271 3498; x_wconf 88' lang='lat' dir='ltr'><em>pr.</em></span> <span class='ocrx_word' id='word_1_391' title='bbox 2397 3433 2508 3485; x_wconf 80' lang='grc' dir='ltr'><em>ὑπε-</em></span> 
     </span>
     <span class='ocr_line' id='line_1_39' title="bbox 444 3504 2510 3575; baseline -0.007 -9"><span class='ocrx_word' id='word_1_392' title='bbox 444 3506 695 3566; x_wconf 67' lang='grc' dir='ltr'><em>θηθιῦμὲνα</em></span> <span class='ocrx_word' id='word_1_393' title='bbox 724 3507 774 3551; x_wconf 84' lang='grc' dir='ltr'><strong>Μ</strong></span> <span class='ocrx_word' id='word_1_394' title='bbox 888 3512 940 3553; x_wconf 84' lang='lat'><em>23</em></span> <span class='ocrx_word' id='word_1_395' title='bbox 971 3504 1000 3556; x_wconf 76' lang='grc' dir='ltr'><em>ἃ</em></span> <span class='ocrx_word' id='word_1_396' title='bbox 1031 3523 1116 3556; x_wconf 89' lang='lat' dir='ltr'><em>om.</em></span> <span class='ocrx_word' id='word_1_397' title='bbox 1146 3512 1196 3556; x_wconf 88' lang='lat' dir='ltr'>M</span> <span class='ocrx_word' id='word_1_398' title='bbox 1338 3514 1577 3575; x_wconf 80' lang='grc' dir='ltr'><em>ραστῆρος</em></span> <span class='ocrx_word' id='word_1_399' title='bbox 1607 3515 1657 3559; x_wconf 92' lang='grc' dir='ltr'><strong>Μ</strong></span> <span class='ocrx_word' id='word_1_400' title='bbox 1786 3518 1838 3558; x_wconf 85' lang='lat'><em>25</em></span> <span class='ocrx_word' id='word_1_401' title='bbox 1870 3514 2048 3560; x_wconf 81' lang='lat' dir='ltr'>videtur</span> <span class='ocrx_word' id='word_1_402' title='bbox 2077 3511 2245 3568; x_wconf 84' lang='lat' dir='ltr'>aliquid</span> <span class='ocrx_word' id='word_1_403' title='bbox 2274 3511 2432 3555; x_wconf 80' lang='lat' dir='ltr'>deesse</span> <span class='ocrx_word' id='word_1_404' title='bbox 2461 3509 2510 3553; x_wconf 90' lang='lat' dir='ltr'><em>in</em></span> 
     </span>
     <span class='ocr_line' id='line_1_40' title="bbox 443 3572 2510 3655; baseline 0.002 -34"><span class='ocrx_word' id='word_1_405' title='bbox 443 3577 561 3655; x_wconf 53' lang='lat' dir='ltr'>hailo</span> <span class='ocrx_word' id='word_1_406' title='bbox 596 3576 879 3622; x_wconf 77' lang='lat' dir='ltr'><em>sententiam:</em></span> <span class='ocrx_word' id='word_1_407' title='bbox 920 3574 1004 3637; x_wconf 72' lang='grc' dir='ltr'><em>οὐχ</em></span> <span class='ocrx_word' id='word_1_408' title='bbox 1045 3572 1119 3626; x_wconf 73' lang='grc' dir='ltr'><em>ὅτι</em></span> <span class='ocrx_word' id='word_1_409' title='bbox 1150 3579 1299 3640; x_wconf 82' lang='grc' dir='ltr'><em>(καλὰ</em></span> <span class='ocrx_word' id='word_1_410' title='bbox 1339 3580 1499 3640; x_wconf 83' lang='grc' dir='ltr'><em>αὐτοῖς</em></span> <span class='ocrx_word' id='word_1_411' title='bbox 1527 3583 1682 3633; x_wconf 80' lang='grc' dir='ltr'><em>ἐδόκει</em></span> <span class='ocrx_word' id='word_1_412' title='bbox 1722 3589 1802 3632; x_wconf 82' lang='grc' dir='ltr'><em>καὶ</em></span> <span class='ocrx_word' id='word_1_413' title='bbox 1839 3582 2071 3645; x_wconf 84' lang='grc' dir='ltr'><em>χρήσιμα,</em></span> <span class='ocrx_word' id='word_1_414' title='bbox 2112 3577 2219 3631; x_wconf 76' lang='grc' dir='ltr'><em>οὐδὲ</em></span> <span class='ocrx_word' id='word_1_415' title='bbox 2257 3578 2381 3641; x_wconf 81' lang='grc' dir='ltr'><em>γὰρ)</em></span> <span class='ocrx_word' id='word_1_416' title='bbox 2411 3583 2510 3626; x_wconf 82' lang='grc' dir='ltr'><em>τῶν</em></span> 
     </span>
     <span class='ocr_line' id='line_1_41' title="bbox 442 3645 2508 3729; baseline 0.008 -38"><span class='ocrx_word' id='word_1_417' title='bbox 442 3662 617 3729; x_wconf 64' lang='grc' dir='ltr'><em>κιόνων</em></span> <span class='ocrx_word' id='word_1_418' title='bbox 646 3659 682 3692; x_wconf 84' lang='lat' dir='ltr'><em>e.</em></span> <span class='ocrx_word' id='word_1_419' title='bbox 713 3659 753 3702; x_wconf 91' lang='lat' dir='ltr'><em>q.</em></span> <span class='ocrx_word' id='word_1_420' title='bbox 783 3660 819 3693; x_wconf 78' lang='lat' dir='ltr'><em>s,</em></span> <span class='ocrx_word' id='word_1_421' title='bbox 905 3645 1093 3704; x_wconf 74' lang='grc' dir='ltr'><em>ἔμελλεν</em></span> <span class='ocrx_word' id='word_1_422' title='bbox 1121 3652 1236 3706; x_wconf 90' lang='lat' dir='ltr'>libri,</span> <span class='ocrx_word' id='word_1_423' title='bbox 1268 3667 1382 3702; x_wconf 85' lang='lat' dir='ltr'><strong>corr.</strong></span> <span class='ocrx_word' id='word_1_424' title='bbox 1413 3655 1578 3701; x_wconf 82' lang='lat' dir='ltr'>Reiske</span> <span class='ocrx_word' id='word_1_425' title='bbox 1679 3661 1734 3706; x_wconf 81' lang='grc'><em>26</em></span> <span class='ocrx_word' id='word_1_426' title='bbox 1764 3659 1937 3715; x_wconf 80' lang='grc' dir='ltr'><em>γεισῶν</em></span> <span class='ocrx_word' id='word_1_427' title='bbox 1967 3656 2005 3701; x_wconf 90' lang='lat' dir='ltr'>U</span> <span class='ocrx_word' id='word_1_428' title='bbox 2107 3658 2160 3699; x_wconf 77' lang='lat'><em>27</em></span> <span class='ocrx_word' id='word_1_429' title='bbox 2192 3651 2349 3706; x_wconf 76' lang='grc' dir='ltr'><em>ἄλλως</em></span> <span class='ocrx_word' id='word_1_430' title='bbox 2380 3650 2508 3696; x_wconf 78' lang='lat' dir='ltr'><em>UMB</em></span> 
     </span>
     <span class='ocr_line' id='line_1_42' title="bbox 437 3715 2019 3785; baseline -0.001 -14"><span class='ocrx_word' id='word_1_431' title='bbox 437 3719 587 3770; x_wconf 76' lang='grc' dir='ltr'><em>αλλος</em></span> <span class='ocrx_word' id='word_1_432' title='bbox 615 3716 667 3773; x_wconf 87' lang='grc' dir='ltr'><em>Τ,</em></span> <span class='ocrx_word' id='word_1_433' title='bbox 699 3715 871 3764; x_wconf 78' lang='grc' dir='ltr'><em>ἄλλοσε</em></span> <span class='ocrx_word' id='word_1_434' title='bbox 902 3720 1031 3776; x_wconf 86' lang='lat' dir='ltr'><strong>Emp.</strong></span> <span class='ocrx_word' id='word_1_435' title='bbox 1148 3727 1199 3767; x_wconf 85' lang='lat'><em>30</em></span> <span class='ocrx_word' id='word_1_436' title='bbox 1230 3719 1389 3779; x_wconf 67' lang='grc' dir='ltr'><em>ἄλλοις</em></span> <span class='ocrx_word' id='word_1_437' title='bbox 1417 3726 1637 3783; x_wconf 81' lang='lat' dir='ltr'>Valesius,</span> <span class='ocrx_word' id='word_1_438' title='bbox 1669 3724 1887 3785; x_wconf 70' lang='grc' dir='ltr'><em>ἀλλήλοις</em></span> <span class='ocrx_word' id='word_1_439' title='bbox 1916 3727 2019 3771; x_wconf 82' lang='lat' dir='ltr'>libri</span> 
     </span>
    </p>
   </div>
  </div>
 </body>
</html>
