2684 4140
51 0 98 19 τιεῖ,

1113 291 1339 337 ORATIO
1368 292 1491 338 XIV.
2244 295 2346 343 227

8 582 235 655 3<4361z1n
354 573 474 636 (64)
522 570 747 636 ΠΕΡΙ
791 571 1249 639 ΔΟΥΛΕΙΑΣ
1297 573 1473 639 ΚΑΙ
1519 573 2107 645 ΕΛΕΥΘΕΡΙΑΣ
2157 578 2239 642 Α.

9 803 12 876 l
390 808 461 859 Οἱ
507 811 813 879 ἄνθρωποι
860 815 1213 879 ἐπιθυμοῦσι
1258 817 1359 881 μὲν
1397 813 1692 886 ἐλεύθεροι
1735 815 1881 868 εἶναι
1916 816 2162 883 μάλιστα
2201 823 2342 872 πάν-
2382 824 2409 872 1

0 887 12 935 ιῗ
257 910 385 957 των,
422 896 519 945 καί
557 909 702 965 φασι
738 899 836 967 τὴν
874 896 1203 968 ἐλευθερίαν
1239 904 1504 967 μέγιστον
1542 907 1653 952 τῶν
1693 902 1941 968 ἀγαθῶν,
1984 905 2082 973 τὴν
2121 901 2180 954 δὲ
2221 903 2345 974 δου-

10 945 12 1069 ε
259 975 413 1029 λείαν
453 978 744 1044 αἴσχιστον
781 984 875 1033 καὶ
919 981 1357 1048 δυστυχέστατον
1395 987 1693 1055 ὑπάρχειν,
1746 987 1879 1036 αὐτὸ
1931 984 1989 1037 δὲ
2037 994 2201 1038 τοῦτο
2240 992 2348 1054 ὅ,τι

10 1095 12 1143 ἱ
255 1062 378 1113 ἐστὶ
403 1064 466 1113 τὸ
495 1059 795 1133 ἐλεύθερον
823 1065 1026 1137 εἶναιῆ
1057 1070 1164 1131 ὅ,τι
1199 1070 1263 1119 τὸ
1293 1066 1591 1133 δουλεύειν,
1633 1070 1730 1119 οὐκ
1763 1069 1970 1121 ἴσασιν.
2032 1073 2125 1123 καὶ
2159 1075 2346 1125 τοίνυν

10 1158 12 1186 ÷
203 1153 226 1194 5
265 1144 391 1196 οὐδὲ
441 1155 708 1200 ποιοῦσιν
749 1148 934 1214 οὐδέν,
984 1153 1061 1212 ὡς
1108 1153 1248 1213 ἔπος
1286 1154 1495 1216 εἰπεῖν,
1545 1155 1702 1214 ὅπως
1749 1156 1813 1204 τὸ
1851 1156 1952 1219 μὲν
1991 1157 2219 1226 αἰσχρὸν
2254 1161 2350 1210 καὶ

248 1229 499 1295 χαλεπὸν
526 1231 907 1303 ἐκφεύξονται,
946 1236 1045 1303 τὴν
1074 1233 1347 1298 δουλείαν,
1388 1236 1419 1286 ὃ
1447 1234 1505 1286 δὲ
1535 1234 1695 1287 δοκεῖ
1726 1238 1917 1298 αὐτοῖς
1947 1236 2165 1290 πολλοῦ
2188 1239 2348 1304 ἀξιον

254 1314 415 1380 εἶναι,
442 1319 758 1387 κτήσονται,
785 1319 883 1387 τὴν
911 1315 1257 1388 ἐλευθερίαν,
1288 1317 1430 1369 ἀλλὰ
1451 1320 1776 1371 τούναντίον
1803 1327 1977 1372 ταῦτα
2001 1325 2348 1391 πράττουσιν

11 1448 14 1473 Ι
252 1397 315 1462 ἐξ
340 1400 416 1452 ὧν
443 1402 647 1471 ἀνάγκη
675 1404 806 1463 τοὺς
831 1400 1272 1471 ἐπιτηδεύοντας
1301 1401 1578 1455 διατελεῖν
1608 1402 1975 1477 δουλεύοντας
2000 1408 2096 1458 τὸν
2124 1410 2348 1459 ἅπαντα

11 1475 18 1575 L
247 1488 449 1554 χρόνον
497 1488 592 1538 καὶ
638 1485 1025 1556 μηδεπώποτε
1072 1486 1404 1559 ἐλευθερίας
1451 1491 1855 1557 ἐπιτυγχάνειν.
1932 1489 2078 1561 πλὴν
2116 1495 2348 1555 τούτους
2386 1495 2419 1544 2

22 1578 218 1625 (23οΜ)10
255 1571 351 1620 οὐκ
387 1568 548 1634 ἄξιον
588 1570 727 1633 ἴσως
759 1573 1065 1638 θαυμάσαι
1104 1575 1193 1624 ὅτι
1231 1574 1357 1625 οὔτε
1397 1572 1542 1626 ἑλεῖν
1583 1575 1708 1626 οὔτε
1749 1573 2119 1646 φυλάξασθαι
2158 1575 2349 1630 δύναν-

252 1672 349 1706 ται
386 1654 418 1705 ὃ
454 1658 816 1723 τυγχάνουσιν
844 1659 1187 1725 ἀγνοοῦντες.
1253 1660 1304 1708 εἰ
1340 1665 1470 1726 γοῦν
1512 1661 1809 1727 ἐτύγχανον
1847 1662 2174 1728 ἀγνοοῦντες
2211 1666 2350 1732 πρό-

2 1808 4 1819 ,
251 1741 425 1807 βατον
473 1743 567 1792 καὶ
617 1739 778 1792 λύκον
826 1745 932 1806 ὅ,τι
981 1744 1132 1794 ἐστὶν
1171 1745 1431 1813 ἑκάτερον
1475 1744 1684 1807 αὐτοῖν,
1725 1747 1877 1810 ὅμως
1917 1743 1975 1795 δὲ
2013 1749 2245 1815 ἡγοῦντο
2285 1750 2348 1798 τὸ

1 1822 4 1884 ἰ
251 1827 353 1891 μὲν
402 1824 691 1896 ὠφέλιμον
733 1829 828 1878 καὶ
863 1829 1191 1897 κτήσασθαι
1231 1829 1480 1895 ἀγαθόν,
1532 1831 1596 1879 τὸ
1638 1827 1696 1880 δὲ
1736 1827 2009 1897 βλαβερὸν
2045 1833 2140 1881 καὶ
2176 1833 2350 1897 ἀσύμ-

13 1897 20 2214 t
256 1926 451 1979 φορον,
492 1912 588 1961 οὐκ
623 1912 690 1962 ἂν
727 1908 793 1981 ἦν
819 1913 1155 1978 θαυμαστὸν
1194 1911 1371 1975 οὐδέν,
1412 1915 1464 1964 εἰ
1502 1915 1565 1964 τὸ
1592 1916 1693 1979 μὲν
1722 1915 2010 1982 πρόβατον
2036 1916 2349 1984 ἐφοβοῦντο

2 2003 19 2039 Ι,

4 2080 5 2106 1

177 2003 224 2045 15
260 1997 354 2046 καὶ
390 1997 626 2066 ἔφευγον
665 1998 843 2048 ἐνίοτε
883 1999 959 2058 ὡς
999 1995 1187 2061 λύκον,
1237 2000 1334 2048 τὸν
1375 1996 1433 2048 δὲ
1476 1996 1636 2049 λύκον
1675 2000 1978 2067 προσίεντο
2016 2001 2110 2049 καὶ
2145 2001 2351 2064 ὑπέμε-

252 2095 364 2143 νον,
403 2082 735 2146 νομίσαντες
773 2083 1089 2150 πρόβατον·
1137 2086 1169 2151 ἡ
1219 2083 1323 2149 γὰρ
1375 2083 1575 2148 ἄγνοια
1615 2076 1851 2132 τοιαῦτα
1891 2078 2183 2151 ἐργάζεται
2219 2085 2353 2143 τοὺς

255 2165 351 2214 οὐκ
388 2162 611 2225 εἰδότας
647 2167 742 2216 καὶ
778 2161 1072 2232 ἀναγκάζει
1118 2166 1388 2215 τάναντία
1443 2168 1669 2235 φεύγειν
1714 2167 1809 2215 καὶ
1848 2163 2070 2215 διώκειν
2110 2164 2186 2216 ὧν
2224 2167 2354 2231 βού-

35 2259 229 2303 (437ΒΠ)
254 2245 446 2299 λονται
482 2250 576 2299 καὶ
612 2254 723 2299 τῶν
764 2252 1179 2319 συμφερόντων.
1258 2253 1394 2318 φέρε
1443 2247 1507 2318 δὴ
1564 2249 1916 2316 σκεψώμεθα
1963 2250 2012 2299 εἰ
2051 2250 2160 2317 ἄρα
2198 2267 2256 2300 τι
2295 2251 2352 2299 οἱ
2389 2248 2419 2299 3

253 2330 458 2384 πολλοὶ
493 2335 833 2385 ἐπίστανται
858 2336 992 2404 περὶ
1028 2331 1360 2403 ἐλευθερίας
1383 2335 1479 2385 καὶ
1506 2331 1766 2394 δουλείας
1809 2337 2006 2403 σαφές.
2072 2332 2212 2395 ἴσως
2248 2336 2353 2403 γάρ

169 2426 218 2468 20
253 2434 345 2468 τοι
379 2420 561 2488 μάτην
601 2420 802 2481 αὐτούς
842 2419 1184 2485 αἰτιώμεθα,
1228 2420 1285 2469 οἱ
1323 2416 1382 2470 δὲ
1423 2421 1639 2481 παντὸς
1675 2415 1890 2484 μᾶλλον
1929 2424 2103 2469 ταῦτα
2144 2418 2353 2470 ἴσασιν.

397 2505 448 2554 εἰ
488 2504 582 2555 οὖν
620 2505 808 2573 ἔροιτό
844 2521 932 2566 τις
972 2506 1173 2566 αὐτούς
1221 2507 1329 2568 ὅ,τι
1365 2506 1489 2555 ἐστὶ
1535 2506 1599 2555 τὸ
1639 2501 1942 2573 ἐλεύθερον
1981 2503 2145 2568 εἶναι,
2188 2508 2355 2574 φαῖεν

254 2587 322 2637 ἂν
362 2585 502 2649 ἴσως
538 2590 601 2638 τὸ
640 2586 880 2658 μηδενὸς
916 2591 1192 2659 ὑπήκοον,
1246 2586 1387 2639 ἀλλὰ
1428 2591 1699 2658 πράττειν
1739 2586 1938 2650 ἅπλῶς
1974 2589 2044 2638 τὰ
2085 2586 2354 2639 δοκοῦντα

254 2670 451 2739 ἑαυτῷ.
514 2675 610 2724 τὸν
651 2671 710 2724 δὲ
749 2679 913 2724 τοῦτο
951 2675 1400 2744 ἀποκρινάμενον
1438 2675 1535 2725 ἐάν
1574 2685 1677 2734 τις
1700 2671 1978 2742 ἐπερωτᾷ,
2019 2674 2070 2723 εἰ
2108 2675 2166 2723 ἐν
2199 2671 2351 2741 χορῷ
2392 2672 2424 2720 4

248 2759 516 2827 χορευτὴν
556 2760 689 2809 ὄντα
726 2761 799 2829 μὴ
842 2763 1142 2828 προσέχειν
1181 2758 1260 2827 τῷ
1298 2760 1590 2829 κορυφαίῳ
1619 2755 1760 2827 μηδὲ
1786 2759 2036 2826 ὑπήκοον
2074 2756 2222 2807 εἶναι
2261 2757 2355 2805 αὐ-

166 2850 212 2891 25
252 2847 367 2905 τοῦ,
408 2835 533 2892 ἀλλ’
578 2835 736 2911 ᾄδειν
774 2861 834 2894 τε
872 2844 966 2895 καὶ
1003 2839 1267 2912 ἀπᾴδειν,
1307 2846 1466 2903 ὅπως
1505 2844 1572 2892 ἂν
1612 2840 1761 2907 αὐτῷ
1801 2841 1953 2907 ἐπίῃ,
1993 2845 2157 2888 τοῦτο
2183 2835 2353 2887 καλὸν

253 2924 436 2977 οἴεται
474 2926 620 2978 εἶναι
656 2930 751 2979 καὶ
787 2926 1143 2997 ἐλευθέριον,
1197 2930 1261 2978 τὸ
1302 2925 1362 2976 δὲ
1401 2926 1655 2976 ἐναντίον
1693 2925 1911 2984 τούτου,
1951 2923 2014 2970 τὸ
2053 2923 2351 2988 προσέχειν

396 3109 424 3148 4
452 3101 510 3151 τὸ
550 3118 637 3150 om.
675 3106 727 3150 M
899 3102 1029 3151 ἴσασι
1069 3105 1107 3148 Β
1281 3106 1308 3146 6
1344 3097 1656 3159 ἐκφεύξονται
1694 3101 1738 3153 (ο
1781 3110 1810 3142 a
1849 3100 1981 3151 corr.)
2011 3095 2054 3142 U
2089 3070 2350 3157 ἐκφεύξών-

253 3191 332 3221 ται
360 3174 402 3218 Τ
517 3176 603 3232 τὴν
632 3177 851 3221 δουλείαν
879 3178 927 3219 et
955 3187 1061 3218 mox
1089 3174 1120 3217 l.
1154 3177 1177 3216 7
1210 3167 1296 3230 τὴν
1326 3169 1603 3226 ἐλευθερίαν
1632 3169 1751 3213 delet
1778 3167 2051 3213 Herwerden
2165 3170 2190 3211 9
2219 3167 2354 3226 μηδὲ·

255 3260 376 3291 ποτε
405 3244 569 3300 Pflugk
683 3242 874 3298 τούτοις
902 3244 1050 3299 UBM,
1079 3239 1280 3295 τούτους
1308 3241 1347 3285 Τ
1378 3244 1424 3285 et
1453 3240 1583 3296 vulgo
1724 3243 1774 3283 10
1804 3237 1964 3284 ἐλθεῖν
1994 3238 2044 3282 Μ
2188 3234 2352 3285 δύναν-

255 3333 334 3362 ται
366 3310 394 3361 ὃ
423 3315 502 3360 UB
534 3311 757 3361 δύνανται
787 3317 892 3366 (om.
925 3308 973 3367 δ’)
1001 3313 1052 3357 Μ
1200 3316 1247 3356 11
1281 3307 1429 3370 ἤγουν
1458 3310 1509 3354 Μ
1656 3313 1706 3353 12
1740 3301 1770 3355 δ’
1799 3308 1928 3355 ἐστιν
1955 3307 2073 3362 libri,
2104 3299 2193 3363 &a
2222 3306 2352 3354 ἐστὶν

254 3387 386 3442 vulgo
474 3381 633 3432 αὐτῶν
664 3385 702 3429 Τ
794 3376 925 3442 ὅμως
954 3385 992 3427 Β
1027 3374 1163 3436 ὅπως
1189 3381 1324 3427 MUT
1410 3376 1607 3440 ἡγοῖντο
1637 3379 1755 3435 libri,
1786 3392 1904 3424 corr.
1926 3376 2093 3423 Reiske
2211 3382 2260 3422 13
2293 3375 2349 3424 τὸ

256 3469 342 3502 om.
375 3456 424 3499 M
543 3460 596 3500 14
627 3450 714 3502 οὐκ
743 3450 805 3503 ἄν
835 3446 893 3514 ἦν
922 3454 1073 3510 ΕωΡ.,
1106 3447 1162 3499 οὗ
1191 3447 1345 3498 καλὸν
1373 3450 1477 3495 libri
1606 3449 1656 3497 δὲ
1687 3444 1821 3497 οὐδὲν
1850 3450 1901 3503 Β,
1934 3444 2070 3496 οὐδὲν
2099 3462 2186 3494 om.
2219 3449 2268 3492 M

260 3530 311 3572 18
340 3529 421 3573 καὶ
450 3552 506 3558 —-
536 3524 880 3587 συμφερόντων
909 3524 995 3569 del.
1027 3522 1313 3579 Wegehaupt
1430 3515 1550 3568 ἄλλα
1588 3517 1683 3580 γὰρ
1713 3519 1831 3579 φέρε
1861 3517 1913 3579 δή
1945 3519 2067 3566 UBT
2186 3522 2238 3563 19
2269 3535 2353 3565 σα-

257 3600 360 3658 φῶς
388 3597 471 3644 UT
560 3601 612 3641 20
644 3597 687 3644 εἰ
713 3596 775 3655 μὴ
806 3609 888 3653 pro
912 3594 958 3642 οἱ
978 3594 1026 3641 δὲ
1047 3595 1085 3638 Β
1172 3589 1298 3640 ἴασιν
1317 3591 1367 3635 Μ
1453 3595 1506 3636 21
1539 3587 1660 3638 εἶναι
1689 3605 1774 3637 om.
1798 3590 1878 3635 UT
1980 3593 2034 3634 23
2051 3588 2196 3650 χώρω
2218 3590 2268 3634 Μ

258 3673 312 3713 25
342 3671 423 3715 καὶ
452 3663 652 3735 ἀπᾴδειν
682 3682 767 3714 om.
790 3667 852 3722 Μ,
884 3666 987 3712 add.
1019 3678 1129 3721 mrg.
1217 3661 1351 3722 ἐπείη
1371 3662 1453 3708 UB
1541 3666 1595 3707 26
1624 3657 1746 3710 εἶναι
1777 3658 1928 3708 οἴεται
1958 3663 2064 3716 (hoe
2094 3660 2208 3716 ord.)
2230 3660 2268 3704 B

259 3739 517 3798 προσέχειν
545 3756 598 3786 τε
630 3740 669 3785 Τ
1925 3802 2015 3846 15*
