2684 4140
989 274 1220 324 ORATIO
1250 272 1500 325 Lxxvm-
2199 277 2302 327 219

208 426 302 476 καὶ
337 426 400 475 τὸ
453 422 546 476 διὰ
594 425 808 486 παντὸς
855 422 1130 494 ἥδεσθαι,
1178 420 1332 492 (καὶ)
1375 431 1795 494 καταφρονοῦσι
1842 425 1937 476 καὶ
1983 425 2299 491 μαίνεσθαι

209 506 501 576 νομίζουσι
536 510 630 560 καὶ
667 506 1047 575 ἀτιμάζουσιν.
1124 511 1155 560 ὁ
1193 507 1251 560 δὲ
1293 502 1390 560 οὐκ
1428 505 1707 578 ὀργίζεται
1745 511 1890 578 πρὸς
1929 503 2131 571 αὐτοὺς
2170 503 2292 561 οὐδ’
2318 511 2386 561 42

208 596 322 659 ἔχει
353 592 644 660 χαλεπῶς,
696 587 821 645 ἀλλ’
862 596 1019 646 ἔστιν
1057 590 1219 660 οἶμαι
1265 595 1359 645 καὶ
1407 595 1624 664 πατρὸς
1672 585 2033 664 εὐνούστερος
2082 596 2296 661 ἑκάστῳ

204 681 299 730 καὶ
335 677 597 748 ἀδελφῶν
632 680 726 729 καὶ
766 677 963 748 φίλων,
1000 681 1094 731 καὶ
1133 677 1196 750 δὴ
1235 680 1330 731 καὶ
1365 681 1496 741 τοὺς
1534 677 1775 741 πολίτας
1822 681 1954 740 τούς
1994 681 2168 730 αὐτοῦ’
2201 681 2301 730 καὶ

144 771 169 812 5
207 761 408 833 φίλους
443 765 537 814 καὶ
577 767 853 830 συγγενεῖς
893 762 1223 830 αἰδούμενος
1246 768 1365 830 μέν,
1406 765 1502 815 οὐκ
1529 765 2031 833 ἀποκρυπτόμενος
2059 762 2118 814 δὲ
2143 761 2300 829 (νου-

201 843 397 910 bevez>
432 850 682 915 τοσούτῳ
721 845 934 914 μᾶλλον
973 852 1105 900 ὅσον
1144 854 1255 900 τῶν
1293 846 1478 900 ἄλλων
1506 851 1878 919 οἰκειοτέρους
1915 866 1975 900 τε
1999 850 2093 900 καὶ
2129 849 2297 917 ἀναγ-

199 937 527 1003 καιοτέρους
564 936 862 1000 νενόμικεν,
904 936 981 996 ὡς
1020 934 1140 985 οἶόν
1178 952 1237 985 τε
1274 935 1564 996 ἐπιτείνας
1601 935 1732 994 τούς
1772 930 1969 1001 λόγους
2015 935 2109 985 καὶ
2149 948 2294 1005 σφο6

202 1013 471 1087 δροτέραν
519 1020 617 1090 τὴν
665 1019 974 1070 νουθεσίαν
1021 1020 1116 1070 καὶ
1162 1016 1569 1088 παρακέλευσιν
1623 1021 1994 1085 ποιούμενος,
2048 1018 2198 1088 αὐτῷ
2238 1031 2298 1070 τε

197 1101 490 1163 κάκείνοις.
567 1095 697 1154 οὐδὲ
734 1103 838 1172 γὰρ
878 1104 1087 1169 ἰατρός,
1127 1104 1234 1170 ὅτῳ
1276 1104 1480 1172 ἀνάγκη
1522 1107 1741 1172 πατέρα
1778 1105 2052 1173 ἢμητέρα
2090 1095 2124 1174 ἢ
2163 1106 2296 1166 τούς
2314 1104 2382 1157 43

117 1191 165 1236 10
201 1189 408 1237 ἑαυτοῦ
443 1184 658 1248 παῖδας
695 1189 907 1238 ἰᾶσθαι
956 1193 1261 1249 νοσοῦντας
1297 1178 1332 1257 ἢ
1368 1189 1463 1238 καὶ
1501 1189 1669 1238 αὑτὸν
1710 1185 1804 1238 διὰ
1856 1190 2064 1239 σπάνιν
2103 1206 2162 1239 τε
2201 1190 2297 1240 καὶ

196 1274 433 1341 ἐρημίαν
471 1270 655 1323 ἄλλων
683 1274 907 1342 ἰατρῶν,
948 1272 999 1323 εἰ
1026 1269 1147 1323 δέοι
1172 1276 1391 1338 τέμνειν
1428 1263 1463 1342 ἢ
1499 1273 1696 1336 καίειν,
1736 1274 1825 1322 ὅτι
1854 1268 2019 1340 φιλεῖ
2036 1273 2105 1322 τὰ
2133 1276 2296 1323 τέκνα

193 1359 288 1408 καὶ
325 1360 423 1409 τὸν
460 1361 680 1427 πατέρα
721 1358 1044 1423 αἰσχύνεται
1079 1359 1173 1408 καὶ
1209 1359 1309 1428 τὴν
1345 1360 1577 1427 μητέρα,
1625 1354 1719 1407 διὰ
1758 1361 1924 1406 τοῦτο
1964 1354 2291 1425 ἀμβλυτέρῳ

193 1442 275 1510 τῷ
315 1441 523 1514 σιδήρῳ
564 1446 727 1508 τέμοι
764 1443 832 1493 ἂν
868 1443 962 1493 καὶ
992 1439 1352 1512 χλιαρωτέρῳ
1393 1441 1472 1510 τῷ
1506 1443 1644 1511 πυρὶ
1666 1443 1837 1505 καίοι,
1877 1433 2204 1492 τούναντίον
2237 1439 2296 1491 δὲ

195 1529 272 1589 ὡς
312 1525 432 1579 οἶόν
470 1544 529 1578 τε
569 1528 820 1592 ἰσχύοντι
855 1529 949 1579 καὶ
974 1529 1211 1595 ἀκμαίῳ.
1274 1529 1371 1578 τὸν
1396 1533 1527 1595 γοῦν
1558 1521 1830 1597 Ἡρακλέα
1861 1527 2053 1597 φασίν,
2093 1523 2290 1596 ἐπειδὴ
2316 1528 2385 1577 44

41 1604 92 1691 'B
114 1614 162 1660 15
201 1605 298 1664 οἰκ
346 1610 579 1664 ἐδύνατο
629 1613 917 1664 ἰάσασθαι
965 1615 1029 1663 τὸ
1082 1619 1243 1680 σῶμα
1293 1614 1406 1663 ὑπὸ
1457 1614 1625 1663 νόσου
1679 1610 1863 1682 δεινῆς
1910 1613 2294 1676 κατεχόμενον,

190 1701 323 1760 τοὺς
369 1699 527 1760 υἱούς
573 1694 810 1748 καλέσαι
858 1699 1121 1765 πρώτους
1166 1695 1461 1748 κελεύοντα
1510 1698 1847 1767 ὑποπρῆσαι
1906 1693 2286 1765 λαμπροτάτῳ

191 1785 360 1853 πυρί·
408 1789 519 1834 τῶν
572 1781 631 1834 δὲ
673 1784 980 1834 ὀκνούντων
1017 1784 1112 1835 καὶ
1159 1784 1705 1853 ἀποστρεφομένων,
1757 1779 2036 1850 λοιδορεῖν
2088 1773 2295 1841 αὐτούς

192 1872 269 1931 ὡς
305 1865 590 1935 μαλακούς
627 1886 687 1919 τε
723 1870 817 1920 καὶ
854 1866 1118 1932 ἀναξίους
1145 1870 1318 1919 αὑτοῦ
1351 1870 1445 1919 καὶ
1481 1874 1550 1938 τῇ
1587 1868 1757 1937 μητρὶ
1780 1863 1991 1932 μᾶλλον
2019 1867 2294 1927 ἐοικότας,

193 1952 439 2022 λέγοντα,
480 1955 557 2015 ὡς
597 1955 627 2004 ό
666 1955 908 2024 ποιητής
949 1966 1108 2024 φησι,

16 2053 18 2056 ·
113 2042 162 2086 20
710 2042 824 2089 ποῖ
850 2029 1345 2108 μεταστρέφεσθ’,
1386 2035 1428 2088 ὦ
1468 2038 1628 2088 κακοὶ

15 2113 16 2117 “
698 2124 793 2175 καὶ
830 2121 1054 2186 ἀνάξιοι
1092 2130 1191 2194 τῆς
1229 2125 1366 2194 ἐμῆς
1407 2126 1657 2191 σπορᾶς,

695 2205 1027 2270 Αἰτωλίδος
1066 2206 1359 2276 ἀγάλματα
1397 2210 1609 2277 μητρός
1621 2226 1640 2270 ,-

191 2282 384 2344 οὐκοῦν
424 2291 576 2361 αὐτῷ
611 2295 819 2363 πρώτῳ
855 2295 957 2364 χρὴ
1008 2295 1103 2345 καὶ
1150 2297 1272 2355 τοῖς
1323 2291 1622 2364 φιλτάτοις
1670 2293 1764 2343 καὶ
1813 2292 2093 2358 ἐγγυτάτω
2143 2289 2284 2355 μετὰ
2309 2292 2375 2341 45

18 2385 165 2430 (66311)
189 2375 460 2448 πλείστης
499 2379 824 2448 παρρησίας
848 2396 907 2429 τε
931 2380 1026 2430 καὶ
1058 2375 1391 2448 ἐλευθερίας
1428 2377 1889 2449 προσφέρεσθαι,
1928 2373 2103 2446 μηδὲν
2144 2376 2290 2425 ἀπο-

5 2490 7 2493 *
103 2467 151 2510 25
186 2469 419 2515 κνοῦντα
456 2461 597 2534 μηδὲ
646 2465 950 2534 ὑφιέμενον
997 2465 1056 2515 ἐν
1103 2467 1226 2526 τοῖς
1278 2462 1480 2531 λόγοις.
1568 2460 1715 2514 πολὺ
1763 2462 1866 2531 γὰρ
1911 2465 2101 2531 χεῖρον
2154 2455 2287 2529 [καὶ]

190 2546 616 2619 διεφθαρμένου
658 2551 919 2615 σώματος
954 2550 1048 2600 καὶ
1084 2555 1385 2611 νοσοῦντος
1422 2551 1572 2620 ψυχὴ
1615 2547 2027 2619 διεφθαρμένη,
2066 2547 2145 2612 μὰ
2172 2547 2288 2597 Δία

189 2633 284 2699 οὐχ
320 2635 433 2685 ὑπὸ
475 2636 785 2705 φαρμάκων
819 2640 1065 2705 χριστῶν
1101 2636 1134 2705 ἢ
1176 2641 1369 2686 ποτῶν
1398 2633 1524 2686 οὐδὲ
1551 2635 1664 2686 ὑπὸ
1694 2635 1786 2683 ἰοῦ
1809 2649 1962 2693 τινος
1991 2629 2283 2683 διεσθίον-

186 2736 300 2783 τος,
340 2712 465 2770 ἀλλ”
507 2721 622 2770 ὑπό
660 2737 721 2771 τε
758 2721 988 2788 ἀγνοίας
1023 2722 1117 2772 καὶ
1154 2722 1433 2791 πονηρίας
1457 2722 1552 2772 καὶ
1576 2721 1790 2789 ὕβρεως
1814 2719 1908 2768 καὶ
1948 2717 2177 2787 φθόνου
2219 2714 2283 2786 δὴ

181 2806 276 2855 καὶ
315 2801 494 2875 λύπης
530 2805 624 2856 καὶ
658 2807 874 2876 μυρίων
911 2807 1258 2872 ἐπιθυμιῶν.
1320 2811 1487 2857 τοῦτο
1514 2807 1578 2856 τὸ
1606 2807 1824 2874 νόσημα
1862 2803 2043 2853 καὶτὸ
2084 2802 2284 2861 πάθος

95 2892 145 2935 30
177 2887 572 2959 χαλεπώτερον
611 2891 822 2942 ἐκείνου
859 2893 954 2943 καὶ
992 2888 1138 2942 πολὺ
1176 2887 1433 2958 μείζονος
1469 2891 1563 2942 καὶ
1590 2887 1983 2958 λαμπροτέρου
2013 2884 2278 2950 δεόμενον

182 2976 546 3044 ἐμπρησμοῦ·
595 2966 692 3046 ἐφ’
736 2976 802 3044 ἢν
841 2975 995 3028 ἴασιν
1031 2977 1126 3027 καὶ
1163 2973 1443 3026 ἀπόλυσιν
1476 2977 1578 3045 χρὴ
1622 2969 1970 3041 παρακαλεῖν
2010 2971 2278 3040 ἀπροφα-

186 3059 395 3119 σίστως
430 3059 524 3109 καὶ
561 3063 780 3128 πατέρα
817 3062 912 3111 καὶ
946 3061 1069 3111 υἱὸν
1105 3062 1200 3111 καὶ
1226 3058 1448 3130 ξυγγενῆ
1473 3060 1567 3110 καὶ
1593 3056 1889 3126 ἀλλότριον
1914 3058 2008 3108 καὶ
2034 3054 2277 3127 πολίτην

182 3143 277 3192 καὶ
322 3139 493 3204 ξένον.

327 3311 346 3351 1
379 3310 460 3354 καὶ
489 3308 591 3354 add.
611 3308 781 3355 Jacobs
867 3314 895 3355 4
923 3305 1072 3358 αὐτοῦ
1099 3311 1217 3367 libri,
1248 3323 1365 3357 corr.
1388 3310 1522 3356 Dind.
1613 3315 1638 3355 5
1670 3317 1892 3359 νουθετεῖ
1908 3311 2012 3356 add.
2039 3311 2221 3358 Geelius

182 3381 206 3421 7
239 3374 424 3424 οἴονται
454 3379 502 3422 Μ
645 3381 671 3423 8
702 3375 788 3438 τὴν
816 3382 1074 3428 νουθεσίαν
1102 3395 1188 3428 om.
1218 3383 1258 3426 B
1408 3386 1456 3426 10
1488 3377 1637 3429 αὐτὸν
1667 3382 1706 3428 U
1736 3395 1794 3427 m.
1824 3395 1894 3440 pr.
2025 3388 2076 3429 13
2107 3388 2188 3432 καὶ
2221 3383 2281 3433 ου’

179 3462 263 3506 pro
293 3451 425 3496 καίοι
454 3450 504 3495 Μ
649 3454 702 3495 14
733 3447 918 3498 οἷὀνται
948 3452 999 3495 Μ
1147 3458 1196 3497 15
1226 3450 1451 3505 ἐδύναντο
1482 3454 1575 3498 ΒΜ
1747 3458 1798 3499 18
1829 3449 1980 3502 αὐτοῦ
2007 3455 2126 3510 libri,
2159 3469 2278 3502 corr

179 3520 315 3566 Dind.
488 3525 542 3566 20
570 3523 979 3582 μεταστεφέσθων
1015 3527 1158 3571 κακοὶ
1196 3524 1291 3570 UB.
1331 3524 1494 3582 fragm
1534 3529 1648 3583 trag.
1690 3526 1849 3583 adesp.
1880 3530 1935 3571 99
1966 3527 2135 3574 Nauck

181 3594 229 3635 21
265 3595 457 3638 metrum
487 3593 552 3638 sic
581 3593 780 3638 restituit
800 3594 1064 3651 Emperius:
1094 3591 1311 3652 κάνάξιοι
1341 3601 1530 3659 σπορᾶς
1558 3603 1641 3659 τῆς
1669 3599 1783 3658 ἐμῆς
1804 3601 2066 3655 Αἰτωλίδος
2090 3602 2277 3662 μητρὸς

181 3655 447 3720 ἀγάλματα,
480 3665 560 3710 sed
591 3664 650 3709 cf.
672 3664 777 3709 Wil.
803 3666 858 3710 de
887 3669 1002 3722 trag
1024 3676 1170 3722 graec
1193 3667 1278 3724 frg.
1299 3682 1346 3725 p.
1364 3672 1419 3714 24
1507 3674 1560 3715 23
1593 3667 1724 3731 αὐτῷ
1752 3672 1871 3727 libri,
1905 3685 2022 3718 corr.
2053 3673 2188 3760 ²Emp.

181 3734 235 3775 25
252 3736 332 3779 καὶ
347 3735 532 3781 seclusit
548 3735 713 3781 Reiske
771 3739 823 3780 27
838 3753 1050 3796 χριστων
1066 3739 1259 3784 Gasaub.
1265 3744 1526 3800 ,χρειστῶν
1541 3742 1589 3786 Μ
1604 3744 1918 3805 χρηστῶνΠΒ
1967 3748 2020 3789 28
2040 3744 2213 3802 ἀνοίας
2229 3745 2277 3789 Μ
