2684 4140
1003 267 1231 313 ORATIO
1261 267 1446 314 LXVII.
2169 265 2271 315 169

332 418 458 475 ταῖς
493 420 604 464 τῶν
642 411 940 482 τραγῳδῶν
971 404 1241 483 Ἐρινύσιν
1279 413 1455 463 ἔοικεν
1492 417 1524 482 ἡ
1567 411 1730 477 δόξα·
1768 414 1831 463 τὸ
1870 414 1970 478 μὲν
1995 411 2098 479 γὰρ
2140 429 2271 481 φαι-
2292 412 2360 464 29

192 501 422 564 νόμενον
462 500 629 569 αὐτῆς
669 496 926 567 λαμπρὸν
964 501 1160 563 ὅμοιον
1197 504 1267 567 τῇ
1305 495 1589 563 λαμπάδι,
1639 500 1736 569 τὴν
1777 496 1835 549 δὲ
1873 499 2118 563 μάστιγα
2156 500 2278 558 τοῖς

6 591 171 632 monn»
193 586 415 652 κρότοις
452 601 539 644 τις
577 585 643 634 ἂν
683 582 844 648 οἶμαι
890 584 983 633 καὶ
1030 589 1098 651 τῇ
1134 583 1241 652 βοῇ
1277 588 1388 633 τῶν
1426 581 1653 634 πολλῶν
1692 584 2113 652 προσεικάσειε,
2158 585 2279 642 τοῖς

195 665 252 717 δὲ
293 670 463 737 ὄφεσι
499 669 630 728 τοὺς
665 667 843 718 ἐνίοτε
895 668 1269 733 συρίττοντας.
1367 664 1640 729 πολλάκις
1679 667 1775 718 οὖν
1813 670 1870 718 ἐν
1907 667 2108 737 ἠσυχίᾳ
2152 663 2277 717 τινὰ

129 755 154 795 5
193 752 323 801 ὄντα
359 752 452 801 καὶ
487 748 660 819 μηδὲν
697 751 892 815 ἔχοντα
916 752 1083 801 κακὸν
1109 751 1418 818 ἁρπάσασα
1455 753 1548 802 καὶ
1584 759 1652 821 τῇ
1688 754 1921 818 μάστιγι
1960 752 2278 821 ψοφήσασα

194 831 451 900 ἐξέβαλεν
489 835 571 894 εἰς
610 835 918 903 πανήγυρίν
955 852 1080 885 τινα
1118 836 1150 904 ἢ
1190 836 1453 904 θέατρον.
1482 833 1508 864 *
1534 833 1560 863 *
1587 833 1613 863 *

1065 1056 1404 1065 ————

556 1264 677 1332 (50)
714 1262 964 1330 ΠΕΡΙ
1005 1262 1344 1331 ΔΟΞΗΣ
1383 1263 1934 1331 ΔΕΥΤΕΡΟΣ.

1152 1408 1318 1415 ——

336 1509 404 1558 A.
437 1508 564 1558 Τίνι
600 1506 704 1575 γὰρ
743 1503 903 1558 δοκεῖ
935 1520 1027 1557 σοι
1054 1505 1346 1577 διαφέρειν
1383 1504 1630 1572 μάλιστα
1672 1508 1703 1557 ὁ
1731 1509 1975 1577 σώφρων
2014 1507 2150 1575 ἀνὴρ
2187 1506 2281 1556 καὶ
2323 1511 2346 1558 1

197 1589 518 1662 φιλόσοφος
565 1595 721 1662 ἡμῶν
759 1598 869 1642 τῶν
918 1589 1145 1642 πολλῶν
1189 1609 1248 1643 τε
1283 1593 1378 1643 καὶ
1412 1587 1594 1662 (εἰκῇ)
1632 1596 1987 1663 φερομένων,·
2032 1620 2103 1626 -
2134 1584 2285 1656 Ἐμοὶ

193 1681 310 1742 μέν,
350 1679 401 1728 εἰ
441 1675 534 1728 δεῖ
564 1679 742 1738 οὕτως
780 1678 1203 1747 ἀποφήνασθαι
1243 1675 1474 1747 φαύλως
1499 1695 1559 1729 τε
1584 1679 1677 1728 καὶ
1704 1679 1995 1745 ἀκόμψως,
2036 1674 2282 1746 ἀληθείᾳ

0 1750 1 1806 ἰ
109 1768 155 1810 10
192 1760 351 1814 δοκεῖ
392 1760 683 1833 διαφέρειν
729 1764 823 1813 καὶ
859 1762 938 1830 τῷ
976 1764 1335 1814 ἐπίστασθαι
1375 1764 1436 1812 οὐ
1474 1766 1646 1828 μόνον
1684 1769 1795 1813 τῶν
1834 1760 2090 1824 πολλῶν,
2142 1757 2282 1810 ἀλλὰ

194 1853 305 1897 τῶν
343 1849 490 1898 πάνυ
531 1844 731 1914 ὀλίγων
770 1864 829 1897 τε
865 1849 958 1898 καὶ
981 1848 1271 1916 μακαρίων
1298 1851 1709 1913 νενομισμένων
1735 1841 1889 1915 [τὸν].
1923 1875 1987 1883 -
2014 1848 2081 1897 A.
2113 1842 2283 1896 Φιλό-

197 1945 377 2002 σοφον
414 1930 492 1998 τῴ
534 1933 668 1995 ὄντι,
706 1925 831 1999 <οὗ>
866 1936 1060 1997 μέντοι
1088 1930 1302 2002 φαῦλον
1327 1934 1420 1983 καὶ
1446 1934 1707 2000 ἄκομψον
1734 1934 1797 1982 τὸ
1826 1934 1992 2002 ῥῆμα.
2055 1932 2151 1981 καί
2185 1946 2286 1995 μοι

195 2014 324 2067 τόδε
362 2017 488 2067 εἰπὲ
516 2019 661 2084 πρὸς
687 2017 859 2080 θεῶν,
899 2014 1035 2067 ἄλλο
1075 2035 1131 2067 τι
1167 2018 1198 2087 ἢ
1229 2015 1475 2085 ἀληθείᾳ
1506 2014 1617 2087 φῂς
1646 2015 1938 2086 διαφέρειν
1964 2024 2075 2068 τῶν
2102 2013 2285 2065 ἄλλων

195 2103 291 2151 τὸν
320 2099 640 2171 φιλόσοφον
666 2096 794 2170 [καὶ]
821 2101 899 2169 τῷ
928 2104 1072 2171 πρὸς
1099 2099 1376 2171 ἀλήθειαν
1402 2105 1649 2162 ἕκαστον,
1677 2100 1818 2152 ἀλλὰ
1844 2105 1917 2173 μὴ
1945 2102 2086 2153 κατὰ
2116 2098 2284 2162 δόξαν

110 2197 157 2238 15
197 2190 427 2236 σκοπεῖν
438 2205 458 2248 ,·
496 2215 561 2222 --
593 2184 796 2253 Φαύλῳ
837 2187 940 2255 γὰρ
980 2188 1064 2250 ἄν,
1106 2185 1148 2236 ὦ
1191 2188 1402 2255 ἄριστε,
1440 2189 1634 2237 κανόνι
1656 2188 1751 2238 καὶ
1789 2189 2127 2238 παντάπασι
2156 2199 2278 2235 σκο-
2320 2188 2350 2236 2

202 2268 302 2338 λιῴ
350 2272 427 2336 μά
465 2263 564 2322 Δί’
611 2273 673 2321 οὐ
721 2273 855 2338 μίαν
894 2272 1019 2322 τινά
1067 2274 1295 2342 καμπὴν
1334 2273 1544 2336 ἔχοντι,
1592 2273 1797 2341 μυρίας
1848 2270 1906 2322 δὲ
1954 2273 2047 2322 καὶ
2097 2272 2288 2330 πάσας

198 2357 562 2420 ὑπεναντίας,
613 2357 681 2407 τὰ
730 2359 1033 2426 πράγματα
1086 2355 1395 2424 σταθμῷτο
1435 2363 1503 2427 τῇ
1542 2355 1674 2426 δόξῃ
1726 2359 2078 2426 πειρώμενος
2117 2356 2287 2404 ἀπευ-

19 2441 395 2494 61311)θύνειν
435 2442 590 2491 αὐτά.
632 2469 696 2475 -
735 2443 802 2492 A.
842 2443 1096 2509 Πότερον
1145 2442 1241 2492 οὖν
1289 2442 1357 2492 τὰ
1406 2444 1507 2507 μὲν
1556 2439 1697 2492 ἄλλα
1749 2443 1934 2492 πάντα
1975 2443 2119 2511 πρὸς
2158 2437 2288 2508 ἀλή-

201 2525 369 2576 θειαν
410 2530 636 2589 σκοπεῖ,
682 2528 780 2596 τὴν
830 2524 997 2589 δόξαν
1049 2524 1265 2597 οὐδαμῇ
1315 2531 1658 2597 προσφέρων
1709 2528 1786 2588 ὡς
1823 2525 2005 2597 ψευδῆ
2045 2543 2170 2576 τινα
2209 2525 2288 2590 τῷ

113 2621 161 2661 20
204 2612 324 2661 ὄντι
359 2613 452 2662 καὶ
489 2612 859 2680 ἀστάθμητον
899 2612 1162 2681 στάθμην
1199 2613 1292 2662 καὶ
1328 2614 1533 2662 κανόνα
1582 2618 1866 2675 τοιοῦτον,
1920 2614 2122 2662 ὁποῖον
2161 2611 2290 2678 ἄρτι

202 2695 451 2765 εἴρηκας·
503 2697 669 2757 αὐτὸς
718 2694 776 2746 δὲ
828 2698 994 2747 αὑτὸν
1032 2699 1210 2764 τούτῳ
1251 2696 1330 2764 τῷ
1378 2699 1571 2747 κανόνι
1607 2698 1701 2747 καὶ
1737 2699 1908 2766 ταύτῃ
1949 2703 2017 2765 τῇ
2058 2695 2286 2761 στάθμῃ

205 2782 614 2846 σταθμώμενος
651 2778 810 2843 ἄξιος
847 2782 914 2831 ἂν
954 2780 1069 2851 εἴη,·
1105 2810 1176 2815 -
1219 2780 1298 2831 Οὐ
1336 2782 1414 2846 μά
1441 2774 1541 2831 Δί’
1586 2779 1860 2847 οὐδαμῶς.
1900 2809 1971 2815 —-
2006 2781 2073 2831 A.
2101 2776 2288 2848 Δῆλον

348 2967 367 3006 1
401 2954 633 3023 ἐριννῦσιν
662 2962 705 3005 Η
822 2966 847 3005 2
880 2958 1043 3015 αὐτοῖς
1073 2974 1187 3006 corr.
1218 2962 1257 3005 B
1373 2966 1396 3004 5
1430 2962 1685 3018 ψοφίσασα
1715 2960 1751 3002 Ρ
1878 2964 1899 3002 7
1939 2961 2039 3005 Τίνι
2068 2985 2120 2991 -
2153 2962 2178 3003 8
2210 2976 2287 3018 φε-

205 3033 422 3092 ρομένων
450 3033 663 3088 magistro
693 3033 846 3086 tribui,
876 3030 984 3089 ἐμοὶ
1016 3058 1067 3064 -
1092 3030 1447 3087 νενομισμένων
1467 3030 1778 3074 interlocutori
1866 3034 1890 3073 8
1922 3026 2055 3086 ὑμῶν
2077 3029 2205 3074 UBM

203 3104 307 3162 εἰκῇ
335 3103 436 3148 add.
469 3103 661 3147 casaub.
751 3105 778 3146 9
809 3102 853 3148 εἰ
879 3105 950 3148 δεῖ
967 3105 1030 3155 (εῖ
1048 3115 1076 3145 a.
1098 3106 1231 3153 corr.)
1254 3101 1291 3145 U
1383 3105 1433 3144 10
1465 3096 1522 3145 τὸ
1554 3113 1636 3155 pro
1668 3103 1737 3159 τῷ
1759 3100 1795 3142 Β
1883 3095 2000 3147 ἀλλά
2022 3103 2103 3146 καὶ
2126 3102 2205 3144 PH

210 3179 255 3218 11
290 3169 378 3219 τὸν
407 3174 592 3217 seclusit
621 3173 749 3227 WiL,
788 3173 863 3227 qui
893 3172 1028 3215 verba.
1058 3167 1331 3229 φιλόσοφον
1359 3195 1415 3203 -
1445 3169 1573 3229 ῥῆμα
1603 3171 1814 3224 magistro
1846 3170 2016 3222 tribuit,
2048 3171 2201 3215 addito
2234 3167 2289 3218 οὗ

203 3249 309 3289 ante
324 3244 488 3301 μέντοι
578 3247 628 3287 12
644 3243 732 3299 μὲν
752 3255 833 3298 pro
849 3243 1013 3298 μέντοι
1034 3242 1068 3285 Ρ
1160 3245 1211 3285 13
1233 3237 1359 3302 ἄλλῳ
1379 3244 1467 3286 τινὶ
1489 3242 1565 3284 PH
1657 3245 1710 3284 14
1738 3244 1818 3286 καὶ
1842 3241 2028 3286 seclusit
2047 3241 2207 3298 Pfiugk

209 3321 256 3360 15
288 3311 349 3362 ἄν
377 3329 460 3359 om.
483 3315 564 3360 ΠΒ
680 3317 868 3359 σκωλιῶ
897 3312 932 3355 Ρ
1078 3316 1129 3356 16
1159 3307 1225 3368 μὰ
1257 3307 1321 3357 δί’
1353 3311 1431 3355 ΡΗ
1461 3308 1527 3367 μὰ
1558 3313 1634 3357 δία
1656 3311 1784 3356 UBM
1918 3316 1966 3357 17
2001 3307 2292 3367 ἀπεναντίας

1760 3399 1785 3428 τ

204 3443 364 3489 UBPH
394 3441 677 3495 ἐπεναντίας
706 3441 768 3496 Μ,
798 3453 917 3485 corr.
949 3439 1081 3496 Emp.
1172 3445 1432 3502 σταθμῷτο
1456 3441 1493 3483 Β
1525 3442 1746 3495 σταθμῷι
1766 3402 1822 3484 tq>
1853 3442 1886 3494 (ι
1907 3444 1952 3484 et
1972 3442 2028 3496 τῆ
2048 3452 2075 3482 a
2096 3444 2231 3492 corr.)
2250 3441 2291 3486 U

205 3516 465 3571 σταθμῷτο
512 3511 675 3568 (gravis
713 3511 759 3555 in
800 3527 825 3556 ο
866 3523 894 3554 a
933 3523 1047 3555 corr.
1093 3510 1282 3565 deletus)
1322 3512 1357 3555 P
1414 3513 1617 3571 σταθμῷ
1664 3512 1722 3567 τῇ
1757 3509 1874 3562 ΜΗ,
1924 3513 2186 3572 σταθμῷτο
2235 3514 2294 3570 τῇ

206 3583 398 3629 Gasaub.
518 3587 567 3627 18
599 3579 843 3641 πρότερον
873 3581 922 3624 Μ
1040 3585 1090 3625 19
1123 3581 1416 3641 προσφέρων
1447 3586 1493 3635 (σ
1522 3594 1550 3624 a
1581 3585 1716 3633 corr.)
1748 3580 1784 3624 U
1888 3584 1941 3625 20
1973 3577 2214 3638 στάθμιον
2244 3582 2292 3625 Μ

207 3659 538 3714 σταθμηθῆναι
568 3655 610 3698 Η
727 3658 776 3697 21
812 3647 961 3698 αὐτὸν
990 3652 1032 3696 Η
1149 3657 1202 3696 22
1233 3650 1368 3707 ἄξιον
1398 3652 1437 3698 U
1467 3666 1524 3696 m.
1554 3664 1622 3708 pr.
1653 3651 1691 3694 B
1790 3648 1885 3709 εἴης
1914 3652 1958 3696 Η
2071 3652 2290 3698 fortasse:

206 3720 450 3778 ἀξιώσειεν
480 3723 540 3774 ἄν
655 3723 719 3783 μά
753 3727 829 3772 δία
859 3722 939 3766 UB
