2684 4140
333 244 438 294 206
965 235 1172 282 DIONIS
1201 235 1286 280 DE
1317 234 1789 281 CONSUETUDINE

334 396 511 452 μεως·
552 382 661 432 τῶν
701 379 760 432 δὲ
799 379 953 431 ἐθῶν
993 372 1155 430 οὐδὲν
1194 377 1518 450 ἀμφίβολον
1559 372 1687 431 οὐδὲ
1718 378 1958 446 σκολιόν,
2000 375 2123 433 οὐδ’
2167 384 2235 434 ἂν
2272 399 2431 454 περι-

337 461 546 537 γένοιτ’
590 459 773 516 αὐτῶν
812 462 989 532 λόγος.
1075 465 1344 515 κάκείνων
1380 466 1481 531 μὲν
1521 466 1610 516 ἀεὶ
1649 463 1743 516 δεῖ
1769 469 2162 536 μνημονεύειν,
2213 470 2265 519 εἰ
2301 467 2429 535 μέλ-

337 552 529 618 λοιμεν
569 552 761 612 αὐτοῖς
786 552 1070 616 ἐμμένειν·
1118 556 1221 600 τοῦ
1257 548 1316 600 δὲ
1358 551 1533 612 ἔθους
1573 552 1669 601 οὐκ
1706 552 1861 603 ἔστιν
1900 551 2027 604 οὐδὲ
2054 551 2430 620 βουλομένους

330 634 757 688 ἐπιλαθέσθαι·
806 636 1072 705 τοιαύτην
1109 635 1212 704 γὰρ
1263 636 1377 701 ἔχει
1429 637 1604 706 φύσιν
1654 638 1798 688 ὥστε
1848 638 1937 690 ἀεὶ
1983 641 2430 710 ὑπομιμνήσκειν

332 725 516 774 αὑτοῦ.
590 717 844 771 καθόλου
884 718 943 771 δὲ
982 722 1114 782 τοὺς
1149 723 1251 786 μὲν
1289 723 1496 787 νόμους
1536 723 1677 792 φαίη
1731 741 1819 785 τις
1868 725 1936 775 ἀν
1984 728 2175 776 ποιεῖν
2215 722 2429 776 δούλων
2467 739 2492 779 5
2637 719 2644 766 ἕ

331 805 655 870 πολιτείαν,
713 806 782 856 τὰ
836 803 895 857 δὲ
946 807 1055 877 ἔθη
1106 807 1433 858 τούναντίον
1483 805 1816 877 ἐλευθέρων.
1917 811 2123 860 ἐκεῖνοι
2177 811 2278 875 μὲν
2327 810 2432 879 γάρ

330 898 599 943 ποιοῦσιν
637 893 720 954 εἰς
760 893 829 943 τὰ
871 894 1105 959 σώματα
1142 890 1431 954 κολάσεις·
1484 894 1982 963 παραβαινομένου
2023 892 2083 945 δὲ
2122 895 2297 956 ἔθους
2334 897 2433 965 τὴν

330 975 533 1048 ζημίαν
583 977 731 1029 εἶναι
781 978 1122 1048 συμβέβηκεν
1176 979 1457 1049 αἰσχύνην.
1561 980 1704 1030 ὥστε
1763 981 1974 1041 ἐκεῖνος
2030 981 2132 1046 μὲν
2184 978 2432 1050 φαύλων,

331 1062 496 1125 οὕτος
536 1061 595 1114 δὲ
635 1064 872 1131 ἀγαθῶν
910 1065 1034 1114 ἐστι
1071 1066 1258 1130 νόμος.
1325 1065 1377 1116 εἰ
1412 1065 1518 1135 γὰρ
1548 1067 1797 1127 ἅπαντες
1821 1062 1965 1135 ἦσαν
1992 1067 2223 1134 ἀγαθοί,
2265 1063 2432 1137 δῆλον

329 1152 418 1201 ὅτι
454 1155 567 1200 τῶν
604 1151 900 1220 ἐγγράφων
936 1153 1069 1220 ἡμῖν
1110 1148 1270 1202 οὐδὲν
1308 1152 1376 1202 ἂν
1415 1149 1532 1202 ἔδει
1579 1154 1783 1218 νόμων.
1870 1152 1956 1202 ἔτι
2001 1147 2122 1220 <δὲ>
2167 1157 2279 1203 τῶν
2325 1153 2427 1217 μὲν
2467 1160 2512 1202 10

328 1239 516 1303 νόμων
554 1237 697 1287 εἰσὶν
738 1237 793 1286 οἱ
830 1233 1087 1303 βασιλεῖς
1112 1238 1305 1288 ἐπάνω
1332 1239 1426 1288 καὶ
1453 1234 1638 1288 πολλὰ
1666 1239 1985 1307 πράττουσι
2023 1229 2167 1308 παρ’
2212 1238 2431 1305 αὐτούς,

263 1339 298 1389 5
337 1326 460 1384 τοῖς
498 1320 558 1373 δὲ
598 1323 765 1373 ἔθεσι
801 1323 1050 1373 κάκεῖνοι
1085 1320 1623 1374 κατακολουθοῦσιν.
1709 1325 1804 1374 καὶ
1850 1329 1962 1375 τῶν
1998 1325 2100 1390 μὲν
2138 1324 2433 1392 ἐγγράφων

337 1405 497 1458 οὐδὲν
536 1409 595 1459 ἐν
633 1410 755 1469 τοῖς
792 1405 1069 1474 πολέμοις
1107 1409 1304 1473 ἰσχύει,
1343 1409 1411 1459 τὰ
1452 1406 1511 1459 δὲ
1550 1409 1659 1478 ἔθη
1703 1406 2048 1479 φυλάττεται
2074 1409 2232 1478 παρὰ
2273 1412 2432 1471 πᾶσι,

329 1495 431 1544 κάν
483 1494 565 1555 εἰς
615 1495 852 1563 ἐσχάτην
901 1494 1114 1563 ἔχθραν
1163 1491 1550 1562 προέλθωσιν.
1636 1495 1700 1544 τὸ
1748 1501 1880 1562 γοῦν
1916 1496 1990 1565 μὴ
2030 1491 2265 1545 κωλύειν
2302 1495 2434 1555 τοὺς

333 1580 562 1647 νεκρούς
608 1579 862 1628 θάπτειν
912 1575 1131 1648 οὐδαμῇ
1179 1583 1519 1648 γέγραπται·
1577 1586 1703 1641 πῶς
1759 1581 1863 1650 γὰρ
1923 1582 1991 1631 ἂν
2038 1581 2321 1650 ὑπήκουον
2375 1580 2430 1629 οἱ
2468 1588 2514 1630 15

328 1670 663 1733 κρατοῦντες
700 1668 823 1724 τοῖς
860 1670 972 1714 τῶν
1010 1667 1345 1733 ἡττωμένων
1393 1666 1775 1732 ἐπιτάγμασιν
1787 1684 1807 1728 ,·
1855 1659 1979 1715 ἀλλ’
2024 1666 2166 1726 ἔθος
2212 1666 2333 1715 ἐστὶ
2370 1666 2433 1715 τὸ

331 1756 538 1801 ποιοῦν
576 1757 676 1820 τῆς
715 1747 1166 1820 φιλανθρωπίας
1213 1751 1420 1820 ταύτης
1468 1753 1601 1812 τοὺς
1648 1754 2083 1816 κατοιχομένους
2132 1752 2434 1818 τυγχάνειν.

334 1837 547 1903 ὁμοίως
605 1837 669 1886 τὸ
720 1841 832 1886 τῶν
878 1837 1129 1905 κηρύκων
1177 1836 1504 1901 ἀπέχεσθαι
1549 1838 1643 1887 καὶ
1688 1838 1887 1903 μόνοις
1944 1837 2170 1897 τούτοις
2221 1833 2436 1906 πολλὴν

330 1919 652 1992 ἀσφάλειαν
692 1921 840 1974 εἶναι
875 1916 1220 1990 βαδίζουσιν.
1296 1927 1409 1972 τῶν
1446 1923 1548 1988 μὲν
1599 1922 1694 1972 οὖν
1744 1924 1916 1988 νόμον
1965 1921 2436 1991 παραβαινόντων

333 2006 516 2069 οὐδεὶς
556 2010 624 2060 ἂν
662 2004 1000 2071 ἐπιδείξειεν
1041 2005 1238 2058 οὐδένα
1280 2006 1441 2073 οἶμαι
1481 2013 1740 2078 φανερῶς
1778 2008 1890 2058 ὑπὸ
1939 2013 2051 2058 τῶν
2088 2007 2244 2058 θεῶν
2280 2023 2431 2057 κεκο-
2469 2016 2516 2057 20

327 2092 630 2160 λασμένον·
668 2091 1122 2159 Λακεδαιμόνιοι
1151 2085 1206 2143 δ’
1237 2094 1365 2144 ἐπεὶ
1391 2094 1722 2163 παρέβησαν
1748 2095 1812 2144 τὸ
1837 2095 2087 2163 κηρύκων
2115 2094 2271 2156 ἔθος,
2298 2094 2430 2153 τούς
2454 2102 2647 2145 (4ι2ΒΠ)

328 2180 488 2249 παρὰ
526 2177 809 2246 βασιλέως
847 2176 1125 2239 ἐλθόντας
1164 2175 1480 2242 ἀνελόντες,
1531 2176 1930 2248 ἐκολάσθησαν
1977 2171 2083 2230 ὑπ’
2129 2179 2302 2229 αὐτοῦ
2336 2184 2439 2228 τοῦ

328 2263 644 2332 δαιμονίου.

859 2477 980 2543 (60.
1029 2477 1127 2543 61)
1168 2474 1425 2540 ΠΕΡΙ
1472 2469 1915 2541 ΦΘΟΝΟΥ.

265 2729 288 2778 1
476 2718 545 2768 A.
589 2701 727 2788 Ἄρα
780 2716 874 2769 διὰ
923 2725 1098 2769 ταῦτα
1144 2716 1238 2770 καὶ
1284 2719 1353 2769 τὰ
1402 2724 1636 2768 τοιαῦτα
1675 2718 1956 2787 ἐνομίσθη
1999 2719 2181 2787 σοφὸς
2218 2719 2277 2769 ἐν
2314 2723 2436 2780 τοῖς

322 2797 580 2873 Ἕλλησιν
613 2797 876 2866 Ἡσίοδος
911 2806 1006 2855 καὶ
1045 2803 1305 2870 οὐδαμῶς
1344 2801 1574 2866 ἀνάξιος
1612 2804 1824 2873 ἐκείνης
1861 2810 1961 2874 τῆς
2000 2800 2182 2871 δόξης,
2223 2804 2299 2863 ὡς
2339 2804 2434 2853 οὐκ
2471 2811 2672 2856 25(650M)

343 2890 685 2959 ἀνθρωπίνῃ
737 2893 897 2959 τέχνῃ
947 2890 1016 2940 τὰ
1066 2892 1359 2960 ποιήματα
1410 2895 1595 2940 ποιῶν
1645 2906 1705 2939 τε
1751 2889 1845 2939 καὶ
1894 2880 2073 2957 ᾄδων,
2124 2884 2265 2936 ἀλλὰ
2313 2891 2440 2949 ταῖς

478 3045 503 3084 2
538 3038 564 3089 ὃ
597 3038 745 3102 λόγος
773 3041 813 3086 U
932 3046 956 3087 3
986 3043 1303 3104 βουλομένοις
1332 3041 1412 3084 PH
1558 3045 1584 3085 4
1615 3036 1734 3088 ἀλλὰ
1767 3041 1991 3100 τοιαύτην
2020 3039 2101 3084 Uss
2217 3038 2313 3099 γὰρ
2345 3035 2439 3097 ἔχει

334 3114 483 3171 Emp.,
515 3116 713 3175 παρέχει
743 3114 847 3159 libri
993 3122 1017 3161 5
1050 3112 1198 3164 αὑτοῦ
1227 3117 1374 3173 Emp.,
1407 3109 1579 3168 αὐτοὺς
1607 3113 1711 3157 libri
1857 3117 1880 3156 7
1913 3115 2134 3159 ποιοῦσιν
2162 3110 2235 3155 vix
2265 3122 2437 3164 sanum,

336 3187 534 3231 conieci:
567 3181 843 3235 ἀπειλοῦσιν
929 3190 1015 3235 τοῦ
1048 3183 1191 3242 ἔθους
1222 3187 1260 3230 Β
1379 3191 1430 3230 10
1460 3181 1571 3243 ὑμῖν
1600 3184 1640 3229 U
1670 3197 1728 3227 m.
1759 3197 1827 3241 pr.
1927 3179 2017 3230 ἔδει
2049 3179 2214 3239 νόμων
2244 3176 2311 3227 ἔτι
2341 3183 2441 3226 τῶν

334 3259 425 3316 μὲν
458 3255 624 3315 νόμων
652 3259 742 3316 μὲν
771 3259 889 3306 εἰσὶν
908 3259 956 3302 Μ
978 3255 1070 3307 ἔδει
1101 3256 1268 3317 νόμων
1301 3259 1420 3305 εἰσὶν
1449 3261 1551 3313 (om.
1585 3253 1653 3304 ἔτι
1683 3260 1780 3303 τῶν
1798 3255 1887 3313 μὲν
1916 3251 2097 3311 νόμων)
2128 3251 2208 3296 ΡΗ
2239 3247 2330 3298 ἔδει
2360 3253 2442 3298 καὶ

340 3334 441 3375 τῶν
472 3326 639 3387 νόμων
667 3331 755 3386 μὲν
785 3331 902 3378 εἰσὶν
916 3331 998 3377 UB
1093 3332 1142 3378 δὲ
1171 3330 1271 3376 add.
1290 3331 1422 3387 Emp.
1517 3334 1564 3374 11
1598 3321 1721 3388 παρ’
1754 3321 1917 3380 αι’·τοῐς
1946 3325 1982 3369 Ρ
2013 3318 2135 3385 παρ’
2164 3319 2386 3376 αὓτοῖςΗ

338 3404 391 3445 12
428 3402 903 3449 κατακολουθοῦσιῐ]
996 3407 1044 3448 13
1077 3403 1325 3462 πολεμίοις
1352 3403 1455 3447 libri
1471 3402 1704 3459 praeterB
1793 3397 1924 3459 παρὰ
1943 3409 2028 3442 om.
2047 3397 2085 3440 B
2187 3398 2239 3439 14
2269 3392 2438 3453 προέλ·

342 3476 469 3518 θωσι
499 3473 585 3519 UH
704 3477 755 3517 15
787 3470 881 3533 γὰρ
912 3481 1153 3531 (superscr.
1184 3494 1257 3537 γρ.
1291 3478 1426 3535 γοῦν)
1455 3474 1491 3518 P
1633 3477 1683 3517 17
1715 3470 2117 3530 κατοιχουμένους
2144 3465 2181 3510 Ρ
2299 3467 2349 3507 18
2381 3459 2437 3509 τὸ

341 3598 427 3630 om.
460 3586 594 3632 UBM
709 3548 1125 3644 μόνιδιςςτούτῖιςςΡ
1246 3592 1297 3632 19
1327 3589 1575 3648 βαδίζουσι
1605 3586 1685 3630 ΗΡ
1800 3588 1849 3629 21
1886 3583 1934 3630 δὲ
1962 3581 2006 3626 H
2128 3574 2186 3625 τὸ
2218 3573 2437 3637 κηρύκων

339 3653 459 3711 ἔθος
474 3657 509 3700 Ρ
528 3660 573 3711 (ν
593 3670 621 3702 a
636 3671 693 3700 m.
707 3662 813 3710 sec.)
832 3658 874 3702 H
892 3662 990 3704 τῶν
1005 3656 1223 3718 κηρύκων
1239 3655 1355 3714 ἔθος
1369 3660 1416 3702 Μ
1434 3661 1534 3705 τῶν
1555 3655 1775 3717 κηρύκων
1795 3652 1854 3703 τὸ
1880 3651 1993 3709 ἔθος
2016 3652 2099 3698 UB
2201 3652 2255 3693 22
2278 3651 2437 3694 συνελ-

337 3727 525 3786 θόντας
543 3728 584 3774 U
613 3741 671 3773 m.
693 3742 759 3787 pr.
778 3729 867 3773 ΒΜ
976 3729 1177 3775 Titulus:
1207 3733 1316 3791 περὶ
1339 3729 1533 3790 φθόνου
1556 3728 1648 3772 ΜΗ
1671 3731 1781 3788 περὶ
1811 3723 2003 3786 φθόνου
2026 3741 2055 3770 α
2079 3721 2161 3768 UB
2185 3720 2311 3766 deest
2335 3719 2381 3763 in
2402 3717 2439 3761 P
