2684 4140
984 309 1211 356 ORATIO
1241 308 1495 354 XXXVIII.
2211 305 2278 355 37

196 458 474 509 ἐνταυθοῖ
491 454 794 522 καλέσομεν
805 475 825 518 ,·
849 457 880 525 ἢ
910 460 1214 523 πέμψομεν
1242 456 1433 515 αὐτοῖς
1457 455 1744 524 ἁρμοστάς
1758 471 1777 515 ,·
1802 453 1833 522 ἢ
1864 450 2097 514 δεκάτας
2120 448 2284 520 <τάς>

199 543 353 611 παρὰ
390 548 499 594 τῶν
537 542 802 592 Βιθυνῶν
850 541 1083 601 ἐκείνοις
1121 537 1351 590 ἔλαττον
1390 537 1708 608 παρέξομεν
1719 556 1739 600 ,·
1784 538 1815 607 ἢ
1855 538 1912 588 τί
1949 538 2141 600 ἔσται,·
2188 539 2282 588 καὶ

195 628 252 677 τί
286 631 417 697 ἡμῖν
454 628 745 695 γενήσεται
782 622 954 676 πλέον
965 644 984 687 ,·
1023 625 1128 691 ἐγὼ
1167 624 1270 693 γὰρ
1308 625 1451 694 ὑπὲρ
1479 625 1746 675 ἀπάντων
1772 619 1978 689 νομίζω
2017 624 2148 684 τούς
2186 623 2278 674 ἀνε

199 713 472 776 θρώπους
509 717 618 761 τῶν
657 713 1055 779 πραττομένων
1096 701 1216 774 οὐχὶ
1241 711 1421 778 μάτην
1450 701 1577 759 οὐδὲ
1605 710 1725 778 εἰκῇ
1754 703 2107 771 σπουδάζειν,
2147 699 2272 757 ἀλλ’

140 804 163 842 5
202 797 290 846 ἀεὶ
324 796 621 863 γίγνεσθαι
657 797 752 845 τὸν
791 796 976 862 ἀγῶνα
1016 795 1142 844 ἀντί
1178 810 1344 855 τινος.
1426 795 1456 843 ό
1491 795 1591 859 μὲν
1628 794 1731 862 γάρ
1771 791 2034 858 πολεμῶν
2070 793 2102 862 ἢ
2143 793 2276 860 περὶ
2294 793 2361 843 27

196 877 523 950 ἐλευθερίας
573 875 929 947 ἀγωνίζεται,
987 875 1515 944 καταδουλουμένων
1571 871 1737 928 αὐτὸν
1793 875 2003 941 ἄλλων,
2062 878 2094 946 ἢ
2147 879 2279 946 περὶ

195 966 378 1035 ἀρχῆς,
418 957 585 1026 αὐτὸς
623 968 843 1030 ἑτέρους
867 959 1398 1028 καταδουλούμενος.
1465 964 1495 1012 ὁ
1535 959 1592 1012 δὲ
1633 959 1821 1012 πλέων
1858 965 1956 1032 τήν
1983 959 2276 1012 θάλατταν

196 1040 292 1099 οὐκ
338 1046 475 1118 ἄλην
524 1050 641 1117 εἰκῇ
689 1045 1039 1098 διατίθεται·
1091 1044 1398 1097 κινδυνεύει
1442 1047 1544 1114 γὰρ
1593 1048 1721 1115 ἤτοι
1768 1062 1827 1113 γε
1878 1044 2014 1097 ὁδοῦ
2042 1047 2274 1115 χάρινῆ

14 1144 169 1187 43311)
193 1135 487 1203 ἐμπορίας.
565 1134 653 1183 ἵνα
694 1130 752 1182 δὲ
789 1133 863 1201 μή
905 1133 1090 1181 πάντα
1132 1135 1286 1200 φέρω
1326 1131 1395 1180 τὰ
1443 1128 1902 1198 παραδείγματα,
1952 1128 2149 1190 ἁπλῶς
2185 1132 2278 1180 καὶ

114 1225 159 1266 10
195 1221 514 1287 πράττομεν
562 1217 784 1266 ἅπαντα
836 1216 890 1264 οἱ
937 1215 1244 1282 ἄνθρωποι
1292 1211 1486 1274 τέλους
1537 1216 1714 1264 ἕνεκεν
1753 1215 1979 1281 ἀγαθοῦ
2011 1216 2106 1265 καὶ
2145 1216 2276 1284 φεύ-

188 1320 353 1370 γομεν
379 1303 479 1362 τὰς
504 1301 759 1360 ἐναντίας
786 1296 1023 1368 πράξεις
1043 1297 1236 1359 τέλους
1261 1301 1438 1349 ἕνεκεν
1462 1305 1647 1349 κακοῦ.
1710 1301 1772 1348 τὸ
1804 1296 1862 1349 δὲ
1885 1300 2059 1367 χωρὶς
2088 1299 2274 1359 αἰτίας

190 1383 524 1449 σπουδάζειν
551 1386 582 1454 ἢ
611 1388 822 1447 πονεῖν,
862 1377 1018 1434 τοῦτ’
1050 1385 1203 1434 ἔστιν
1232 1384 1262 1434 ὃ
1289 1389 1410 1445 τοῖς
1446 1385 1708 1454 ἀνοήτοις
1745 1385 2020 1454 προσήκει
2060 1385 2272 1448 μόνοις.

185 1474 237 1524 εἰ
271 1474 373 1538 μὲν
413 1471 507 1521 οὖν
545 1487 631 1530 τις
671 1466 922 1539 σπουδήν
961 1470 1079 1534 ἔχοι
1115 1467 1425 1520 καλεῖσθαι
1462 1467 1728 1536 βασιλεὺς
1767 1467 1998 1538 ἰδιώτης
2038 1470 2141 1531 ὤν,
2179 1469 2272 1518 καὶ
2293 1469 2360 1521 28

184 1562 348 1606 τοῦτο
396 1557 600 1623 ἄριστα
638 1555 1017 1619 ἐπιστάμενος
1067 1547 1234 1616 αὐτὸς
1287 1556 1429 1623 ὑπὲρ
1483 1556 1680 1618 αὐτοῦ,
1732 1545 2057 1606 τούναντίον
2111 1551 2275 1614 οὗτος

0 1652 1 1707 ξ
106 1650 151 1690 15
189 1642 220 1710 ἢ
262 1638 420 1691 δοκεῖ
436 1637 648 1707 γέλωτα
678 1636 934 1708 ὀφλήσει,
968 1641 1254 1708 χρώμενος
1281 1641 1518 1705 ὀνόματι
1544 1637 1753 1708 ψευδεῖ
1773 1638 1897 1705 δίχα
1926 1640 2272 1708 πράγματος.

181 1727 274 1776 καὶ
320 1726 419 1775 ἐπὶ
466 1730 576 1775 τῶν
625 1721 808 1775 ἄλλων
860 1722 918 1774 δὲ
959 1725 1169 1789 ὁμοίως
1209 1726 1505 1789 ἁπάντων,
1555 1726 1655 1776 κᾶν
1695 1717 1936 1795 αἰλητής
1972 1742 2060 1785 τις
2098 1720 2271 1790 ἐθέλῃ

186 1809 383 1874 δοκεῖν,
424 1802 611 1860 αὐλεῖν
651 1800 747 1859 οὐκ
784 1811 1178 1874 ἐπιστάμενος,
1216 1811 1317 1860 κᾶν
1343 1813 1614 1875 μουσικὸς
1642 1804 1802 1862 οὐδὲν
1827 1811 1970 1879 ὑπὲρ
2001 1814 2272 1878 μουσικῆς

184 1894 366 1959 εἰδώς,
402 1896 502 1945 κᾶν
538 1895 879 1965 κιθαριστής
907 1887 1034 1945 οὐδὲ
1064 1896 1340 1963 ἅψασθαι
1367 1903 1465 1967 τῆς
1494 1894 1662 1964 λύρας
1687 1897 2083 1966 ἐπιστημόνως
2111 1891 2270 1944 δυνά-

0 1992 155 2034 r4RH)
183 1997 363 2046 μενος.
455 1981 586 2040 τοὺς
628 1981 729 2045 μὲν
782 1979 876 2030 οὖν
926 1982 1218 2042 τοιούτους
1267 1974 1427 2032 οὐδὲν
1474 1979 1714 2032 κωλύσει
1760 1983 1854 2032 καὶ
1900 1982 2273 2047 μαινομένους

102 2074 153 2115 20
191 2063 387 2128 δοκεῖν,
424 2068 585 2132 ἡμεῖς
624 2061 682 2114 δὲ
723 2065 986 2130 οἰόμεθα,
1027 2066 1123 2116 ἐὰν
1162 2067 1567 2136 ἐπιγραφῶμέν
1597 2083 1708 2116 που
1738 2072 1975 2133 πρῶτοι,
2013 2066 2077 2114 τὸ
2117 2079 2271 2132 πρω-

180 2154 330 2201 τεῖον
355 2147 497 2212 ἕξειν
506 2167 526 2210 ,·
565 2152 749 2211 ποῖον,
789 2147 986 2218 ἄνδρες
1011 2149 1369 2219 Νικομηδεῖς,
1410 2156 1690 2219 πρωτεῖον
1702 2170 1722 2213 ,·
1757 2153 1851 2202 καὶ
1876 2152 1978 2219 γὰρ
2008 2147 2264 2216 δεύτερον
2286 2148 2354 2200 29

183 2237 324 2300 ὑμᾶς
345 2235 620 2303 ἐρήσομαι
643 2235 737 2284 καὶ
762 2235 976 2303 τρίτον·
1009 2233 1150 2285 οὔτί
1167 2237 1229 2285 τὸ
1254 2233 1460 2306 ὄφελός
1481 2238 1668 2299 ἐστιν,·
1696 2235 1765 2286 οὗ
1779 2238 1836 2286 τί
1855 2238 1918 2286 τὸ
1941 2236 2132 2304 ἔργον,
2160 2227 2266 2303 ἀφ>

181 2317 249 2368 οὗ
272 2320 512 2387 πότερον
539 2315 955 2388 πλουσιώτεροι
979 2321 1339 2388 γενησόμεθα
1371 2322 1403 2390 ἢ
1434 2317 1684 2386 μείζονες
1710 2323 1741 2391 ἢ
1774 2319 2180 2388 δυνατώτεροι,·
2205 2320 2269 2368 τὸ

0 2392 153 2455 147711)
175 2400 486 2466 κενοδοξεῖν
524 2404 760 2472 ἀνόητον
798 2406 898 2469 μὲν
937 2403 1084 2455 εἷναι
1120 2407 1214 2456 καὶ
1239 2407 1338 2456 ἐπὶ
1375 2412 1485 2457 τῶν
1526 2404 1770 2457 ἰδιωτῶν
1797 2409 2139 2471 νενόμισται,
2177 2405 2271 2454 καὶ

97 2497 148 2539 25
182 2485 427 2553 μάλιστα
447 2490 660 2539 τούτων
679 2486 1065 2556 καταγελῶμεν
1095 2492 1188 2541 καὶ
1219 2488 1567 2557 διαπτύομεν
1594 2487 1824 2560 [αὐτοῖς]
1848 2493 1942 2542 καὶ
1971 2488 2266 2541 τελευτῶν-

175 2590 266 2633 τες
292 2570 549 2638 ἐλεοῦμεν
574 2575 705 2635 τούς
732 2575 828 2624 οὐκ
853 2576 1268 2641 ἐπισταμένους
1294 2578 1407 2627 τίνι
1434 2575 1695 2647 διαφέρει
1727 2575 1861 2641 δόξα
1891 2574 2105 2646 ψευδής
2135 2572 2266 2643 ἀλη-

175 2659 344 2719 θοῦς·
370 2660 464 2710 καὶ
487 2665 598 2710 τῶν
620 2657 1087 2726 πεπαιδευμένων
1111 2659 1295 2723 οὐδεὶς
1315 2664 1493 2724 οὕτως
1513 2664 1626 2728 ἔχει
1654 2666 1798 2734 πρὸς
1826 2664 1995 2732 αὐτὴν
2022 2656 2118 2730 [ὡς
2141 2662 2265 2710 ἐπι-

174 2744 379 2809 θυμεῖν
401 2745 668 2814 ἀνονήτου
696 2740 1044 2814 πράγματος]
1062 2758 1073 2769 ·
1101 2751 1227 2808 ταῖς
1256 2745 1315 2798 δὲ
1345 2745 1551 2799 πόλεσι
1573 2755 1653 2818 φῇ
1673 2766 1760 2810 τις
1779 2755 1938 2818 κοινῇ
1959 2747 2264 2816 προσήκειν

175 2829 279 2878 ὅσα
305 2826 445 2898 μηδὲ
473 2835 583 2880 τῶν
611 2828 853 2881 ἰδιωτῶν
879 2835 1000 2892 τοῖς
1027 2834 1308 2898 γενναίοις
1332 2835 1426 2884 καὶ
1461 2831 1971 2899 πεπαιδευμένοις;
2007 2827 2260 2881 καθόλου
2283 2826 2349 2878 30

94 2923 143 2965 30
180 2906 233 2964 δ’
277 2913 335 2965 εἴ
364 2931 451 2975 τις
486 2915 626 2979 ὑμᾶς
663 2915 867 2984 ἔροιτο,
898 2909 1127 2985 Ἄνδρες
1163 2916 1535 2987 Νικομηδεῖς,
1574 2920 1631 2969 τί
1667 2916 1975 2984 βούλεσθε,
2022 2917 2263 2981 πότερον

175 2998 321 3050 εἶναι
359 3005 578 3069 πρῶτοι
616 3004 741 3060 ταῖς
779 2998 1081 3069 ἀληθείαις
1118 3003 1150 3071 ἢ
1188 3000 1496 3053 καλεῖσθαι
1532 3005 1604 3073 μὴ
1637 3004 1819 3065 ὄντες,·
1858 2998 2265 3069 ὁμολογήσαιτε

175 3084 241 3133 ἂν
283 3081 572 3152 δήπουθεν
611 3083 758 3134 εἶναι
785 3090 1005 3154 πρῶτοι
1042 3083 1251 3150 μᾶλλον
1291 3085 1512 3137 ἐθέλειν
1539 3088 1570 3156 ἢ
1597 3085 1904 3137 καλεῖσθαι
1938 3087 2134 3153 μάτην.
2201 3083 2262 3133 οὐ

176 3167 279 3234 γὰρ
329 3168 396 3216 τοὶ
445 3168 691 3232 ὀνόματα
742 3166 975 3233 δύναμιν
1025 3171 1138 3234 ἔχει
1187 3173 1285 3240 τήν
1323 3177 1433 3222 τῶν
1473 3173 1845 3240 πραγμάτων·
1895 3174 1999 3222 ὅσα
2040 3167 2098 3220 δὲ
2138 3171 2263 3228 ταῖς

323 3347 341 3386 1
376 3339 462 3397 τὰς
491 3345 592 3389 add.
619 3344 751 3403 Emp.
915 3352 940 3392 5
971 3364 1067 3406 γαρ
1097 3361 1182 3393 om.
1213 3348 1263 3391 M
1291 3363 1347 3393 m.
1378 3363 1446 3406 pr.
1619 3355 1644 3397 8
1675 3348 1792 3413 ἄλλη
1820 3355 1926 3413 νίκη
1954 3353 2088 3399 MUT
2119 3351 2264 3415 ἄλλην

179 3416 312 3473 νίκην
339 3415 392 3471 Β,
424 3427 540 3459 corr.
573 3416 756 3462 Geelius
872 3420 924 3462 13
954 3414 1040 3477 τὴν
1068 3432 1153 3475 pro
1185 3437 1255 3474 τις
1283 3421 1366 3467 UT
1481 3419 1580 3470 ε’λοι
1609 3424 1659 3494 Μ
1798 3429 1849 3470 14
1879 3419 2027 3473 αὐτοῦ
2055 3425 2147 3471 MU

178 3486 319 3539 οὑτος
355 3482 426 3544 ἦει
457 3485 506 3530 Μ
547 3477 689 3540 οὗτος
727 3489 756 3545 ᾐ
787 3483 816 3546 ἢ
855 3487 935 3533 UB
977 3490 1119 3544 οὗτος
1150 3486 1193 3537 εἶ
1219 3487 1249 3550 ἢ
1278 3491 1337 3547 Τ,
1375 3494 1520 3550 possit
1549 3491 1579 3554 ἢ
1607 3487 1638 3555 ᾗ
1665 3496 1818 3554 Emp.,
1856 3493 1886 3556 ἢ
1913 3496 2121 3554 impressi

179 3559 231 3600 25
263 3555 554 3614 διαπτύομεν
584 3552 747 3612 αὐτοῖς
775 3559 814 3602 Β
845 3556 1159 3617 διαπτεύομεν
1202 3557 1363 3618 αὐτοῖς
1392 3564 1441 3609 Μ
1472 3562 1760 3623 διαπτύομεν
1790 3562 1964 3624 αὐτοῦς
1992 3567 2058 3622 U,
2098 3562 2262 3621 αὐτοῖς

176 3627 341 3672 seclusi
454 3631 506 3671 27
541 3625 605 3682 ὥς
634 3654 688 3660 -
721 3632 774 3674 28
805 3622 1092 3689 πράγματος
1121 3633 1544 3691 interpolamentum
1565 3638 1730 3684 seclusi
1816 3642 1871 3685 28
1902 3636 2112 3701 ἀνοήτου
2139 3638 2259 3702 libri

175 3710 292 3743 corr.
322 3698 514 3744 Oasaub.
631 3703 685 3744 30
716 3703 787 3747 δεῖ
814 3701 858 3747 εἰ
884 3701 933 3746 Μ
1049 3701 1211 3764 ἐροῖτο
1243 3705 1283 3750 U
1399 3705 1664 3767 βούλεσθαι
1683 3710 1733 3755 Μ
1850 3715 1899 3756 31
1937 3706 2260 3770 ὁμολογήσετε

175 3767 306 3814 ΠΒΜ
337 3764 662 3831 ὁμολογήσητε
695 3771 748 3826 Τ,
779 3785 893 3818 corr.
922 3772 1084 3830 Pflugk
