2684 4140
375 261 478 309 316
1199 255 1401 301 ΑΡΡΕΝ
1409 253 1515 300 DIX
1544 257 1626 301 111.

375 415 474 478 τῆς
524 407 749 476 φύσεως
797 402 867 452 τὸ
913 403 1119 452 οἰκεῖον
1165 402 1344 471 ἔργον,
1395 402 1459 452 οὐ
1505 402 1649 452 κατὰ
1698 405 1913 472 μικρόν,
1979 397 2101 453 ἀλλ’
2158 402 2314 466 ὅλοις
2359 411 2482 468 τοῖς

379 492 587 550 ἱστίοις
625 487 922 557 ἀπηνέχθη
963 493 1062 557 τῆς
1103 483 1443 558 σοφιστικῆς
1470 490 1891 556 προαιρέσεως·
1930 490 1992 550 ὅς
2027 504 2088 556 γε
2116 491 2211 541 καὶ
2247 491 2349 552 τὰς
2386 493 2483 561 ῥη-

375 574 604 644 τορικὰς
641 578 753 623 τῶν
788 571 1132 622 ὑποθέσεων
1171 573 1357 622 οὐκέτι
1397 574 1735 642 ῥητορικῶς,
1787 570 1929 624 ἀλλὰ
1976 572 2288 637 πολιτικῶς
2324 593 2481 641 μετε-

370 661 663 729 χειρίσατο
689 686 757 696 -—
785 655 844 708 εἴ
873 674 962 718 τις
1001 657 1199 724 ἀγνοεῖ
1217 659 1317 729 τὴν
1343 659 1402 709 ἐν
1429 657 1617 726 ταύτῷ
1657 655 2020 729 προβλήματι
2060 656 2345 731 διαφορὰν
2384 668 2487 712 τοῦ

313 751 336 792 5
379 743 679 796 πολιτικοῦ
710 744 806 794 καὶ
842 748 945 793 τοῦ
979 744 1236 813 ῥήτορος,
1277 740 1575 794 ἐπελθέτω
1614 744 1756 810 μετὰ
1796 751 1898 795 νοῦ
1931 747 2028 796 τὸν
2061 739 2386 809 Ἀσπασίας
2422 765 2483 798 τε

372 832 468 882 καὶ
502 824 846 899 Περικλέους
884 830 1197 898 ἐπιτάφιον
1230 825 1577 879 Θουκυδίδου
1616 830 1711 880 καὶ
1736 827 2064 894 Πλάτωνος,
2106 830 2182 881 ὧν
2222 833 2484 901 ἑκάτερος

373 916 625 981 θατέρου
665 914 824 983 παρὰ
864 910 1010 964 πολὺ
1047 910 1292 964 καλλίων
1331 914 1481 978 ἐστί,
1533 916 1656 975 τοῖς
1707 915 1940 976 οἰκείοις
1987 918 2189 966 κανόσι
2225 919 2482 985 κρινόμε-

374 1017 485 1062 νος.
553 1001 584 1050 ό
624 994 678 1051 δ’
723 999 820 1050 οὖν
843 1000 1002 1050 Δίων
1041 999 1188 1050 ἔοικε
1227 1000 1570 1069 θεωρήμασι
1606 1000 1710 1065 μὲν
1747 1005 2020 1065 τεχνικοῖς
2057 1002 2116 1052 ἐν
2159 999 2482 1072 φιλοσοφίᾳ

373 1087 447 1157 μὴ
481 1083 1077 1156 προσταλαιπωρήσαι
1100 1082 1244 1155 μηδὲ
1284 1090 1706 1155 προσανασχεῖν
1748 1090 2012 1156 φυσικοῖς
2053 1084 2345 1154 δόγμασιν,
2386 1089 2484 1139 ἅτε

289 1177 336 1220 10
377 1172 488 1239 ὀψὲ
527 1178 630 1222 τοῦ
657 1177 865 1240 καιροῦ
898 1171 1403 1237 μετατεθειμένος·
1456 1171 1711 1222 ὄνασθαι
1762 1168 1820 1222 δὲ
1870 1178 1970 1242 τῆς
2026 1178 2196 1233 στοᾶς
2245 1175 2350 1223 ὅσα
2404 1175 2486 1234 εἰς

374 1242 531 1326 ἦθος
561 1258 735 1308 τείνει
771 1257 866 1307 καὶ
901 1256 1270 1326 ήρρενῶσθαι
1315 1248 1458 1325 παρ’
1504 1258 1757 1307 ὁντινοῦν
1796 1262 1907 1307 τῶν
1945 1247 2042 1327 ἐφ’
2087 1259 2316 1321 ἑαυτοῦ,
2354 1259 2480 1309 ἐπι·
2506 1269 2627 1312 (153)

374 1342 603 1393 θέσθαι
652 1340 711 1393 δὲ
750 1341 831 1410 τῴ
880 1342 1175 1393 νουθετεῖν
1225 1342 1574 1410 ἀνθρώπους
1619 1344 1714 1393 καὶ
1758 1344 2076 1413 μονάρχους
2117 1343 2212 1393 καὶ
2250 1340 2484 1404 ἰδιώτας
2507 1355 2625 1397 (381³)

374 1428 470 1477 καὶ
515 1420 658 1477 καθ’
711 1429 806 1478 ἕνα
856 1428 951 1478 καὶ
999 1427 1284 1495 ἀθρόους,
1334 1428 1416 1488 εἰς
1455 1427 1486 1477 δ
1530 1427 1866 1497 χρήσασθαι
1915 1431 2377 1497 προαποκειμένῃ
2417 1434 2486 1498 τῇ

377 1519 709 1583 παρασκευῇ
755 1519 854 1583 τῆς
901 1509 1166 1582 γλώττης.
1245 1509 1336 1562 διό
1383 1528 1485 1578 μοι
1536 1510 1696 1563 δοκεῖ
1736 1510 1922 1574 καλῶς
1959 1514 2104 1578 ἔχειν
2144 1515 2486 1583 ἐπιγράφειν

295 1605 341 1648 15
383 1599 569 1648 ἅπασι
606 1602 728 1659 τοῖς
751 1598 978 1659 Δίωνος
1016 1595 1220 1665 λόγοις,
1261 1600 1350 1648 ὅτι
1387 1599 1502 1666 πρὸ
1541 1605 1641 1668 τῆς
1681 1605 1859 1669 φυγῆς
1895 1599 1927 1668 ἢ
1967 1599 2109 1664 μετὰ
2149 1601 2249 1669 τὴν
2290 1600 2485 1669 φυγήν,

384 1684 483 1748 οὐχ
523 1683 610 1744 οἷς
647 1684 989 1753 ἐμφαίνεται
1025 1685 1224 1748 μόνοις
1260 1686 1293 1753 ἠ
1337 1684 1512 1752 φυγή,
1559 1684 1828 1752 καθάπερ
1875 1684 2211 1753 ἐπέγραψαν
2260 1682 2364 1753 ἤδη
2404 1702 2488 1734 τι-

380 1771 487 1831 νές,
528 1761 654 1818 ἀλλ’
699 1766 1093 1832 ἁπαξάπασιν.
1171 1769 1317 1818 οὕτω
1370 1769 1474 1837 γὰρ
1513 1769 1581 1818 ἂν
1620 1767 1811 1838 εἴημεν
1859 1771 1992 1830 τούς
2029 1786 2091 1819 τε
2131 1766 2489 1838 φιλοσόφους

379 1855 474 1905 καὶ
523 1856 657 1916 τοὺς
707 1855 843 1905 αὐτὸ
892 1860 1059 1905 τοῦτο
1112 1855 1484 1924 σοφιστικούς
1535 1851 1734 1921 λόγους
1785 1850 2144 1923 διειληφότες
2194 1857 2491 1923 ἑκατέρους

376 1941 579 2006 χωρίς,
629 1933 753 1990 ἀλλ’
813 1941 910 2005 οὐχ
960 1941 1154 2010 ὥσπερ
1205 1941 1263 1991 ἐν
1313 1940 1655 2008 νυκτομαχίᾳ
1708 1936 2166 2008 περιτευξόμεθα
2208 1938 2359 2007 αὐτῷ
2395 1945 2491 1990 νῦν

295 2035 344 2078 20
379 2026 481 2092 μὲν
518 2023 786 2093 βάλλοντι
822 2028 1123 2096 Σωκράτην
1160 2027 1255 2076 καὶ
1292 2026 1528 2095 Ζήνωνα
1567 2029 1690 2087 τοῖς
1727 2026 1786 2075 ἐκ
1823 2025 2146 2076 Διονυσίων
2190 2025 2491 2090 σκώμμασι

380 2112 476 2161 καὶ
513 2112 645 2172 τοὺς
694 2104 800 2161 ἀπ’
848 2112 1030 2162 αὐτῶν
1079 2108 1334 2174 ἀξιοῦντι
1385 2112 1576 2180 πάσης
1614 2107 1964 2161 ἐλαύνεσθαι
2006 2117 2106 2180 γῆς
2142 2110 2236 2161 καὶ
2272 2107 2491 2159 θαλάτ-

380 2213 508 2265 της,
567 2197 644 2257 ὡς
693 2198 857 2258 ὄντας
895 2198 1090 2267 Κῆρας
1130 2194 1353 2247 πόλεών
1403 2213 1463 2246 τε
1512 2196 1607 2246 καὶ
1657 2193 1981 2258 πολιτείας,
2039 2200 2133 2245 νῦν
2180 2193 2239 2245 δὲ
2282 2208 2489 2264 στεφα-

382 2282 572 2331 νοῦντί
608 2298 668 2332 τε
708 2282 912 2341 αὐτοὺς
947 2282 1043 2332 καὶ
1069 2278 1431 2351 παράδειγμα
1470 2281 1755 2348 τιθεμένῳ
1789 2281 2045 2348 γενναίου
2083 2281 2211 2347 βίου
2248 2282 2344 2331 καὶ
2383 2281 2491 2330 σώ-

386 2354 614 2436 φρονος.
2128 2417 2130 2419 ,

304 2463 351 2504 25
537 2448 927 2517 Φιλόστρατος
979 2448 1038 2501 δὲ
1086 2451 1181 2501 καὶ
1228 2457 1394 2501 τοῦτο
1453 2451 1912 2521 ἀπεριμερίμνως
1959 2452 2055 2501 τὸν
2107 2451 2344 2501 ἔπαινον
2393 2456 2495 2500 τοῦ

384 2543 673 2602 ψιττακοῦ
705 2538 799 2587 καὶ
836 2539 933 2587 τὸν
961 2537 1176 2603 Εὐβοέα
1215 2544 1315 2607 τῆς
1355 2538 1525 2607 αὐτῆς
1553 2540 1944 2606 προαιρέσεως
1979 2534 2180 2599 οἴεται,
2217 2536 2312 2586 καὶ
2346 2536 2492 2605 ὑπὲρ

386 2623 605 2693 ἀμφοῖν
653 2623 864 2688 ὁμοίως
914 2623 995 2683 εἰς
1033 2619 1350 2689 ἀπολογίαν
1387 2622 1740 2672 καθίσταται
1790 2623 1890 2691 τὴν
1929 2622 2073 2690 ὑπὲρ
2112 2627 2216 2671 τοῦ
2248 2621 2492 2682 Δίωνος,

385 2709 465 2768 ὡς
514 2709 589 2778 μὴ
648 2709 748 2758 ἐπὶ
794 2711 917 2768 τοῖς
977 2713 1236 2772 τυχοῦσιν
1289 2704 1703 2757 ἐσπουδακέναι
1768 2704 1966 2757 δοκεῖν.
2050 2711 2216 2756 τοῦτο
2277 2698 2331 2756 δ’
2385 2702 2491 2774 ἤδη

387 2789 563 2843 πλέον
611 2794 733 2843 ἐστὶ
785 2793 1156 2862 ποιήσασθαι
1205 2793 1470 2861 θάτερον.
1549 2793 1580 2841 ὁ
1630 2792 1733 2860 γὰρ
1787 2791 2171 2859 ἀναγορεύσας
2219 2791 2386 2840 αὐτὸν
2433 2791 2493 2840 ἐν

299 2887 350 2928 30
385 2882 509 2939 τοῖς
549 2871 630 2929 δι>
674 2875 976 2948 ὁλοκλήρου
1027 2883 1130 2927 τοῦ
1163 2878 1291 2944 βίου
1342 2874 1780 2947 φιλοσοφήσασι
1828 2877 2050 2945 προϊὼν
2097 2875 2160 2925 οὐ
2196 2877 2370 2941 μόνον
2408 2876 2493 2925 ἐν·

389 2961 598 3014 δέδωκε
644 2965 789 3032 πρὸς
836 2965 900 3013 τὸ
949 2964 1042 3014 καὶ
1091 2965 1427 3033 σοφιστικόν
1475 2980 1532 3013 τι
1581 2963 1742 3031 ἔργον
1792 2962 2102 3031 εἰργάσθαι
2140 2962 2236 3011 τὸν
2275 2961 2493 3023 Δίωνα,

391 3046 536 3099 ἀλλὰ
578 3052 1053 3118 προσαποστερεῖ
1081 3050 1180 3099 τὸν
1218 3046 1394 3117 ἄνδρα
1442 3049 1537 3098 καὶ
1572 3053 1684 3098 τῶν
1723 3049 1897 3098 ὄντων
1933 3048 1992 3097 ἐκ
2029 3053 2128 3116 τῆς
2169 3043 2494 3116 φιλοσόφου

388 3132 646 3203 μερίδος,
697 3138 1035 3203 προσνέμων
1084 3134 1223 3184 αὐτὰ
1275 3138 1397 3195 τοῖς
1449 3136 1826 3203 σοφιστικοῖς.
1901 3133 1953 3183 εί
2000 3132 2103 3201 γὰρ
2142 3133 2239 3181 τὸν
2276 3131 2494 3197 Εὐβοέα

390 3236 480 3279 τις
527 3219 911 3289 ἀφαιρήσεται
957 3226 1060 3270 τοῦ
1108 3217 1423 3270 σπουδαῖον
1476 3218 1623 3270 εἶναι
1671 3221 1765 3270 καὶ
1811 3220 1956 3286 ὑπὲρ
1999 3214 2328 3267 σπουδαίων
2370 3229 2494 3283 συγ-

304 3310 355 3351 35
389 3304 652 3366 κεῖσθαι,
705 3304 769 3353 ου’
816 3321 918 3370 μοι
968 3303 1128 3356 δοκεῖ
1169 3296 1335 3374 ῥᾷστ’
1381 3306 1448 3355 ἂν
1494 3306 1525 3354 ό
1563 3311 1822 3366 τοιοῦτος
1867 3305 2115 3372 ἐγκρῖναί
2157 3319 2282 3353 τινα
2333 3299 2497 3368 λόγον·

393 3393 506 3439 τῶν
542 3389 793 3452 Δίωνος,
841 3390 985 3441 ὥστε
1033 3389 1126 3442 καὶ
1167 3389 1490 3460 φιλόσοφον
1539 3382 1644 3441 ὑπ’
1690 3391 1864 3440 αὐτοῦ
1898 3388 2341 3459 προσειρῆσθαι.
2418 3387 2494 3446 ὡς

538 3599 562 3639 8
593 3595 681 3652 μὲν
709 3593 995 3655 θεωρήμασι
1027 3598 1131 3650 (hoc
1163 3599 1274 3653 ord.)
1306 3599 1345 3642 L
1495 3603 1544 3643 10
1579 3590 1672 3644 ὅσα
1702 3592 1754 3652 ἐς
1781 3598 1820 3641 L
1986 3599 2039 3640 12
2069 3591 2121 3653 δὴ
2150 3607 2235 3652 pro
2265 3594 2314 3641 δὲ
2342 3593 2381 3636 L

393 3668 464 3727 τῷ
497 3679 582 3711 om.
613 3666 653 3710 L
775 3671 822 3710 17
858 3659 989 3721 ἅπαξ
1015 3660 1199 3714 ἅπασιν
1230 3672 1326 3722 (καὶ
1359 3682 1583 3726 superscr.
1615 3682 1643 3713 a
1670 3682 1791 3713 man.
1822 3671 1929 3721 rec.)
1959 3667 1999 3710 L
2113 3664 2272 3725 εἴημεν
2302 3660 2363 3711 ἂν
2393 3664 2498 3715 (hoc

391 3739 511 3792 ord.)
542 3737 582 3781 L
699 3740 752 3781 22
785 3734 974 3792 πόλεώς
1001 3755 1054 3784 τε
1083 3738 1122 3782 L
1240 3743 1293 3784 30
1324 3739 1580 3787 ἐνδέδωκεν
1608 3739 1647 3783 L
1750 3742 1818 3784 -36
1849 3730 1922 3784 ὥσ
1950 3754 2004 3797 γε
2034 3739 2114 3783 καὶ
2143 3736 2181 3780 L
