2684 4140
362 297 465 344 326
1194 291 1512 336 APPENDIX
1539 292 1624 337 111.

359 441 564 509 ἠπόρει
606 444 675 506 τῇ
719 438 1098 506 έπικρατούσῃ
1145 440 1271 498 ταῖς
1314 443 1426 488 τῶν
1467 435 1795 504 συμβούλων
1835 436 2114 504 μεθόδοις
2162 442 2244 502 εἰς
2288 443 2456 493 ὕπαι-

357 525 503 592 θρον
544 522 800 592 χρῆσθαι
843 518 1309 590 περιαυτολογίᾳ,
1367 524 1508 592 φησὶ
1556 525 1653 574 τὸν
1707 525 2070 593 εἰσηγεῖσθαι
2122 531 2456 594 τεταγμένον

364 603 923 676 σεμνολογήσασθαι,
985 607 1062 667 ὡς
1124 607 1192 657 ἂν
1251 590 1288 676 ᾗ
1337 609 1509 676 ταύτῃ
1561 610 1625 658 τὸ
1677 607 2092 678 εὐπαράδεκτον
2142 611 2292 679 αὐτῷ
2347 618 2458 663 τῶν

361 691 795 756 ὑποτιθεμένων
832 693 1260 756 κατανυόμενον,
1311 693 1443 742 ἐπεί
1488 709 1580 743 τοι
1615 694 1710 744 καὶ
1748 691 1910 761 λόγος
1950 692 2392 765 δραστικώτερος
2431 698 2462 746 0‘

309 785 334 825 5
358 781 461 825 τοῦ
481 776 816 844 κρείττονος.
881 767 988 846 ἀφ’
1022 774 1090 842 οὗ
1114 774 1276 828 δοκεῖ
1307 794 1409 843 μοι
1445 779 1539 828 καὶ
1563 772 1809 849 Ὅμηρος
1848 781 1879 830 ὁ
1903 782 2201 844 ἐποποιός,
2241 779 2459 832 ἐνευδο-

274 1207 321 1249 10

275 1634 324 1677 15

274 2060 324 2102 20

275 2486 326 2527 25

273 2913 325 2957 30

357 866 535 926 κιμῶν
556 861 624 910 τοὶ
645 867 880 912 τοιαῦτα
904 862 966 911 οὐ
983 862 1124 911 κατὰ
1146 864 1277 923 τοὺς
1297 860 1546 924 πολλοὺς
1565 865 1784 931 καίριόν
1811 881 1870 915 τε
1903 869 2025 926 τοῖς
2050 857 2173 931 μετ’
2209 867 2374 916 αὐτὸν
2402 869 2459 917 ἐν

359 949 481 1006 τοῖς
509 947 732 1011 ὁμοίοις
751 944 1130 1016 παραδεικνὺς
1148 948 1411 1018 μάθημα,
1430 950 1527 999 τὸν
1546 946 1764 1000 Πύλιον
1793 951 2174 1020 παρεισήγαγε
2196 953 2458 1020 Νέστορα

358 1032 470 1080 ὑπὸ
511 1030 804 1098 Δρύαντος
853 1033 1113 1093 Καινέως
1162 1050 1221 1083 τε
1269 1031 1755 1100 μετακαλούμενον
1810 1036 1905 1085 καὶ
1946 1028 2196 1098 Ἐξαδίου
2255 1043 2354 1106 τῆς
2402 1031 2458 1086 τ’

360 1113 533 1186 ἄλλης
569 1110 694 1167 κατ’
739 1119 984 1179 ἐκείνους
1024 1119 1306 1189 φρατρίας
1344 1120 1514 1190 ἀρχὴν
1564 1121 1666 1186 μὲν
1714 1120 2039 1190 ἐκβοηθεῖν,
2090 1119 2212 1171 εἶτα
2260 1123 2460 1172 τούτου

360 1200 668 1269 λαβόμενον
702 1205 965 1273 Νέστορα
1003 1210 1072 1273 τῇ
1116 1201 1435 1274 ε’ξαγγελίᾳ,
1477 1207 1575 1256 ἅτε
1615 1203 1678 1276 δή
1724 1212 1792 1275 τῇ
1829 1206 1970 1256 κατὰ
2009 1209 2171 1276 χεῖρα
2211 1207 2462 1276 βοηθείᾳ

359 1290 657 1350 τοσούτοις
681 1290 779 1339 τὸν
805 1286 1063 1340 ἐνυάλιον
1090 1287 1330 1358 ἀνδράσι
1346 1289 1796 1359 χρειωδέστατον
1826 1288 2083 1354 δόξαντα,
2113 1292 2462 1360 προσθεῖναι

359 1375 422 1423 τὸ
451 1374 567 1424 ἀπὸ
595 1371 758 1425 τοῦδε
788 1375 884 1425 οὐκ
910 1376 1194 1445 ὠκνηκότα
1221 1376 1280 1426 τί
1289 1394 1308 1437 ,·
1335 1382 1500 1426 τοῦτο
1533 1378 1596 1426 τὸ
1623 1378 2000 1445 καιριώτατον
2034 1374 2172 1444 λέγω
2201 1384 2299 1447 τῆς
2329 1391 2461 1443 συμ-

359 1456 579 1529 βουλῆς.
656 1461 714 1510 τί
747 1461 851 1529 γάρ
894 1474 1068 1531 φησι,·
1111 1453 1228 1511 (καὶ
1263 1464 1365 1526 μέν
1402 1478 1505 1527 μευ
1544 1459 1793 1531 βουλέων
1839 1459 2024 1524 ξύνιον
2074 1464 2356 1514 πείθοντό
2403 1481 2462 1513 τε

357 1544 563 1611 μύθῳ’.
617 1545 711 1595 καὶ
755 1543 1068 1615 ἐπειδήπερ
1107 1548 1208 1597 ἐπὶ
1245 1553 1518 1598 τοσοῦτον
1546 1549 1609 1597 τὸ
1642 1551 1847 1598 ἑαυτοῦ
1869 1545 2303 1617 μεγαλοπρεπὲς
2327 1551 2461 1600 ύπε-

365 1630 628 1699 στήσατο,
670 1631 747 1691 ὡς
785 1631 852 1680 ἂν
890 1628 994 1700 ἤδη
1035 1633 1385 1701 μετεωρίσας
1422 1634 1486 1682 τὸ
1525 1633 1686 1701 ἔργον
1714 1634 1830 1683 ἀπὸ
1858 1640 1960 1683 τοῦ
1984 1636 2268 1695 τοιούτοις
2293 1636 2462 1700 ὑπερ-

365 1718 565 1784 φυέσιν
615 1712 920 1783 ἀξιόχρεως
970 1718 1349 1788 νομισθῆναι,
1403 1719 1499 1778 οὓς
1553 1719 1647 1768 καὶ
1696 1718 2038 1786 πειθηνίους
2094 1724 2205 1768 τῶν
2262 1722 2465 1768 ἑαυτοῦ

360 1797 757 1866 βουλευμάτων
795 1798 1047 1871 ἐξέφηνε,
1089 1803 1468 1863 πεποιθότως
1514 1803 1779 1853 ἐντεῦθεν
1816 1804 2141 1872 ἐπήνεγκεν·
2175 1796 2340 1852 εἀλλά
2369 1804 2462 1852 πί-

358 1886 548 1936 θεσθε
573 1888 667 1937 καὶ
691 1887 883 1952 ὔμμες,
913 1890 1042 1940 ἐπεὶ
1067 1889 1394 1939 πείθεσθαι
1421 1885 1692 1954 ἄμεινον’,
1719 1891 1891 1954 μόνον
1922 1889 2041 1953 οὐχὶ
2059 1885 2257 1955 λέγων·
2299 1890 2464 1957 ὁρᾶτε

363 1972 460 2033 οὓς
497 1973 603 2039 ἐγὼ
644 1975 939 2035 τοιούτους
977 1975 1181 2043 ἔσχηκα
1230 1976 1567 2043 κακηκόους,·
1619 1974 1816 2024 οὔκουν
1867 1971 2058 2034 ἀκλεὲς
2109 1970 2236 2023 οὐδὲ
2289 1974 2462 2038 ἀσύμ-

366 2073 545 2127 φορον
582 2060 676 2109 καὶ
712 2060 853 2124 ύμόἷς
891 2061 1019 2125 ἐμοὶ
1046 2059 1389 2109 πείθεσθαι.
1455 2059 1486 2108 ὁ
1521 2060 1622 2124 μὲν
1653 2058 1748 2109 οὖν
1777 2060 1921 2108 οὕτω
1952 2064 2153 2128 σαφῶς
2179 2060 2277 2128 τήν
2305 2059 2461 2126 περί-

363 2158 539 2206 νοιαν,
579 2150 648 2212 τῇ
687 2141 894 2213 πράξει
931 2146 1030 2214 τὴν
1068 2142 1324 2210 μέθοδον
1362 2142 1719 2210 ἐμπεδώσας,
1760 2137 1887 2194 ἀλλ’
1933 2145 2030 2208 οὐχ
2069 2146 2099 2194 o‘
2128 2146 2462 2211 Προυσαευς

364 2226 528 2288 οὗτος
564 2235 849 2291 τοιοῦτος,
892 2227 1092 2298 διόπερ
1135 2230 1231 2279 οὐκ
1269 2230 1408 2294 ἔχων
1445 2231 1730 2290 τοιούτοις
1777 2230 1872 2279 καὶ
1911 2228 2075 2290 οὗτος
2113 2226 2458 2295 ἐγκαλλωπί-

365 2313 588 2363 σασθαι
627 2317 832 2382 ἑτέρως
868 2318 1090 2379 μέτεισι
1128 2316 1227 2384 τὴν
1261 2315 1470 2384 χρείαν.
1536 2315 1665 2365 ἐπεὶ
1700 2315 1803 2382 γὰρ
1842 2307 1970 2382 ᾔδει
2007 2315 2106 2384 τήν
2139 2315 2459 2381 ὁμογνωμο-

365 2399 531 2465 σύνην
569 2401 870 2468 ταυτότητι
906 2402 1136 2468 τρόπων
1174 2401 1306 2461 τούς
1345 2401 1876 2467 ὁμογνωμονοῦντας
1924 2397 2280 2463 συνδέουσαν,
2321 2402 2350 2450 ὅ
2398 2415 2458 2466 γε

364 2480 567 2535 λοιπὸν
603 2486 698 2535 καὶ
734 2486 833 2551 τὴν
873 2486 1169 2551 ἰσονομίαν
1196 2486 1492 2554 βραβεύειν
1525 2487 1850 2548 ἐπίσταται,
1890 2485 2134 2545 ἐκείνους
2173 2485 2458 2553 ἀθροίσας

361 2570 489 2619 ὅσοι
526 2570 628 2630 τὰς
663 2567 990 2636 βασιλείους
1029 2569 1226 2637 οἴμους
1262 2568 1668 2641 κατειληφότες
1703 2566 1990 2640 γνωρίζειν
2027 2575 2149 2631 τοῖς
2186 2571 2458 2638 ἔρχεσθαι

361 2656 569 2715 ταύτας
626 2653 1033 2725 ἀσφαλέστατα
1086 2654 1455 2723 βουλομένοις
1511 2653 1886 2719 θεσπίζουσι,
1944 2658 2040 2706 τὸν
2089 2653 2457 2725 Μελητιάδην

364 2731 596 2808 Όμηρον
637 2738 793 2807 λέγω,
833 2743 1099 2811 Σωκράτη
1141 2759 1200 2792 τε
1228 2744 1325 2793 τὸν
1350 2743 1754 2812 Σωφρονίσκου
1781 2743 1875 2792 καὶ
1904 2744 2273 2810 Φαιναρέτης,
2314 2743 2459 2809 πρὸς

365 2821 422 2874 δὲ
461 2827 555 2875 καὶ
590 2827 831 2896 Διογένη
873 2829 968 2878 τὸν
1005 2829 1301 2891 Σινωπέα,
1349 2829 1443 2878 καὶ
1489 2831 1685 2893 μέντοι
1733 2824 2098 2891 πλασάμενός
2145 2843 2202 2875 τι
2248 2821 2455 2890 μεταξύ

364 2916 475 2962 τῶν
515 2909 691 2979 λόγων
717 2913 811 2962 καὶ
850 2913 1033 2976 αὐτὸς,
1074 2915 1133 2963 ἐκ
1158 2911 1631 2983 Πελοποννησίας
1656 2914 1842 2982 γραός,
1876 2905 2206 2981 Ἀρκαδικῆς
2230 2912 2331 2975 μὲν
2359 2911 2456 2979 τήν

365 2995 598 3066 οἴκησιν,
638 2995 944 3069 νομαδικῆς
984 2996 1042 3048 δὲ
1082 3000 1178 3050 τὸν
1216 3000 1358 3066 βίον,
1397 3000 1490 3049 καὶ
1528 2999 1661 3067 περὶ
1698 2999 1760 3047 τὸ
1789 2998 2094 3048 ένθουσιοῖν
2121 3009 2456 3065 προσευκαι-

363 3084 587 3152 ρούσης,
627 3085 834 3152 ταύτης
873 3084 1171 3153 ἀκηκοέναι
1211 3086 1344 3154 περὶ
1381 3090 1484 3134 τοῦ
1518 3085 1577 3133 ἐκ
1620 3080 1866 3152 Σεμέλης
1899 3075 2237 3150 (Ηρακλέους
2274 3082 2361 3141 τίς
2398 3097 2457 3130 τε

366 3165 528 3228 οὗτος
566 3166 650 3237 εἴη
703 3169 734 3218 ὁ
772 3170 831 3218 ἐκ
867 3166 1114 3239 Σεμέλης
1149 3172 1245 3221 καὶ
1283 3169 1404 3231 οἷος
1442 3171 1538 3220 τὸν
1576 3170 1727 3235 βίον,
1777 3165 1918 3218 ἀλλά
1967 3184 2026 3233 γε
2072 3169 2166 3217 καὶ
2213 3169 2300 3217 ὅτι
2349 3156 2450 3216 ὑπ’

510 3407 528 3448 1
561 3400 790 3460 μεθόδοις
819 3404 909 3449 huc
937 3407 1213 3463 transposui,
1245 3407 1366 3462 quod
1395 3406 1525 3463 vulgo
1557 3405 1717 3461 legitur
1747 3409 1851 3461 post
1877 3407 2088 3463 χρῆσθαι
2117 3405 2146 3448 l.
2171 3406 2196 3447 2
2284 3407 2311 3447 4
2340 3400 2456 3450 ὑπο-

363 3474 581 3531 θεμένων
612 3476 650 3520 U
678 3472 1043 3533 ὑποτιθεμένων
1072 3479 1111 3520 D
1202 3482 1227 3522 5
1257 3476 1575 3536 ἐνευδοκιμιῦν
1605 3477 1780 3534 scripsi,
1810 3474 2129 3531 ἐνευδοκιμεῖν
2157 3474 2198 3518 U
2300 3477 2326 3518 6
2354 3475 2456 3520 καί·

366 3543 474 3606 ριόν
502 3563 555 3593 τε
584 3547 744 3604 scripsi
771 3543 963 3607 καίριόν
991 3565 1036 3594 τι
1065 3549 1107 3594 U
1223 3553 1249 3593 9
1281 3544 1433 3609 ἀρχὴν
1461 3549 1549 3607 μὲν
1578 3546 1834 3609 ἐκβοηθεῖν
1864 3550 2093 3603 corrupta,
2124 3543 2191 3598 εἰς
2219 3535 2456 3600 βοήθειαν

363 3618 538 3675 Kayser
655 3622 707 3664 10
738 3621 796 3676 τῇ
827 3644 878 3650 -
909 3620 1116 3683 βοηθείᾳ
1144 3620 1275 3677 Wi1.;
1308 3624 1391 3679 τῆς
1420 3621 1655 3681 βοηθείας
1683 3619 1724 3664 U
1844 3622 1889 3663 11
1925 3613 2014 3664 τὸν
2032 3615 2206 3672 scripsi,
2238 3610 2295 3660 τὸ
2322 3613 2358 3658 U

367 3691 418 3733 13
450 3689 579 3733 Hom.
612 3689 653 3732 A
683 3692 765 3733 273
885 3693 935 3734 15
965 3687 1272 3750 μετεωρήσας
1301 3691 1342 3736 U
1462 3696 1511 3736 17
1544 3693 1586 3735 A
1616 3695 1696 3735 275
1814 3690 2049 3736 πείθεσθε
2078 3687 2118 3732 U
2235 3689 2288 3730 20
2319 3699 2357 3730 e.
2389 3699 2455 3741 gr.

364 3756 449 3819 τὴν
477 3760 729 3819 περίνοιαν
755 3760 939 3819 (δηλοῖ)
1053 3765 1107 3805 26
1139 3757 1367 3820 ἔρχεσθαι
1397 3763 1572 3819 scripsi,
1603 3759 1840 3822 ἄρχεσθαι
1869 3759 1912 3804 U
