2684 4140
647 229 1024 275 TESTIMONIA
1054 229 1138 275 DE
1168 227 1316 275 VITA
1347 227 1550 273 DIONIS
1584 226 1903 280 (SYNESIUS)
2219 224 2320 274 317

239 374 402 437 οὗτός
439 391 500 442 γε
540 377 571 426 ὁ
610 373 772 443 λόγος
809 374 1182 434 ὑποτύπωσίς
1219 375 1374 424 ἐστιν
1414 370 1747 438 εὐδαίμονος
1784 373 1940 438 βίου,
1991 376 2192 442 πένητι
2233 373 2325 424 καὶ

237 458 491 527 πλουσίῳ
531 467 634 510 τοῦ
668 461 881 521 παντὸς
919 461 1254 526 ἀνάγνωσμα
1283 455 1610 520 ἀξιώτατον.
1688 451 1901 527 ᾠδηκός
1936 475 1996 508 τε
2032 458 2135 527 γὰρ
2174 453 2323 526 ἦθος

236 547 348 596 ὑπὸ
397 542 644 596 πλούτου
691 541 1079 606 καταστέλλει,
1129 545 1192 593 τὸ
1244 540 1509 608 εὔδαιμον
1559 543 1805 611 ἑτέρωθι
1852 539 2065 605 δείξας,
2112 542 2207 593 καὶ
2253 543 2318 592 τὸ

236 631 680 690 καταπεπτωκὸς
728 631 840 679 ὑπὸ
891 629 1091 689 πενίας
1140 629 1342 697 ἐγείρει
1393 629 1487 678 καὶ
1524 628 1911 678 ἀταπείνωτον
1955 625 2102 678 εἶναι
2140 642 2323 695 παρα-

239 708 506 775 σκευάζει,
544 719 709 763 τοῦτο
746 715 847 778 μὲν
886 712 966 779 τῴ
991 709 1453 777 καταμελιτοῦντι
1479 712 1580 773 τὰς
1617 713 1885 762 ἁπάντων
1924 712 2096 772 ἀκοάς
2135 708 2323 780 διηγή-
2360 723 2384 761 5

235 814 389 862 ματι,
428 790 532 867 ὑφ’
577 796 647 847 οὗ
677 798 778 848 κᾶν
814 793 1029 866 Ξέρξης
1068 797 1415 866 ἀνεπείσθη,
1453 792 1668 866 Ξέρξης
1706 798 1914 857 ἐκεῖνος
1953 798 1984 846 ὁ
2020 798 2119 865 τὴν
2155 797 2322 862 μεγά-

239 878 337 951 λην
395 883 661 950 στρατιάν
717 879 924 943 έλάσας
979 883 1077 932 ἐπὶ
1130 883 1261 942 τοὺς
1296 874 1589 950 (Έλληνας,
1644 883 2065 948 μακαριώτερον
2123 884 2327 931 ἑαυτοῦ

236 970 519 1034 γεγονέναι
565 971 860 1037 κυνηγέτην
911 964 1085 1036 ἄνδρα
1144 968 1202 1016 ἐν
1262 972 1330 1035 τῇ
1379 967 1567 1036 ὀρεινῇ
1615 973 1714 1036 τῆς
1762 967 2004 1032 Εὐβοίας
2064 970 2325 1035 κέγχρους

238 1051 529 1115 ἐσθίοντα,
568 1059 734 1102 τοῦτο
775 1050 833 1103 δὲ
872 1056 1000 1112 ταῖς
1027 1052 1288 1119 ἀρίσταις
1311 1051 1654 1119 ὑποθήκαις,
1694 1050 1785 1111 αἶς
1818 1052 2103 1119 χρώμενος
2143 1048 2325 1111 οὐδεὶς

5 1137 7 1189 ἓ
89 1142 149 1184 (39
165 1142 213 1182 Ρ)
239 1137 585 1201 αἰσχυνεῖται
625 1138 840 1199 πενίαν,
895 1137 946 1187 εἰ
982 1137 1056 1205 μή
1095 1151 1155 1202 γε
1192 1137 1285 1186 καὶ
1324 1132 1604 1204 φεύξεται.
1682 1133 1770 1186 διὸ
1809 1132 2064 1201 βελτίους
2103 1137 2159 1186 οἱ
2196 1137 2324 1185 τάτ-
2363 1143 2410 1184 10

235 1237 425 1282 τοντες
475 1222 640 1271 αὐτὸν
688 1221 828 1286 μετὰ
879 1221 975 1270 τὸν
1013 1220 1248 1283 ἔσχατον
1298 1220 1431 1287 περὶ
1472 1215 1795 1284 βασιλείας,
1853 1221 1911 1269 έν
1962 1211 2007 1286 ᾦ
2055 1222 2326 1287 τέτταρας

234 1306 593 1371 ὑποθέμενος
639 1305 798 1370 βίους
844 1305 938 1355 καὶ
988 1301 1288 1368 δαίμονας,
1346 1304 1442 1352 τὸν
1501 1299 1918 1372 φιλοχρήματόν
1975 1320 2034 1353 τε
2089 1304 2183 1353 καὶ
2230 1305 2326 1354 τὸν

235 1388 652 1440 ἀπολαυστικὸν
699 1389 790 1440 καὶ
839 1388 1029 1456 τρίτον
1075 1389 1171 1438 τὸν
1224 1384 1550 1457 φιλότιμον,
1608 1385 1926 1438 τελευταῖον
1979 1385 2037 1438 δὲ
2088 1389 2182 1439 καὶ
2229 1389 2328 1438 ἐπὶ

235 1480 384 1527 πᾶσι
430 1476 527 1525 τὸν
577 1474 821 1544 εὔφρονα
870 1474 964 1524 καὶ
1017 1470 1358 1536 σπουδαῖον,
1417 1473 1659 1533 ἐκείνους
1713 1473 1815 1537 μὲν
1863 1473 1994 1533 τοὺς
2040 1473 2180 1523 κατὰ
2229 1474 2327 1542 τὴν

235 1556 466 1625 ἀλογίαν
512 1561 769 1620 ἅπαντας
816 1560 1024 1628 γράφει
1062 1575 1121 1608 τε
1158 1559 1252 1609 καὶ
1295 1553 1645 1627 σχηματίζει,
1697 1559 1942 1608 παύεται
1990 1555 2049 1608 δὲ
2099 1564 2201 1608 τοῦ
2243 1558 2329 1624 βι-
2370 1565 2414 1606 15

233 1641 423 1710 βλίου,
474 1646 570 1695 τὸν
621 1642 823 1696 λοιπὸν
868 1640 1343 1710 ἐπαγγειλάμενος
1393 1643 1588 1693 αὐτίκα
1628 1639 1975 1706 ἀποδώσειν,
2025 1644 2133 1710 ὅτῳ
2185 1645 2325 1693 ποτὲ

235 1733 611 1798 πεπρωμένος
656 1730 716 1779 ἐκ
761 1730 916 1779 θεῶν
967 1731 1200 1796 ἐγένετο.
1282 1730 1455 1795 χωρὶς
1506 1727 1600 1778 οὖν
1649 1727 1874 1778 τιθέντι
1920 1729 2051 1788 τοὺς
2099 1729 2157 1778 ἐν
2205 1732 2326 1789 τοῖς

239 1817 460 1879 συχνοῖς
510 1812 697 1881 λόγοις
733 1815 1010 1881 Διογένας
1058 1831 1117 1864 τε
1164 1815 1259 1864 καὶ
1292 1815 1622 1882 Σωκράτας,
1680 1813 1737 1862 οἳ
1780 1814 1874 1864 καὶ
1922 1814 2181 1882 περιττοὶ
2228 1815 2326 1883 τὴν

241 1901 412 1968 φύσιν
460 1895 684 1962 ἔδοξαν·
770 1900 864 1950 καὶ
914 1899 1010 1963 οὐχ
1056 1900 1308 1960 ἀπαντός
1357 1900 1510 1948 ἐστιν
1571 1899 1601 1948 ὁ
1647 1901 1768 1948 τοῖν
1830 1895 2056 1966 ἀνδροῖν
2102 1900 2327 1949 τούτοιν

239 1978 427 2053 ζῆλος,
491 1974 615 2033 ἀλλ’
682 1985 838 2044 ὅστις
900 1983 1073 2043 εὐθὺς
1137 1983 1353 2051 αἵρεσίν
1416 1999 1540 2032 τινα
1605 1987 1715 2032 τῶν
1770 1982 1910 2031 κατὰ
1976 1979 2326 2052 φιλοσοφίαν
2366 1989 2413 2030 20

238 2068 536 2132 ὑπέσχετο·
575 2069 672 2118 τὸν
711 2065 770 2118 δὲ
809 2067 949 2117 κατὰ
988 2069 1086 2136 τὴν
1123 2069 1312 2137 κοινὴν
1354 2068 1524 2136 φύσιν
1565 2062 1819 2135 ζητοῦντι
1853 2067 1947 2116 καὶ
1978 2068 2074 2117 τὸν
2115 2068 2329 2118 ἅπασιν

236 2153 601 2221 έγχωροῦντα,
642 2149 875 2214 δίκαιον,
915 2154 1090 2215 ὅσιον,
1133 2152 1455 2220 αὐτουργόν,
1495 2151 1610 2200 ἀπὸ
1650 2156 1760 2200 τῶν
1800 2151 1972 2200 ὄντων
2002 2149 2329 2219 φιλάνθρω-

238 2252 366 2299 πον,
418 2237 514 2287 οὐκ
551 2238 618 2287 ἂν
657 2239 845 2305 ἕτερος
884 2237 1008 2287 ἀντὶ
1056 2243 1159 2287 τοῦ
1192 2236 1451 2302 Εὐβοέως
1490 2232 1910 2299 ἀποδεδομένος
1960 2233 2043 2303 εἴη
2084 2235 2209 2301 βίος
2246 2237 2330 2286 εὐ-

239 2319 581 2387 δαιμονικός.
658 2322 744 2372 ἔτι
790 2322 884 2372 καὶ
919 2323 1051 2382 τοὺς
1085 2315 1382 2390 Ἐσσηνοὺς
1421 2321 1654 2371 ἐπαινεῖ
1684 2334 1824 2382 που,
1870 2316 2038 2369 πόλιν
2077 2316 2207 2388 ὅλην
2247 2321 2330 2369 εὐ-

238 2403 479 2471 δαίμονα
517 2409 616 2477 τὴν
654 2407 812 2475 παρὰ
851 2408 914 2457 τὸ
943 2408 1132 2475 νεκρὸν
1169 2403 1319 2475 ὕδωρ
1347 2407 1405 2456 ἐν
1432 2412 1500 2475 τῇ
1525 2405 1792 2472 μεσογείᾳ
1818 2411 1916 2474 τῆς
1941 2401 2331 2474 Παλαιστίνης
2369 2415 2415 2454 25

235 2494 490 2561 κειμένην
530 2484 671 2560 παρ’
716 2492 855 2542 αὐτά
903 2507 1014 2542 που
1054 2492 1122 2541 τὰ
1161 2489 1406 2556 Σόδομα.
1485 2492 1515 2540 ὁ
1565 2490 1669 2559 γὰρ
1721 2490 1857 2560 ἀνὴρ
1910 2486 2079 2550 ὅλως,
2129 2486 2326 2558 ἐπειδὴ

237 2581 340 2625 τοῦ
377 2573 719 2645 φιλοσοφεῖν
771 2573 1064 2646 ἀπήρξατο
1113 2578 1207 2627 καὶ
1245 2577 1327 2637 εἰς
1365 2577 1428 2626 τὸ
1469 2575 1761 2626 νουθετεῖν
1807 2575 2154 2643 ἀνθρώπους
2191 2575 2329 2623 ἀπέ-

237 2657 434 2724 κλινεν,
476 2658 673 2712 οὐδένα
715 2658 877 2728 λόγον
916 2663 1172 2730 ἄκαρπον
1211 2658 1511 2730 ἐξενήνοχε.
1588 2659 1668 2727 τῷ
1709 2657 1767 2709 δὲ
1805 2660 1878 2728 μὴ
1915 2662 2208 2728 παρέργως
2246 2660 2330 2708 ἑν-

237 2747 562 2812 τυγχάνοντι
612 2744 747 2816 δήλη
786 2749 880 2798 καὶ
927 2751 958 2817 ή
1001 2754 1099 2817 τῆς
1137 2747 1433 2816 ἑρμηνείας
1483 2743 1606 2796 ἰδέα
1655 2741 2066 2794 διαλλάττουσα
2103 2744 2196 2793 καὶ
2234 2743 2330 2792 οὐκ

239 2829 378 2881 οὖσα
415 2831 519 2895 μία
557 2829 636 2898 τῴ
675 2833 860 2883 Δίωνι
896 2834 1037 2882 κατά
1076 2849 1138 2883 τε
1174 2832 1275 2892 τὰς
1316 2830 1653 2900 σοφιστικὰς
1701 2829 2016 2887 ὑποθέσεις
2058 2827 2151 2877 καὶ
2185 2826 2325 2876 κατά
2364 2836 2412 2876 30

91 2928 211 2971 (173)
237 2915 339 2976 τὰς
375 2913 690 2978 πολιτικάς.
767 2918 824 2967 ἐν
862 2918 1102 2977 ἐκείναις
1138 2918 1239 2981 μὲν
1276 2916 1379 2983 γάρ
1418 2909 1680 2975 ὑπτιάζει
1726 2914 1820 2963 καὶ
1857 2907 2183 2980 ὡραΐζεται,
2232 2927 2326 2961 κα-

235 2999 431 3067 θάπερ
487 3001 518 3050 ὁ
565 3002 715 3061 ταώς
764 3002 1099 3069 περιαθρῶν
1159 3001 1326 3050 αὑτὸν
1376 2999 1470 3048 καὶ
1523 2997 1644 3048 οἶον
1699 2998 2002 3063 γανύμενος
2050 2996 2148 3045 ἐπὶ
2202 2998 2328 3055 ταῖς

241 3080 501 3149 ἀγλαΐαις
547 3090 650 3134 τοῦ
696 3081 887 3151 λόγου,
937 3085 1034 3134 ἅτε
1086 3084 1230 3151 πρὸς
1281 3083 1338 3132 ἓν
1387 3086 1552 3131 τοῦτο
1593 3082 1737 3149 ὁρῶν
1774 3082 1868 3131 καὶ
1909 3077 2069 3140 τέλος
2106 3080 2204 3148 τήν
2243 3079 2326 3129 εὐ-

243 3167 460 3236 φωνίαν
498 3167 816 3233 τιθέμενος.
891 3168 1035 3218 ἔστω
1083 3164 1441 3235 παράδειγμα
1479 3169 1511 3235 ή
1553 3170 1663 3215 τῶν
1707 3167 1950 3230 Τεμπῶν
1990 3166 2200 3234 φράσις
2236 3164 2329 3214 καὶ

383 3409 408 3449 5
437 3405 857 3460 καταμελιττοῦντι
885 3401 924 3446 L
1040 3405 1065 3446 8
1098 3397 1295 3461 ἔγχρους
1323 3401 1362 3445 L
1393 3414 1451 3446 m.
1482 3414 1549 3458 pr.
1698 3402 1749 3444 12
1777 3401 1917 3460 βίους
1946 3394 2230 3457 εὐδαίμονας
2259 3401 2329 3452 (ευ

237 3476 285 3519 in
316 3488 406 3522 ras.
436 3487 466 3520 a
496 3480 632 3527 corr.)
664 3473 702 3517 L
850 3476 902 3517 14
931 3467 1020 3530 τὴν
1050 3468 1315 3530 ἀναλογίαν
1342 3472 1381 3516 L
1529 3475 1579 3516 17
1611 3470 1666 3518 ἐκ
1696 3474 1794 3518 τῶν
1822 3474 1952 3517 θεῶν
1980 3470 2020 3514 L
2165 3473 2215 3513 21
2251 3470 2327 3526 ζη-

239 3549 415 3594 τοῦντα
446 3546 484 3590 L
602 3548 656 3589 24
688 3536 762 3591 ὅτι
790 3546 871 3590 καὶ
899 3543 938 3587 L
1055 3545 1108 3587 26
1140 3559 1166 3588 ν
1193 3542 1275 3588 fin.
1305 3542 1353 3587 in
1383 3542 1600 3601 κειμένην
1632 3553 1660 3585 a
1691 3554 1807 3587 corr.
1838 3540 1877 3583 L
2022 3536 2101 3588 ἀν·
2129 3540 2178 3584 in
2207 3534 2329 3597 ἀνὴρ

238 3630 267 3663 a
297 3630 414 3663 corr.
443 3615 482 3660 L
603 3607 717 3669 ὅλος
747 3615 784 3658 L
902 3617 952 3658 27
984 3610 1164 3673 ἤρξατο
1195 3613 1234 3658 L
1370 3617 1423 3658 28
1454 3610 1730 3671 ἐξενήνοχεν
1758 3612 1797 3655 L
1942 3615 1989 3655 31
2025 3609 2119 3670 γάρ
2150 3623 2178 3655 a
2209 3623 2328 3656 corr.

239 3687 341 3732 add.
373 3688 412 3731 L
529 3691 582 3732 32
614 3690 741 3740 ταῶς
770 3686 808 3730 L
