2684 4140
0 898 5 965 b

1029 317 1258 364 ORATIO
1286 318 1498 365 XXXVI.
2271 321 2302 369 3

218 461 410 531 λούθῳ
448 460 740 534 παραδοὺς
778 465 945 525 αὐτὸς
981 465 1129 515 πάνυ
1167 466 1416 530 κοσμίως
1453 462 1783 536 προσῆλθεν
1820 466 1934 516 ὑπὸ
1973 467 2036 516 τὸ
2078 466 2304 530 ἱμάτιον

217 550 314 619 τὴν
335 552 496 619 χεῖρα
521 546 879 610 ὑποστείλας.
920 544 1250 616 παρέζωστο
1271 547 1330 600 δὲ
1351 551 1631 617 μάχαιραν
1649 548 1893 620 μεγάλην
1914 555 2025 602 τῶν
2049 551 2304 602 ἱππικῶν

215 634 308 684 καὶ
346 630 682 700 ἀναξυρίδας
719 631 832 698 εἶχε
866 634 960 684 καὶ
1005 635 1104 703 τὴν
1153 631 1324 704 ἀλλην
1374 632 1576 705 στολὴν
1611 635 1921 706 Σκυθικήν,
1974 635 2199 686 ἄνωθεν
2239 632 2301 686 δὲ

215 723 326 768 τῶν
365 719 531 783 ὤμων
571 718 795 782 ἱμάτιον
830 719 1027 788 μικρὸν
1063 716 1254 784 μέλαν,
1295 716 1516 782 λεπτόν,
1557 720 1748 788 ὥσπερ
1788 719 2068 771 εἰώθασιν
2108 720 2165 770 οἱ
2189 721 2300 770 Βο-

161 813 185 854 5
221 803 569 873 ρυσθενῖται.
625 806 872 871 χρῶνται
909 799 969 853 δὲ
1005 804 1099 854 καὶ
1135 809 1204 873 τῇ
1240 800 1377 872 ἄλλῃ
1417 803 1625 873 ἐσθῆτι
1659 801 1891 872 μελαίνῃ
1932 805 2009 865 ὡς
2046 805 2110 855 τὸ
2150 801 2299 855 πολὺ

216 888 331 937 ἀπὸ
379 890 571 954 γένους
618 888 772 948 τινὸς
805 887 1042 939 Σκυθῶν
1088 893 1200 939 τῶν
1237 884 1704 955 Μελαγχλαίνων,
1753 889 1830 949 ὡς
1877 889 2006 954 ἐμοὶ
2053 887 2297 953 δοκοῦσι,

213 971 353 1022 κατὰ
392 977 555 1022 τοῦτο
596 971 1032 1037 ὀνομασθέντων
1069 973 1181 1023 ὑπὸ
1220 978 1331 1023 τῶν
1363 965 1644 1042 Ἑλλήνων.
1706 969 1772 1040 ἦν
1811 969 1870 1022 δὲ
1911 973 1988 1034 ὡς
2026 973 2290 1024 ὀκτωκαί·
2332 976 2364 1027 8

218 1054 346 1107 δέκα
393 1057 534 1107 ἐτῶν
585 1058 616 1107 ὁ
661 1054 1114 1126 Καλλίστρατος,
1162 1058 1311 1108 πάνυ
1358 1054 1528 1117 καλὸς
1574 1057 1668 1106 καὶ
1713 1059 1915 1122 μέγας,
1965 1053 2112 1106 πολὺ
2160 1058 2300 1121 ἔχων

211 1134 451 1192 Ἰωνικὸν
487 1147 590 1192 τοῦ
625 1139 824 1203 εἴδους.
886 1137 1104 1207 ἐλέγετο
1134 1137 1193 1191 δὲ
1217 1140 1405 1191 καὶτὰ
1445 1142 1591 1209 πρὸς
1627 1141 1724 1191 τὸν
1764 1137 2015 1205 πόλεμον
2042 1139 2299 1208 ἀνδρεῖος

133 1235 179 1277 10
215 1225 378 1290 εἶναι,
402 1226 496 1276 καὶ
520 1222 768 1286 πολλοὺς
790 1227 1169 1294 Σαυροματῶν
1192 1224 1323 1284 τούς
1346 1224 1449 1289 μὲν
1475 1224 1824 1293 ἀνῃρηκέναι,
1856 1225 1988 1286 τοὺς
2016 1221 2075 1274 δὲ
2103 1226 2300 1290 αἰχμα-

216 1307 427 1371 λώτους
464 1307 775 1380 εἰληφέναι.
836 1306 1181 1360 ἐσπουδάκει
1221 1305 1280 1359 δὲ
1305 1309 1400 1358 καὶ
1425 1309 1558 1377 περὶ
1584 1305 1782 1375 λόγους
1806 1310 1900 1359 καὶ
1928 1305 2299 1378 φιλοσοφίαν,

214 1395 358 1445 ὥστε
403 1395 497 1445 καὶ
542 1391 848 1444 ἐκπλεῦσαι
897 1395 996 1444 σύν
1047 1394 1175 1459 ἐμοὶ
1223 1393 1523 1458 ἐπεθύμει.
1625 1390 1718 1444 διὰ
1767 1395 1954 1444 πάντα
2007 1391 2071 1464 δὴ
2122 1399 2297 1444 ταῦτα

211 1455 492 1544 ευδοκίμει
528 1478 685 1547 παρὰ
723 1481 845 1539 τοῖς
882 1474 1176 1542 πολίταις,
1228 1478 1325 1542 οὐχ
1372 1479 1572 1547 ἥκιστα
1621 1474 1680 1528 δὲ
1731 1479 1848 1528 ἀπὸ
1898 1484 2001 1529 τοῦ
2042 1476 2298 1542 κάλλους,

0 1541 111 1607 *781³
135 1572 182 1616 11)
210 1563 305 1614 καὶ
341 1561 452 1627 εἶχε
489 1559 736 1624 πολλοὺς
772 1563 1028 1632 ἐραστάς.
1092 1564 1240 1613 πάνυ
1266 1563 1369 1632 γὰρ
1410 1560 1473 1632 δὴ
1502 1568 1667 1613 τοῦτο
1706 1563 2078 1633 ἐμμεμένηκεν
2106 1564 2300 1625 αυτοῖς

0 2074 6 2236 ᾧ

1 2512 4 2580 1

8 3603 11 3697 Ι

9 3790 12 3837 t

133 1651 180 1695 1⁵
216 1648 332 1698 ἀπὸ
381 1654 479 1718 τῆς
525 1644 1066 1717 μητροπόλεως,τὸ
1106 1648 1240 1717 περὶ
1275 1649 1406 1709 τοὺς
1444 1648 1659 1717 ἔρωτας
1693 1650 1825 1710 τους
1873 1655 1984 1699 τῶν
2022 1649 2297 1718 ἀρρένων·

209 1733 353 1783 ὥστε
389 1730 802 1783 κινδυνεύουσιν
841 1732 1182 1783 ἀναπείθειν
1217 1733 1311 1782 καὶ
1347 1737 1460 1783 τῶν
1496 1733 1797 1802 βαρβάρων
1822 1734 2018 1796 ’ἐνίους
2058 1735 2154 1785 ουκ
2190 1727 2291 1785 ἐπ’

207 1815 409 1885 ἀγαθῷ
452 1815 661 1883 σχεδόν,
702 1810 829 1867 ἀλλ’
873 1818 950 1878 ὡς
987 1818 1054 1867 ἂν
1093 1818 1297 1867 ἐκεῖνοι
1332 1818 1395 1867 τὸ
1435 1823 1692 1868 τοιοῦτον
1727 1815 2123 1883 ἀποδέξαιντο,
2161 1819 2295 1888 βαρ-

206 1903 451 1972 βαρικῶς
485 1904 579 1953 καὶ
616 1903 712 1952 οὐκ
749 1903 878 1952 ἄνευ
915 1901 1144 1971 ὕβρεως.
1219 1898 1385 1963 εἰδὼς
1434 1901 1529 1952 οὖν
1579 1903 1745 1953 αὐτὸν
1795 1900 2112 1973 φιλόμηρον
2157 1903 2290 1954 ὄντα
2327 1907 2362 1960 9

209 1988 341 2055 περὶ
377 1989 576 2037 τούτου
616 1987 789 2047 εὐθὺς
825 1987 1245 2056 ἐπυνθανόμην.
1323 1984 1517 2051 σχεδὸν
1557 1984 1616 2038 δὲ
1653 1989 1747 2039 καὶ
1784 1990 1995 2049 πάντες
2034 1988 2091 2038 οἱ
2116 1989 2294 2057 Βορυ-

129 2077 178 2119 20
217 2071 479 2122 σθενῖται
517 2073 650 2140 περὶ
686 2073 782 2123 τὸν
819 2074 1063 2142 ποιητὴν
1101 2068 1522 2122 ἐσπουδάκασιν
1570 2069 1709 2133 ἴσως
1748 2069 1842 2122 διὰ
1892 2074 1955 2123 τὸ
1996 2070 2297 2138 πολεμικοὶ

207 2154 353 2206 εἶναι
388 2156 474 2206 ἔτι
512 2162 621 2219 νῦν,
661 2157 712 2207 εἰ
748 2157 821 2226 μὴ
862 2157 970 2226 ἄρα
1007 2156 1102 2207 καὶ
1134 2151 1295 2223 (διὰ)
1328 2157 1427 2226 τὴν
1463 2158 1609 2225 πρὸς
1642 2159 1739 2207 τὸν
1761 2150 2017 2222 Ἀχιλλέα
2045 2157 2292 2208 εὔνοιαν·

204 2246 400 2291 τοῦτον
437 2242 538 2306 μὲν
574 2241 677 2310 γὰρ
714 2242 1020 2311 ὑπερφυῶς
1058 2244 1286 2306 τιμῶσι,
1324 2241 1418 2291 καὶ
1454 2242 1592 2292 νεών
1617 2242 1714 2292 τὸν
1739 2242 1841 2307 μὲν
1869 2242 1927 2292 ἐν
1953 2248 2022 2312 τῇ
2048 2243 2196 2313 νήσῳ
2226 2248 2295 2311 τῇ

196 2317 496 2389 Ἀχιλλέως
541 2322 849 2394 καλουμένῃ
901 2323 1181 2394 ἵδρυνται,
1229 2327 1326 2376 τὸν
1379 2323 1438 2376 δὲ
1488 2327 1547 2377 ἐν
1595 2332 1664 2396 τῇ
1712 2323 1907 2377 πόλει·
1970 2327 2114 2377 ὥστε
2164 2324 2291 2377 οὐδὲ

202 2410 422 2461 ἀκούειν
458 2410 601 2479 ὑπὲρ
631 2407 855 2471 οὐδενὸς
881 2407 1053 2461 ἄλλου
1090 2408 1364 2462 θέλουσιν
1388 2411 1420 2481 ἢ
1444 2403 1700 2481 Ὁμήρου.
1760 2412 1855 2463 καὶ
1891 2408 2068 2462 τᾶλλα
2108 2412 2292 2462 οὐκέτι

123 2503 169 2546 25
209 2499 408 2564 σαφῶς
445 2491 820 2565 ἑλληνίζοντες
857 2493 951 2546 διὰ
989 2497 1052 2546 τὸ
1092 2496 1150 2546 ἐν
1186 2499 1385 2562 μέσοις
1423 2497 1596 2548 οἰκεῖν
1633 2500 1754 2557 τοῖς
1791 2497 2101 2566 βαρβάροις
2139 2499 2292 2562 ὅμως

1 2580 302 2648 ξ(44οΜ)τήν
348 2595 408 2646 γε
438 2571 644 2631 Ἰλιάδα
693 2578 881 2648 ὀλίγου
931 2583 1140 2642 πάντες
1189 2580 1380 2631 ἴσασιν
1431 2582 1547 2632 ἀπὸ
1602 2583 1896 2647 στόματος.
1985 2581 2149 2633 εἶπον
2191 2581 2285 2632 οὖν
2311 2589 2373 2639 10

201 2660 575 2732 προσπαίζων
603 2667 748 2734 πρὸς
775 2666 958 2730 αὐτόν,
997 2667 1252 2736 Πότερόν
1285 2680 1377 2717 σοι
1405 2663 1572 2730 δοκεῖ,
1612 2665 1655 2716 ὦ
1683 2664 2092 2737 Καλλίστρατε,
2133 2668 2288 2732 ἀμεί-

199 2766 308 2799 νων
360 2752 601 2821 ποιητὴς
639 2744 882 2821 Ὅμηρος
928 2752 960 2821 ἢ
1004 2748 1361 2820 Φωκυλίδης,·
1406 2751 1500 2802 καὶ
1548 2751 1611 2812 ὃς
1657 2748 1899 2818 γελάσας
1947 2753 2086 2822 ἔφη,
2128 2743 2282 2802 Ἀλλ’

200 2831 326 2884 οὐδὲ
365 2836 680 2901 ἐπίσταμαι
718 2837 887 2904 ἔγωγε
913 2841 1015 2886 τοῦ
1040 2839 1230 2905 ἑτέρου
1258 2841 1505 2905 ποιητοῦ
1539 2837 1603 2886 τὸ
1637 2837 1828 2902 ὄνομα,
1870 2835 2029 2902 οἶμαι
2060 2834 2118 2886 δὲ
2144 2833 2286 2905 μηδὲ

123 2927 169 2970 ³0
205 2920 416 2971 τούτων
453 2918 679 2990 μηδένα.
757 2918 883 2972 οὐδὲ
920 2921 1023 2990 γὰρ
1061 2920 1354 2991 ἡγούμεθα
1391 2923 1554 2990 ἡμεῖς
1591 2917 1760 2971 ἄλλον
1798 2921 1924 2971 τινὰ
1973 2922 2214 2990 ποιητὴν
2252 2920 2284 2989 ἢ

187 2996 446 3073 Ὅμηρον.
531 3012 728 3056 τοῦτον
768 3003 826 3056 δὲ
878 3003 1072 3070 σχεδόν
1122 3022 1179 3056 τι
1228 3001 1354 3054 οὐδὲ
1394 3001 1563 3065 ἄλλος
1603 3002 1784 3066 οὐδεὶς
1822 3005 2026 3071 ἀγνοεῖ.
2111 3006 2285 3069 μόνου

198 3088 300 3154 γὰρ
335 3079 573 3158 Ὁμήρου
611 3092 1052 3160 μνημονεύουσιν
1095 3093 1151 3141 οἱ
1188 3091 1426 3158 ποιηταὶ
1465 3090 1646 3139 αὐτῶν
1695 3090 1753 3139 ἐν
1790 3092 1912 3150 τοῖς
1951 3090 2284 3159 ποιήμασιν,

343 3231 370 3270 4
399 3231 775 3286 βωρυσθενεῖται
805 3227 853 3271 Μ
881 3232 1233 3289 βωρυσθενῖται
1263 3226 1304 3274 U
1334 3239 1394 3272 m.
1424 3240 1493 3284 pr.
1640 3232 1664 3272 5
1697 3227 1887 3286 αἰσθῆτι
1918 3227 1969 3272 Μ
2089 3230 2115 3270 6
2145 3230 2285 3284 μελα-

200 3298 412 3355 γχμίνων
431 3297 480 3341 Μ
570 3301 620 3342 12
642 3295 714 3347 διὰ
737 3301 886 3345 ταῦτα
902 3294 953 3357 δὴ
976 3301 1126 3346 ταῦτα
1143 3298 1224 3343 UB
1327 3302 1379 3343 13
1410 3292 1671 3356 εὖδοκείμει
1691 3297 1740 3341 Μ
1830 3302 1881 3342 15
1911 3293 2022 3352 τοὺς
2050 3300 2157 3343 ante
2186 3300 2286 3344 τῶν

200 3380 287 3412 om·
321 3366 359 3411 T
477 3371 526 3411 17
559 3363 890 3423 ἀποδείξαιντο
912 3369 961 3414 Μ
1052 3373 1102 3414 19
1132 3374 1507 3429 βωρυσθενεῖται
1537 3369 1585 3413 Μ
1614 3373 1967 3429 βζωρυσθενῖται
1987 3369 2026 3414 U
2047 3382 2106 3414 m.
2126 3381 2195 3426 pr.

199 3442 246 3481 21
288 3431 452 3497 οἷχιλέα
483 3438 522 3481 Τ
694 3435 766 3486 διὰ
797 3438 951 3484 addidi
1114 3443 1167 3485 23
1195 3438 1377 3498 ἵδρυται
1409 3441 1489 3487 UT
1668 3445 1722 3486 25
1751 3442 1984 3502 καθαρῶς
2013 3439 2283 3485 Herwerden

197 3510 296 3562 (pro
329 3509 534 3564 σαφῶς),
575 3519 663 3562 quo
694 3519 786 3551 non
816 3519 930 3563 opus
1076 3511 1129 3552 26
1158 3505 1245 3566 τήν
1282 3524 1335 3555 τε
1365 3508 1413 3551 Μ
1557 3511 1612 3555 28
1643 3511 1933 3568 φωκυλλίδης
1965 3510 2004 3555 Τ
2148 3514 2202 3554 29
2234 3509 2284 3556 δὲ

195 3576 309 3636 μηδὲ
338 3600 390 3609 —-
413 3572 545 3636 ἡμεῖς
575 3590 661 3623 om.
683 3576 765 3623 UT
880 3580 929 3623 31
967 3572 1074 3626 οὐδὲ
1105 3575 1262 3626 ἄλλων
1293 3574 1442 3634 οὐδεὶς
1461 3580 1510 3624 Μ
1596 3577 1752 3638 μόνου
1779 3577 1875 3641 γὰρ
1898 3580 2105 3633 casaub„
2135 3578 2282 3637 μόνοι

195 3643 289 3707 γὰρ
317 3647 423 3692 libri
538 3651 590 3693 32
622 3644 852 3707 ποιήμασι
882 3648 959 3692 ΒΤ
1074 3649 1289 3695 fortasse:
1321 3650 1666 3710 μνημονεύουσι
1696 3655 1895 3698 πλεῖστα
1926 3655 2025 3699 τῶν
2053 3649 2118 3698 ἐν.
2176 3650 2282 3695 hinc

194 3718 491 3775 interpolator
519 3731 564 3776 p.
585 3722 628 3772 4,
651 3723 674 3763 5
695 3722 855 3776 posstas
874 3720 1100 3778 repetivit.
1151 3718 1307 3778 μόνου
1326 3721 1586 3782 -ἐλέγετο
1617 3721 1702 3769 del.
1725 3723 1869 3769 Bethe
1971 3720 2130 3770 αὐτῶν
2151 3720 2281 3767 UBM

198 3789 379 3836 ἑαυτῶν
408 3789 446 3833 Τ
1913 3852 1940 3881 *

1882 3856 1900 3895 1
