2684 4140
439 283 503 330 46
1105 262 1308 311 DIONIS
1337 259 1420 305 DE
1451 254 1798 303 CONCORDIA

435 427 633 479 νοῦσιν,
672 418 706 465 ἀ
732 408 786 465 δ’
820 415 886 463 ἄν
911 412 977 460 ἀν
1012 409 1084 477 μὴ
1124 404 1425 463 πείθωσιν,
1464 399 1716 464 εὔχονται
1752 399 1873 457 τοῖς
1909 395 2074 455 θεοῖς
2110 395 2253 461 ὑπὲρ
2294 392 2492 444 αὐτῶν.

430 503 653 565 εὔχομαι
691 493 753 564 δὴ
791 493 869 560 τῷ
906 508 964 542 τε
999 489 1255 552 Διονύσῳ
1296 483 1374 550 τῷ
1413 483 1739 550 προπάτορι
1777 476 1945 549 τῆσδε
1994 485 2092 547 τῆς
2141 474 2364 572 πόλεως
2399 478 2494 528 καὶ

421 578 679 650 Ἡρακλεῖ
703 576 782 644 τῷ
817 577 1068 626 κτίσαντι
1103 567 1263 640 τήνδε
1300 564 1397 636 τὴν
1435 563 1603 616 πόλιν
1639 566 1731 615 καὶ
1766 565 1868 614 Διὶ
1904 559 2118 613 Πολιεῖ
2145 563 2238 612 καὶ
2269 560 2488 630 Αθηνᾷ

420 667 509 716 καὶ
548 657 846 732 Ἀφροδίτῃ
887 655 1059 723 Φιλίᾳ
1106 655 1198 704 καὶ
1238 644 1500 718 Ὁμονοίᾳ
1546 651 1639 700 καὶ
1684 651 1930 713 Νεμέσει
1987 648 2081 697 καὶ
2117 649 2239 707 τοῖς
2289 643 2488 708 ἄλλοις

422 750 580 807 θεοῖς
615 746 728 794 ἀπὸ
767 740 932 813 τῆσδε
980 747 1077 809 τῆς
1121 741 1331 808 ἡμέρας
1375 732 1507 804 τῇδε
1561 741 1630 804 τῇ
1686 730 1853 783 πόλει
1901 732 2094 782 πόθον
2143 734 2343 800 ἑαυτῆς
2390 732 2484 796 ἐμ·
2521 739 2546 779 5

417 828 604 897 βαλεῖν
653 829 744 878 καὶ
797 827 974 895 ἔρωτα
1021 823 1113 873 καὶ
1169 822 1303 886 μίαν
1359 821 1579 888 γνώμην
1637 819 1731 868 καὶ
1789 817 1962 867 ταύτά
2023 812 2341 882 βούλεσθαι
2397 816 2492 866 καὶ

420 916 664 983 φρονεῖν,
716 912 909 961 στάσιν
961 906 1019 958 δὲ
1062 908 1154 957 καὶ
1191 903 1349 974 ἔριδα
1386 905 1480 955 καὶ
1519 901 1838 981 φιλονικίαν
1875 897 2158 967 ἐκβαλεῖν,
2210 901 2286 962 ὡς
2325 901 2392 951 ἂν
2431 901 2489 952 ἑν
2514 911 2595 953 (486
2614 912 2668 955 Μ)

415 1001 538 1057 ταῖς
575 993 1099 1059 εὐδαιμονεστάταις
1136 992 1228 1041 καὶ
1265 990 1526 1057 ἀρίσταις
1562 981 1594 1058 ᾖ
1637 985 1841 1038 πόλεσι
1879 988 1941 1037 τὸ
1983 983 2201 1037 λοιπόν.

414 1471 534 1536 (23)
558 1465 682 1534 EN
706 1465 871 1531 ΤΗΙ
896 1421 1754 1616 HATPIgM{}P31}32
1777 1464 2020 1531 ΠΡΟΣ
2052 1462 2487 1531 ΑΠΑΜΕΙΣ
2511 1480 2590 1522 <159
2607 1478 2683 1516 m:

351 1800 372 1847 1
554 1774 828 1844 Ἐνόμιζον
865 1782 992 1844 μέν,
1045 1776 1087 1827 ὦ
1128 1774 1326 1845 ἄνδρες
1364 1774 1627 1841 πολῖται,
1678 1785 1770 1828 νῦν
1808 1785 1966 1845 γοῦν,
2019 1780 2069 1829 εἰ
2104 1782 2198 1832 καὶ
2234 1782 2308 1850 μὴ
2356 1783 2496 1850 πρό-

416 1882 599 1935 τερον,
657 1862 808 1927 ἄξειν
863 1865 959 1933 τὴν
1017 1863 1245 1912 ἅπασαν
1299 1863 1560 1929 ἡσυχίαν,
1619 1860 1779 1933 δεῦρο
1836 1864 2206 1934 ἀφικόμενος,
2267 1867 2361 1916 καὶ
2414 1867 2488 1935 μὴ
2531 1871 2578 1914 10

418 1950 830 2021 προσάψεσθαι
893 1949 1028 2018 μήτε
1085 1948 1222 1998 ἑκὼν
1276 1949 1416 2017 μήτε
1479 1949 1627 1999 ἄκων
1692 1946 1932 2018 μηδενὸς
1985 1956 2179 2001 κοινοῦ
2233 1951 2492 2017 πράγμα-

417 2052 538 2098 τος,
600 2027 677 2085 δι’
730 2035 786 2084 ἓν
833 2035 932 2099 μὲν
983 2035 1069 2083 ὅτι
1115 2034 1208 2083 καὶ
1255 2030 1503 2094 πολλοὺς
1551 2034 1662 2103 ὁρῶ
1717 2036 1814 2084 σύν
1862 2038 1984 2095 τοῖς
2031 2035 2198 2096 θεοῖς
2245 2035 2334 2086 ἀεὶ
2383 2041 2494 2087 τῶν

422 2120 808 2189 πρεσβυτέρων
844 2120 936 2169 καὶ
972 2123 1080 2168 τῶν
1119 2122 1402 2187 νεωτέρων
1439 2115 1814 2186 βουλομένους
1849 2121 1942 2171 καὶ
1992 2107 2346 2186 δυναμένους
2368 2122 2495 2172 ἑπι-

424 2206 715 2272 τροπεύειν
753 2199 848 2272 τὴν
888 2200 1054 2253 πόλιν
1089 2205 1180 2254 καὶ
1219 2192 1617 2272 προΐστασθαι
1653 2210 1763 2255 τῶν
1801 2206 2080 2274 ὑμετέρων
2130 2205 2324 2274 ὀρθῶς
2368 2205 2494 2256 οὔτε
2603 2274 2614 2279 β

415 2295 515 2338 τοῦ
560 2286 733 2354 λέγειν
783 2289 905 2338 οὐτε
955 2294 1054 2338 τοῦ
1089 2290 1357 2357 πράττειν
1395 2286 1599 2351 ἐνδεῶς
1638 2290 1893 2354 ἔχοντας,
1943 2291 2028 2341 ἔτι
2079 2287 2137 2341 δὲ
2187 2297 2286 2359 τῆς
2340 2282 2483 2359 παρ’
2525 2299 2573 2341 15

416 2374 541 2436 ὑμῖν
571 2370 858 2434 πολιτείας
883 2374 1182 2442 ἐμπείρους
1210 2375 1389 2437 ὄντας,
1428 2376 1526 2440 ἐμὲ
1558 2372 1616 2425 δὲ
1645 2375 1985 2425 ὑπώπτευον
2003 2387 2013 2397 ·
2054 2376 2117 2426 τὸ
2144 2376 2247 2445 γὰρ
2276 2373 2492 2446 ἀληθὲς

349 2457 379 2506 2
419 2458 722 2526 εἰρήσεται·
759 2457 1107 2526 βαρύνεσθαί
1142 2476 1298 2520 τινας
1337 2461 1414 2520 ὡς
1453 2456 1607 2522 ξένον
1651 2461 1745 2510 καὶ
1770 2462 2060 2529 περιττόν·
2100 2462 2300 2512 ἔπειτα
2330 2460 2492 2527 οἶμαι

415 2542 506 2590 καὶ
542 2547 642 2591 τοῦ
679 2543 932 2606 σώματος
972 2540 1095 2593 δέον
1133 2545 1501 2613 ποιήσασθαί
1537 2562 1662 2595 τινα
1701 2547 2000 2614 πρόνοιαν,
2051 2547 2110 2596 ἐκ
2148 2543 2364 2617 πολλῆς
2398 2549 2493 2599 καὶ

420 2632 670 2689 συνεχοῦς
696 2624 1081 2696 ταλαιπωρίας
1107 2630 1496 2699 ἀπειρηκότος,
1519 2631 1613 2681 καὶ
1638 2636 1749 2680 τῶν
1777 2631 1908 2699 περὶ
1934 2626 2032 2700 τὴν
2060 2632 2259 2695 οἰκίαν,
2285 2629 2492 2702 κομιδῇ

420 2707 645 2778 φαύλως
672 2708 1044 2776 διακειμένων,
1078 2715 1112 2762 ἀ
1137 2720 1407 2765 τοσοῦτον
1434 2712 1774 2765 ἀπολωλότα
1797 2717 1998 2783 χρόνον
2027 2712 2288 2782 οὐδεμιᾶς
2314 2719 2486 2768 ἐπαν-
2523 2723 2574 2765 20

396 2792 719 2860 ὀρθώσεως
767 2799 1064 2867 τετύχηκεν.
1148 2801 1291 2849 ὅπου
1330 2801 1434 2868 γὰρ
1475 2797 1769 2869 ἀποδημία
1812 2797 2092 2850 δεσπότου
2124 2803 2493 2870 χρονίσαντος

423 2879 571 2948 ἱκανὴ
615 2877 951 2950 διαφθεῖραι
986 2885 1079 2934 καὶ
1115 2886 1214 2954 τὴν
1250 2886 1517 2954 μεγίστην
1568 2886 1793 2948 οὐσίαν,
1843 2885 1901 2935 τί
1931 2887 2033 2955 χρὴ
2076 2884 2395 2954 προσδοκᾶν
2434 2888 2492 2938 ἐν

420 2965 706 3025 τοσούτοις
743 2966 893 3017 ἔτεσι
932 2975 1135 3038 φυγῆς,·
1176 2970 1314 3020 ὅθεν
1354 2967 1536 3031 οὐδεὶς
1562 2971 1629 3020 ἀν
1657 2967 2076 3039 προσεδόκησεν
2103 2972 2199 3037 ἐμὲ
2231 2973 2493 3042 σωθῆναι
2524 2963 2526 2965 ’

418 3048 584 3112 χωρὶς
608 3050 757 3112 ὑμῶν
785 3044 860 3100 δι’
893 3053 1109 3114 εὐνοίας
1133 3052 1464 3124 ὑπερβολήν.
1526 3056 1713 3106 καίτοι
1738 3059 1901 3125 μέχρι
1926 3057 2027 3121 μὲν
2053 3057 2493 3126 ὑπῆρχε-πενίας

423 3126 669 3191 κίνδυνος
713 3135 869 3201 ἡμῖν,
917 3134 1072 3187 οὐδὲν
1109 3134 1174 3206 ἦν
1214 3135 1409 3199 δεινόν.
1498 3140 1560 3189 οὐ
1607 3141 1710 3209 γάρ
1751 3141 1868 3206 εἰμι
1907 3142 2051 3210 πρὸς
2089 3147 2254 3192 τοῦτο
2291 3139 2486 3207 ἀμελέ-
2524 3149 2573 3191 25

425 3227 587 3278 τητος
636 3212 850 3279 σχεδόν,
906 3227 1171 3272 τοσοῦτον
1215 3225 1415 3292 χρόνον
1464 3221 1782 3294 πλανηθεὶς
1832 3225 1893 3275 οὐ
1942 3227 2113 3290 μόνον
2163 3228 2356 3288 ἄοικος
2402 3228 2497 3278 καὶ

429 3293 707 3359 ἀνέστιος,
745 3294 881 3348 ἀλλὰ
919 3300 1054 3370 μηδὲ
1094 3304 1406 3359 ἀκόλουθον
1445 3311 1539 3360 ἕνα
1586 3317 1716 3377 γοῦν
1754 3312 2116 3378 ἐπαγόμενος.
2208 3313 2270 3362 οὐ
2308 3313 2495 3363 τοίνυν

434 3409 2356 3436 M

565 3472 591 3513 2
621 3466 677 3517 τὸ
709 3486 789 3529 pro
811 3477 879 3536 τῷ
897 3476 937 3521 U
956 3490 1012 3522 m.
1031 3492 1099 3535 pr.
1212 3487 1239 3528 4
1268 3479 1503 3546 ἀφροδίτη
1524 3489 1655 3552 φιλίᾳ
1674 3488 1863 3543 UBMT,
1895 3485 2009 3550 ἀφρ.
2028 3493 2109 3536 καὶ
2129 3491 2259 3554 φιλίᾳ
2278 3490 2409 3547 vulgo

427 3537 613 3594 νεμέσα
633 3541 671 3584 Τ
784 3547 808 3586 5
840 3542 1022 3600 ἑαυτοῖς
1040 3548 1078 3592 Τ
1192 3556 1217 3596 9
1246 3554 1332 3610 μὲν
1353 3569 1439 3603 om.
1463 3557 1580 3602 UBT
1698 3562 1750 3603 10
1781 3556 1901 3614 ἕξειν
1922 3561 1960 3605 Β
2059 3564 2108 3604 11
2141 3557 2495 3620 προσάψασθαι

426 3608 542 3664 libri,
572 3622 685 3658 corr.
715 3612 845 3670 Emp.
937 3619 985 3659 12
1016 3613 1067 3675 δὴ
1097 3631 1178 3675 pro
1209 3614 1284 3668 ἀεὶ
1312 3624 1362 3668 Μ
1451 3631 1501 3672 19
1533 3632 1781 3688 συνεχοῦσι
1801 3630 1850 3674 Μ
1939 3633 1987 3674 21
2021 3627 2353 3689 χρονήσαντος
2382 3631 2419 3674 Β

427 3680 479 3721 22
509 3681 589 3724 καὶ
618 3692 700 3726 om.
732 3682 780 3725 M
895 3688 947 3728 27
979 3680 1221 3744 ἀναίστιος
1249 3693 1296 3736 Μ
