<?xml version="1.0" encoding="UTF-8"?>
<!DOCTYPE html PUBLIC "-//W3C//DTD XHTML 1.0 Transitional//EN"
    "http://www.w3.org/TR/xhtml1/DTD/xhtml1-transitional.dtd">
<html xmlns="http://www.w3.org/1999/xhtml" xml:lang="en" lang="en">
 <head>
  <title>
</title>
<meta http-equiv="Content-Type" content="text/html;charset=utf-8" />
  <meta name='ocr-system' content='tesseract 3.04.00' />
  <meta name='ocr-capabilities' content='ocr_page ocr_carea ocr_par ocr_line ocrx_word'/>
</head>
<body>
  <div class='ocr_page' id='page_1' title='image "./dionisprusaensis02diocuoft_0386.png"; bbox 0 0 2684 4140; ppageno 0'>
   <div class='ocr_carea' id='block_1_1' title="bbox 417 270 520 319">
    <p class='ocr_par' dir='ltr' id='par_1_1' title="bbox 417 270 520 319">
     <span class='ocr_line' id='line_1_1' title="bbox 417 270 520 319; baseline 0 0"><span class='ocrx_word' id='word_1_1' title='bbox 417 270 520 319; x_wconf 82' lang='lat'><strong>368</strong></span> 
     </span>
    </p>
   </div>
   <div class='ocr_carea' id='block_1_2' title="bbox 470 405 1463 3795">
    <p class='ocr_par' dir='ltr' id='par_1_2' title="bbox 470 405 1463 3795">
     <span class='ocr_line' id='line_1_2' title="bbox 473 405 1453 469; baseline -0.008 -12"><span class='ocrx_word' id='word_1_2' title='bbox 473 412 554 457; x_wconf 80' lang='grc' dir='ltr'><strong>καὶ</strong></span> <span class='ocrx_word' id='word_1_3' title='bbox 570 407 896 469; x_wconf 78' lang='grc' dir='ltr'><em>προΐστασθαι</em></span> <span class='ocrx_word' id='word_1_4' title='bbox 912 408 1012 452; x_wconf 79' lang='grc' dir='ltr'><em>τῶν</em></span> <span class='ocrx_word' id='word_1_5' title='bbox 1026 409 1248 462; x_wconf 83' lang='grc' dir='ltr'><em>κοινῶν);</em></span> <span class='ocrx_word' id='word_1_6' title='bbox 1265 405 1453 450; x_wconf 87' lang='lat' dir='ltr'><strong>fuerunt</strong></span> 
     </span>
     <span class='ocr_line' id='line_1_3' title="bbox 473 476 1454 537; baseline -0.006 -11"><span class='ocrx_word' id='word_1_7' title='bbox 473 492 589 537; x_wconf 88' lang='lat' dir='ltr'><strong>quae</strong></span> <span class='ocrx_word' id='word_1_8' title='bbox 602 479 781 524; x_wconf 89' lang='lat' dir='ltr'><strong>Nervae</strong></span> <span class='ocrx_word' id='word_1_9' title='bbox 796 476 1058 534; x_wconf 89' lang='lat' dir='ltr'><strong>imperatori</strong></span> <span class='ocrx_word' id='word_1_10' title='bbox 1077 476 1250 533; x_wconf 78' lang='lat' dir='ltr'><strong>gratias</strong></span> <span class='ocrx_word' id='word_1_11' title='bbox 1267 479 1454 532; x_wconf 86' lang='lat' dir='ltr'><strong>agerent</strong></span> 
     </span>
     <span class='ocr_line' id='line_1_4' title="bbox 477 547 1451 607; baseline -0.002 -13"><span class='ocrx_word' id='word_1_12' title='bbox 477 554 665 607; x_wconf 87' lang='lat' dir='ltr'><strong>propter</strong></span> <span class='ocrx_word' id='word_1_13' title='bbox 693 548 854 592; x_wconf 90' lang='lat' dir='ltr'><strong>Dionis</strong></span> <span class='ocrx_word' id='word_1_14' title='bbox 883 547 1216 593; x_wconf 88' lang='lat' dir='ltr'><strong>restitutionem</strong></span> <span class='ocrx_word' id='word_1_15' title='bbox 1230 547 1277 592; x_wconf 94' lang='lat' dir='ltr'><strong>II</strong></span> <span class='ocrx_word' id='word_1_16' title='bbox 1293 550 1364 601; x_wconf 83' lang='lat'>68,</span> <span class='ocrx_word' id='word_1_17' title='bbox 1382 551 1451 592; x_wconf 82' lang='lat'><strong>21.</strong></span> 
     </span>
     <span class='ocr_line' id='line_1_5' title="bbox 480 610 1455 676; baseline -0.001 -11"><span class='ocrx_word' id='word_1_18' title='bbox 480 647 530 652; x_wconf 88' lang='lat'>—</span> <span class='ocrx_word' id='word_1_19' title='bbox 563 632 709 675; x_wconf 90' lang='lat' dir='ltr'><strong>neque</strong></span> <span class='ocrx_word' id='word_1_20' title='bbox 729 610 933 663; x_wconf 86' lang='lat' dir='ltr'><strong>Athenas</strong></span> <span class='ocrx_word' id='word_1_21' title='bbox 964 630 1109 675; x_wconf 89' lang='lat' dir='ltr'><strong>neque</strong></span> <span class='ocrx_word' id='word_1_22' title='bbox 1129 619 1276 674; x_wconf 84' lang='lat' dir='ltr'><strong>Argos</strong></span> <span class='ocrx_word' id='word_1_23' title='bbox 1306 630 1455 676; x_wconf 88' lang='lat' dir='ltr'><strong>neque</strong></span> 
     </span>
     <span class='ocr_line' id='line_1_6' title="bbox 473 689 1455 746; baseline -0.001 -11"><span class='ocrx_word' id='word_1_24' title='bbox 473 690 859 735; x_wconf 83' lang='lat' dir='ltr'>Lacedaemonem</span> <span class='ocrx_word' id='word_1_25' title='bbox 888 689 1082 746; x_wconf 85' lang='lat' dir='ltr'><strong>patriam</strong></span> <span class='ocrx_word' id='word_1_26' title='bbox 1120 690 1290 735; x_wconf 88' lang='lat' dir='ltr'><strong>habere</strong></span> <span class='ocrx_word' id='word_1_27' title='bbox 1327 689 1455 736; x_wconf 90' lang='lat' dir='ltr'><strong>malit</strong></span> 
     </span>
     <span class='ocr_line' id='line_1_7' title="bbox 480 759 1454 818; baseline 0.001 -13"><span class='ocrx_word' id='word_1_28' title='bbox 480 773 615 818; x_wconf 89' lang='lat' dir='ltr'><strong>quam</strong></span> <span class='ocrx_word' id='word_1_29' title='bbox 633 760 824 805; x_wconf 90' lang='lat' dir='ltr'><strong>Prusam</strong></span> <span class='ocrx_word' id='word_1_30' title='bbox 844 759 889 803; x_wconf 91' lang='grc' dir='ltr'><strong>ΙΙ</strong></span> <span class='ocrx_word' id='word_1_31' title='bbox 906 763 975 813; x_wconf 88' lang='grc'><strong>68,</strong></span> <span class='ocrx_word' id='word_1_32' title='bbox 997 762 1062 804; x_wconf 90' lang='grc'><strong>18.</strong></span> <span class='ocrx_word' id='word_1_33' title='bbox 1084 784 1141 793; x_wconf 91' lang='grc'>-</span> <span class='ocrx_word' id='word_1_34' title='bbox 1160 762 1330 806; x_wconf 90' lang='lat' dir='ltr'><strong>multae</strong></span> <span class='ocrx_word' id='word_1_35' title='bbox 1351 761 1454 806; x_wconf 86' lang='lat' dir='ltr'><strong>civi·</strong></span> 
     </span>
     <span class='ocr_line' id='line_1_8' title="bbox 475 829 1453 877; baseline 0.001 -1"><span class='ocrx_word' id='word_1_36' title='bbox 475 837 594 877; x_wconf 87' lang='lat' dir='ltr'><strong>tates</strong></span> <span class='ocrx_word' id='word_1_37' title='bbox 623 831 793 875; x_wconf 84' lang='lat' dir='ltr'>liberae</span> <span class='ocrx_word' id='word_1_38' title='bbox 822 829 959 875; x_wconf 90' lang='lat' dir='ltr'><strong>Dioni</strong></span> <span class='ocrx_word' id='word_1_39' title='bbox 998 831 1207 877; x_wconf 90' lang='lat' dir='ltr'><strong>restituto</strong></span> <span class='ocrx_word' id='word_1_40' title='bbox 1237 832 1309 877; x_wconf 91' lang='lat' dir='ltr'><strong>ius</strong></span> <span class='ocrx_word' id='word_1_41' title='bbox 1347 832 1453 877; x_wconf 86' lang='lat' dir='ltr'><strong>civi-</strong></span> 
     </span>
     <span class='ocr_line' id='line_1_9' title="bbox 470 895 1456 948; baseline 0.001 -1"><span class='ocrx_word' id='word_1_42' title='bbox 470 903 580 947; x_wconf 84' lang='lat' dir='ltr'><strong>tatis</strong></span> <span class='ocrx_word' id='word_1_43' title='bbox 596 895 862 947; x_wconf 87' lang='lat' dir='ltr'><strong>obtulerunt</strong></span> <span class='ocrx_word' id='word_1_44' title='bbox 877 907 922 946; x_wconf 90' lang='lat' dir='ltr'><strong>et</strong></span> <span class='ocrx_word' id='word_1_45' title='bbox 938 901 1213 948; x_wconf 89' lang='lat' dir='ltr'><strong>senatorium</strong></span> <span class='ocrx_word' id='word_1_46' title='bbox 1229 915 1393 948; x_wconf 90' lang='lat' dir='ltr'><strong>munus</strong></span> <span class='ocrx_word' id='word_1_47' title='bbox 1410 907 1456 948; x_wconf 92' lang='lat' dir='ltr'><strong>et</strong></span> 
     </span>
     <span class='ocr_line' id='line_1_10' title="bbox 472 972 1454 1030; baseline 0.002 -13"><span class='ocrx_word' id='word_1_48' title='bbox 472 975 585 1019; x_wconf 90' lang='lat' dir='ltr'><strong>alios</strong></span> <span class='ocrx_word' id='word_1_49' title='bbox 605 973 801 1018; x_wconf 82' lang='lat' dir='ltr'>honores</span> <span class='ocrx_word' id='word_1_50' title='bbox 826 972 872 1016; x_wconf 90' lang='lat'><strong>11</strong></span> <span class='ocrx_word' id='word_1_51' title='bbox 889 977 958 1026; x_wconf 87' lang='grc'><strong>58,</strong></span> <span class='ocrx_word' id='word_1_52' title='bbox 975 976 1015 1016; x_wconf 89' lang='grc'><strong>2.</strong></span> <span class='ocrx_word' id='word_1_53' title='bbox 1032 997 1089 1006; x_wconf 89' lang='lat'><strong>--</strong></span> <span class='ocrx_word' id='word_1_54' title='bbox 1105 973 1384 1030; x_wconf 89' lang='lat' dir='ltr'><strong>Apamens</strong></span> <span class='ocrx_word' id='word_1_55' title='bbox 1397 985 1454 1019; x_wconf 90' lang='lat' dir='ltr'><strong>es</strong></span> 
     </span>
     <span class='ocr_line' id='line_1_11' title="bbox 475 1037 1455 1104; baseline 0.003 -16"><span class='ocrx_word' id='word_1_56' title='bbox 475 1045 517 1089; x_wconf 91' lang='lat' dir='ltr'><strong>ei</strong></span> <span class='ocrx_word' id='word_1_57' title='bbox 548 1041 770 1104; x_wconf 82' lang='grc' dir='ltr'><em>ψήφισμα</em></span> <span class='ocrx_word' id='word_1_58' title='bbox 801 1041 1026 1103; x_wconf 77' lang='grc' dir='ltr'><em>ἔπεμψαν</em></span> <span class='ocrx_word' id='word_1_59' title='bbox 1056 1038 1200 1098; x_wconf 79' lang='grc' dir='ltr'><em>εὐθὺς</em></span> <span class='ocrx_word' id='word_1_60' title='bbox 1239 1041 1292 1090; x_wconf 81' lang='grc' dir='ltr'><strong>ἐν</strong></span> <span class='ocrx_word' id='word_1_61' title='bbox 1329 1037 1455 1104; x_wconf 73' lang='grc' dir='ltr'><em>ἀρχῇ</em></span> 
     </span>
     <span class='ocr_line' id='line_1_12' title="bbox 473 1113 1454 1174; baseline 0.001 -13"><span class='ocrx_word' id='word_1_62' title='bbox 473 1113 915 1174; x_wconf 79' lang='grc' dir='ltr'><em>φιλοφρονούμενοι</em></span> <span class='ocrx_word' id='word_1_63' title='bbox 944 1117 1026 1161; x_wconf 80' lang='grc' dir='ltr'><strong>καὶ</strong></span> <span class='ocrx_word' id='word_1_64' title='bbox 1057 1117 1454 1173; x_wconf 84' lang='grc' dir='ltr'><em>παρακαλοῦντες</em></span> 
     </span>
     <span class='ocr_line' id='line_1_13' title="bbox 475 1181 1454 1245; baseline -0.001 -12"><span class='ocrx_word' id='word_1_65' title='bbox 475 1181 752 1245; x_wconf 71' lang='grc' dir='ltr'><em>ἀφικέσθαι,</em></span> <span class='ocrx_word' id='word_1_66' title='bbox 768 1186 847 1230; x_wconf 91' lang='lat' dir='ltr'><strong>sed</strong></span> <span class='ocrx_word' id='word_1_67' title='bbox 859 1190 1047 1244; x_wconf 86' lang='lat' dir='ltr'><strong>propter</strong></span> <span class='ocrx_word' id='word_1_68' title='bbox 1061 1186 1321 1231; x_wconf 83' lang='lat' dir='ltr'><strong>inimicitias</strong></span> <span class='ocrx_word' id='word_1_69' title='bbox 1341 1199 1454 1244; x_wconf 87' lang='lat' dir='ltr'><strong>quas</strong></span> 
     </span>
     <span class='ocr_line' id='line_1_14' title="bbox 473 1257 1456 1311; baseline -0.001 -8"><span class='ocrx_word' id='word_1_70' title='bbox 473 1271 575 1303; x_wconf 89' lang='lat' dir='ltr'><strong>cum</strong></span> <span class='ocrx_word' id='word_1_71' title='bbox 596 1258 927 1303; x_wconf 90' lang='lat' dir='ltr'><strong>Prusaensibus</strong></span> <span class='ocrx_word' id='word_1_72' title='bbox 957 1257 1201 1311; x_wconf 88' lang='lat' dir='ltr'><strong>habebant,</strong></span> <span class='ocrx_word' id='word_1_73' title='bbox 1230 1257 1286 1302; x_wconf 93' lang='lat' dir='ltr'><strong>iis</strong></span> <span class='ocrx_word' id='word_1_74' title='bbox 1307 1257 1456 1302; x_wconf 90' lang='lat' dir='ltr'><strong>noluit</strong></span> 
     </span>
     <span class='ocr_line' id='line_1_15' title="bbox 476 1327 1455 1385; baseline -0.001 -11"><span class='ocrx_word' id='word_1_75' title='bbox 476 1329 666 1385; x_wconf 90' lang='lat' dir='ltr'><strong>obsequi</strong></span> <span class='ocrx_word' id='word_1_76' title='bbox 696 1329 739 1373; x_wconf 91' lang='lat'><strong>11</strong></span> <span class='ocrx_word' id='word_1_77' title='bbox 772 1332 840 1382; x_wconf 85' lang='lat'>50,</span> <span class='ocrx_word' id='word_1_78' title='bbox 877 1332 927 1372; x_wconf 87' lang='lat'><strong>18</strong></span> <span class='ocrx_word' id='word_1_79' title='bbox 967 1327 1087 1385; x_wconf 92' lang='lat' dir='ltr'><strong>quod</strong></span> <span class='ocrx_word' id='word_1_80' title='bbox 1127 1328 1193 1373; x_wconf 91' lang='lat' dir='ltr'><strong>illi</strong></span> <span class='ocrx_word' id='word_1_81' title='bbox 1224 1340 1356 1385; x_wconf 87' lang='lat' dir='ltr'>aegre</span> <span class='ocrx_word' id='word_1_82' title='bbox 1386 1332 1455 1373; x_wconf 89' lang='lat' dir='ltr'><strong>tu-</strong></span> 
     </span>
     <span class='ocr_line' id='line_1_16' title="bbox 472 1399 1454 1451; baseline -0.002 -7"><span class='ocrx_word' id='word_1_83' title='bbox 472 1400 626 1445; x_wconf 89' lang='lat' dir='ltr'><strong>lerunt</strong></span> <span class='ocrx_word' id='word_1_84' title='bbox 665 1399 775 1445; x_wconf 89' lang='lat' dir='ltr'><strong>ibid.</strong></span> <span class='ocrx_word' id='word_1_85' title='bbox 807 1404 863 1444; x_wconf 82' lang='lat'><strong>24</strong></span> <span class='ocrx_word' id='word_1_86' title='bbox 895 1400 953 1444; x_wconf 89' lang='lat' dir='ltr'><strong>cf.</strong></span> <span class='ocrx_word' id='word_1_87' title='bbox 985 1399 1031 1443; x_wconf 94' lang='lat' dir='ltr'><strong>II</strong></span> <span class='ocrx_word' id='word_1_88' title='bbox 1063 1403 1134 1451; x_wconf 87' lang='lat'>57,</span> <span class='ocrx_word' id='word_1_89' title='bbox 1163 1403 1232 1445; x_wconf 89' lang='grc'><strong>23.</strong></span> <span class='ocrx_word' id='word_1_90' title='bbox 1262 1424 1318 1432; x_wconf 90' lang='grc'>-</span> <span class='ocrx_word' id='word_1_91' title='bbox 1350 1399 1454 1444; x_wconf 88' lang='lat' dir='ltr'><strong>civi-</strong></span> 
     </span>
     <span class='ocr_line' id='line_1_17' title="bbox 474 1463 1454 1528; baseline -0.001 -14"><span class='ocrx_word' id='word_1_92' title='bbox 474 1474 616 1515; x_wconf 91' lang='lat' dir='ltr'><strong>tatem</strong></span> <span class='ocrx_word' id='word_1_93' title='bbox 642 1470 812 1528; x_wconf 87' lang='lat' dir='ltr'><strong>accipit</strong></span> <span class='ocrx_word' id='word_1_94' title='bbox 827 1463 1223 1515; x_wconf 82' lang='lat' dir='ltr'><strong>Nicomedensium</strong></span> <span class='ocrx_word' id='word_1_95' title='bbox 1238 1470 1282 1514; x_wconf 92' lang='lat'><strong>11</strong></span> <span class='ocrx_word' id='word_1_96' title='bbox 1300 1472 1367 1524; x_wconf 96' lang='grc'><strong>29,</strong></span> <span class='ocrx_word' id='word_1_97' title='bbox 1389 1473 1454 1514; x_wconf 87' lang='grc'><strong>12.</strong></span> 
     </span>
     <span class='ocr_line' id='line_1_18' title="bbox 477 1540 1458 1598; baseline -0.001 -13"><span class='ocrx_word' id='word_1_98' title='bbox 477 1541 733 1586; x_wconf 88' lang='lat' dir='ltr'><strong>valetudine</strong></span> <span class='ocrx_word' id='word_1_99' title='bbox 789 1541 1032 1598; x_wconf 80' lang='lat' dir='ltr'><strong>im&#39;peditus</strong></span> <span class='ocrx_word' id='word_1_100' title='bbox 1078 1540 1290 1586; x_wconf 89' lang='lat' dir='ltr'><strong>brevibus</strong></span> <span class='ocrx_word' id='word_1_101' title='bbox 1336 1541 1458 1597; x_wconf 91' lang='lat' dir='ltr'><strong>apud</strong></span> 
     </span>
     <span class='ocr_line' id='line_1_19' title="bbox 475 1611 1455 1665; baseline -0.002 -9"><span class='ocrx_word' id='word_1_102' title='bbox 475 1612 750 1657; x_wconf 85' lang='lat' dir='ltr'><strong>Nicaeenses</strong></span> <span class='ocrx_word' id='word_1_103' title='bbox 768 1612 1018 1656; x_wconf 88' lang='lat' dir='ltr'><strong>orationem</strong></span> <span class='ocrx_word' id='word_1_104' title='bbox 1034 1611 1226 1656; x_wconf 84' lang='lat' dir='ltr'><strong>absolvit</strong></span> <span class='ocrx_word' id='word_1_105' title='bbox 1240 1611 1286 1655; x_wconf 94' lang='lat' dir='ltr'><strong>II</strong></span> <span class='ocrx_word' id='word_1_106' title='bbox 1305 1615 1372 1665; x_wconf 82' lang='grc'><strong>45,</strong></span> <span class='ocrx_word' id='word_1_107' title='bbox 1386 1614 1455 1655; x_wconf 93' lang='grc'><strong>24.</strong></span> 
     </span>
     <span class='ocr_line' id='line_1_20' title="bbox 476 1682 1459 1727; baseline -0.001 0"><span class='ocrx_word' id='word_1_108' title='bbox 476 1707 532 1715; x_wconf 88' lang='grc'><strong>-</strong></span> <span class='ocrx_word' id='word_1_109' title='bbox 565 1683 815 1727; x_wconf 91' lang='lat' dir='ltr'><strong>orationem</strong></span> <span class='ocrx_word' id='word_1_110' title='bbox 855 1682 965 1726; x_wconf 91' lang='lat' dir='ltr'><strong>XLI</strong></span> <span class='ocrx_word' id='word_1_111' title='bbox 1004 1682 1164 1726; x_wconf 87' lang='lat' dir='ltr'><strong>habuit</strong></span> <span class='ocrx_word' id='word_1_112' title='bbox 1202 1682 1250 1726; x_wconf 93' lang='lat' dir='ltr'><strong>in</strong></span> <span class='ocrx_word' id='word_1_113' title='bbox 1295 1684 1459 1727; x_wconf 84' lang='lat' dir='ltr'><strong>senatu</strong></span> 
     </span>
     <span class='ocr_line' id='line_1_21' title="bbox 478 1752 1457 1810; baseline -0.001 -13"><span class='ocrx_word' id='word_1_114' title='bbox 478 1753 828 1810; x_wconf 90' lang='lat' dir='ltr'><strong>Apamensium,</strong></span> <span class='ocrx_word' id='word_1_115' title='bbox 859 1753 1022 1798; x_wconf 88' lang='lat' dir='ltr'><strong>ceteris</strong></span> <span class='ocrx_word' id='word_1_116' title='bbox 1055 1752 1348 1809; x_wconf 83' lang='lat' dir='ltr'><strong>optimatibus</strong></span> <span class='ocrx_word' id='word_1_117' title='bbox 1378 1753 1457 1797; x_wconf 91' lang='lat' dir='ltr'><strong>ad-</strong></span> 
     </span>
     <span class='ocr_line' id='line_1_22' title="bbox 475 1823 1456 1878; baseline -0.001 -10"><span class='ocrx_word' id='word_1_118' title='bbox 475 1824 626 1869; x_wconf 87' lang='lat' dir='ltr'><strong>missis</strong></span> <span class='ocrx_word' id='word_1_119' title='bbox 656 1824 702 1868; x_wconf 91' lang='lat'><strong>11</strong></span> <span class='ocrx_word' id='word_1_120' title='bbox 734 1828 803 1878; x_wconf 88' lang='lat'>57,</span> <span class='ocrx_word' id='word_1_121' title='bbox 839 1827 903 1868; x_wconf 93' lang='lat'><strong>19.</strong></span> <span class='ocrx_word' id='word_1_122' title='bbox 947 1849 1001 1855; x_wconf 89' lang='lat'><strong>-—</strong></span> <span class='ocrx_word' id='word_1_123' title='bbox 1042 1823 1097 1868; x_wconf 92' lang='lat' dir='ltr'><strong>de</strong></span> <span class='ocrx_word' id='word_1_124' title='bbox 1137 1823 1456 1868; x_wconf 86' lang='lat' dir='ltr'><strong>Prusaensium</strong></span> 
     </span>
     <span class='ocr_line' id='line_1_23' title="bbox 481 1893 1457 1951; baseline -0.001 -12"><span class='ocrx_word' id='word_1_125' title='bbox 481 1908 582 1940; x_wconf 91' lang='lat' dir='ltr'><strong>cum</strong></span> <span class='ocrx_word' id='word_1_126' title='bbox 613 1894 949 1951; x_wconf 86' lang='lat' dir='ltr'><strong>Apamensibus</strong></span> <span class='ocrx_word' id='word_1_127' title='bbox 979 1893 1059 1939; x_wconf 91' lang='lat' dir='ltr'><strong>lite</strong></span> <span class='ocrx_word' id='word_1_128' title='bbox 1088 1893 1235 1939; x_wconf 88' lang='lat' dir='ltr'><strong>noluit</strong></span> <span class='ocrx_word' id='word_1_129' title='bbox 1264 1894 1457 1951; x_wconf 88' lang='lat' dir='ltr'><strong>impera·</strong></span> 
     </span>
     <span class='ocr_line' id='line_1_24' title="bbox 477 1965 1462 2023; baseline 0 -13"><span class='ocrx_word' id='word_1_130' title='bbox 477 1970 621 2010; x_wconf 91' lang='lat' dir='ltr'><strong>torem</strong></span> <span class='ocrx_word' id='word_1_131' title='bbox 652 1966 793 2019; x_wconf 88' lang='lat' dir='ltr'><strong>adire,</strong></span> <span class='ocrx_word' id='word_1_132' title='bbox 823 1979 914 2011; x_wconf 91' lang='lat' dir='ltr'><strong>non</strong></span> <span class='ocrx_word' id='word_1_133' title='bbox 945 1965 1065 2023; x_wconf 88' lang='lat' dir='ltr'><strong>quod</strong></span> <span class='ocrx_word' id='word_1_134' title='bbox 1095 1965 1332 2010; x_wconf 90' lang='lat' dir='ltr'><strong>molestum</strong></span> <span class='ocrx_word' id='word_1_135' title='bbox 1364 1968 1462 2010; x_wconf 85' lang='lat' dir='ltr'><strong>erat</strong></span> 
     </span>
     <span class='ocr_line' id='line_1_25' title="bbox 482 2036 1459 2094; baseline -0.001 -13"><span class='ocrx_word' id='word_1_136' title='bbox 482 2036 671 2081; x_wconf 86' lang='lat' dir='ltr'><strong>Romam</strong></span> <span class='ocrx_word' id='word_1_137' title='bbox 711 2036 954 2093; x_wconf 87' lang='lat' dir='ltr'><strong>proficisci,</strong></span> <span class='ocrx_word' id='word_1_138' title='bbox 989 2036 1068 2081; x_wconf 88' lang='lat' dir='ltr'><strong>sed</strong></span> <span class='ocrx_word' id='word_1_139' title='bbox 1088 2040 1276 2094; x_wconf 89' lang='lat' dir='ltr'><strong>propter</strong></span> <span class='ocrx_word' id='word_1_140' title='bbox 1306 2036 1459 2080; x_wconf 86' lang='lat' dir='ltr'><strong>amici·</strong></span> 
     </span>
     <span class='ocr_line' id='line_1_26' title="bbox 483 2102 1458 2165; baseline -0.001 -13"><span class='ocrx_word' id='word_1_141' title='bbox 483 2102 593 2152; x_wconf 82' lang='lat' dir='ltr'><strong>tiam</strong></span> <span class='ocrx_word' id='word_1_142' title='bbox 624 2107 948 2165; x_wconf 89' lang='lat' dir='ltr'><strong>Apamensium</strong></span> <span class='ocrx_word' id='word_1_143' title='bbox 986 2107 1033 2152; x_wconf 91' lang='lat'><strong>11</strong></span> <span class='ocrx_word' id='word_1_144' title='bbox 1063 2111 1132 2163; x_wconf 86' lang='lat'>59,</span> <span class='ocrx_word' id='word_1_145' title='bbox 1169 2111 1233 2152; x_wconf 85' lang='lat'><strong>14.</strong></span> <span class='ocrx_word' id='word_1_146' title='bbox 1265 2132 1321 2139; x_wconf 89' lang='lat'>—</span> <span class='ocrx_word' id='word_1_147' title='bbox 1351 2120 1458 2153; x_wconf 85' lang='lat' dir='ltr'><strong>con-</strong></span> 
     </span>
     <span class='ocr_line' id='line_1_27' title="bbox 483 2178 1461 2235; baseline -0.001 -11"><span class='ocrx_word' id='word_1_148' title='bbox 483 2178 681 2224; x_wconf 85' lang='lat' dir='ltr'><strong>cordiam</strong></span> <span class='ocrx_word' id='word_1_149' title='bbox 704 2192 806 2223; x_wconf 86' lang='lat' dir='ltr'><strong>eum</strong></span> <span class='ocrx_word' id='word_1_150' title='bbox 823 2179 1155 2235; x_wconf 85' lang='lat' dir='ltr'><strong>Apamensibus</strong></span> <span class='ocrx_word' id='word_1_151' title='bbox 1176 2178 1348 2232; x_wconf 85' lang='lat' dir='ltr'><strong>suadet,</strong></span> <span class='ocrx_word' id='word_1_152' title='bbox 1367 2192 1461 2223; x_wconf 90' lang='lat' dir='ltr'><strong>non</strong></span> 
     </span>
     <span class='ocr_line' id='line_1_28' title="bbox 484 2244 1460 2309; baseline 0 -14"><span class='ocrx_word' id='word_1_153' title='bbox 484 2245 679 2308; x_wconf 76' lang='grc' dir='ltr'><em>ὄχλησίν</em></span> <span class='ocrx_word' id='word_1_154' title='bbox 710 2267 814 2296; x_wconf 85' lang='grc' dir='ltr'><em>τινα</em></span> <span class='ocrx_word' id='word_1_155' title='bbox 848 2244 1007 2296; x_wconf 84' lang='grc' dir='ltr'><em>ὀκνῶν</em></span> <span class='ocrx_word' id='word_1_156' title='bbox 1036 2246 1065 2309; x_wconf 81' lang='grc' dir='ltr'><strong><em>ἦ</em></strong></span> <span class='ocrx_word' id='word_1_157' title='bbox 1087 2247 1300 2308; x_wconf 75' lang='grc' dir='ltr'><em>δαπάνην</em></span> <span class='ocrx_word' id='word_1_158' title='bbox 1320 2249 1460 2306; x_wconf 82' lang='grc' dir='ltr'><em>ἐμαυ-</em></span> 
     </span>
     <span class='ocr_line' id='line_1_29' title="bbox 477 2312 1461 2379; baseline 0 -13"><span class='ocrx_word' id='word_1_159' title='bbox 477 2323 566 2366; x_wconf 85' lang='grc' dir='ltr'><strong>τοῦ</strong></span> <span class='ocrx_word' id='word_1_160' title='bbox 605 2346 660 2351; x_wconf 91' lang='grc'><strong>-</strong></span> <span class='ocrx_word' id='word_1_161' title='bbox 701 2312 778 2366; x_wconf 71' lang='grc' dir='ltr'><em>ὅτι</em></span> <span class='ocrx_word' id='word_1_162' title='bbox 815 2316 911 2379; x_wconf 77' lang='grc' dir='ltr'><strong>γάρ</strong></span> <span class='ocrx_word' id='word_1_163' title='bbox 952 2337 1011 2377; x_wconf 87' lang='grc' dir='ltr'><strong>με</strong></span> <span class='ocrx_word' id='word_1_164' title='bbox 1053 2315 1140 2366; x_wconf 77' lang='grc' dir='ltr'><strong>οὐκ</strong></span> <span class='ocrx_word' id='word_1_165' title='bbox 1176 2317 1461 2379; x_wconf 81' lang='grc' dir='ltr'><em>ἐνοχλήσετε</em></span> 
     </span>
     <span class='ocr_line' id='line_1_30' title="bbox 480 2385 1458 2450; baseline 0.003 -14"><span class='ocrx_word' id='word_1_166' title='bbox 480 2388 542 2449; x_wconf 80' lang='grc' dir='ltr'><strong>μὴ</strong></span> <span class='ocrx_word' id='word_1_167' title='bbox 575 2390 881 2450; x_wconf 84' lang='grc' dir='ltr'><em>βουλόμενον</em></span> <span class='ocrx_word' id='word_1_168' title='bbox 912 2387 1020 2437; x_wconf 76' lang='grc' dir='ltr'><em>οὐδὲ</em></span> <span class='ocrx_word' id='word_1_169' title='bbox 1057 2387 1306 2438; x_wconf 77' lang='grc' dir='ltr'><em>κελεύσετε</em></span> <span class='ocrx_word' id='word_1_170' title='bbox 1338 2385 1458 2439; x_wconf 80' lang='grc' dir='ltr'><em>οἷπο-</em></span> 
     </span>
     <span class='ocr_line' id='line_1_31' title="bbox 478 2461 1461 2520; baseline -0.001 -12"><span class='ocrx_word' id='word_1_171' title='bbox 478 2465 640 2520; x_wconf 87' lang='grc' dir='ltr'><em>δημεῖν</em></span> <span class='ocrx_word' id='word_1_172' title='bbox 659 2461 865 2516; x_wconf 88' lang='lat' dir='ltr'><strong>(Romam</strong></span> <span class='ocrx_word' id='word_1_173' title='bbox 886 2461 1016 2506; x_wconf 88' lang='lat' dir='ltr'><strong>videl.</strong></span> <span class='ocrx_word' id='word_1_174' title='bbox 1041 2462 1100 2506; x_wconf 88' lang='lat' dir='ltr'><strong>ad</strong></span> <span class='ocrx_word' id='word_1_175' title='bbox 1129 2461 1461 2518; x_wconf 89' lang='lat' dir='ltr'><strong>imperatorem)</strong></span> 
     </span>
     <span class='ocr_line' id='line_1_32' title="bbox 481 2531 1460 2589; baseline 0 -11"><span class='ocrx_word' id='word_1_176' title='bbox 481 2558 536 2565; x_wconf 91' lang='lat'>—</span> <span class='ocrx_word' id='word_1_177' title='bbox 567 2531 825 2589; x_wconf 82' lang='grc' dir='ltr'><em>ἐπίσταμαι</em></span> <span class='ocrx_word' id='word_1_178' title='bbox 855 2532 901 2576; x_wconf 93' lang='lat' dir='ltr'><strong>II</strong></span> <span class='ocrx_word' id='word_1_179' title='bbox 932 2536 1003 2587; x_wconf 83' lang='lat'>52,</span> <span class='ocrx_word' id='word_1_180' title='bbox 1026 2536 1094 2578; x_wconf 86' lang='lat'><strong>30.</strong></span> <span class='ocrx_word' id='word_1_181' title='bbox 1127 2559 1181 2565; x_wconf 93' lang='lat'><strong>—</strong></span> <span class='ocrx_word' id='word_1_182' title='bbox 1215 2547 1315 2577; x_wconf 91' lang='lat' dir='ltr'><strong>cum</strong></span> <span class='ocrx_word' id='word_1_183' title='bbox 1346 2534 1460 2578; x_wconf 87' lang='lat' dir='ltr'><strong>alius</strong></span> 
     </span>
     <span class='ocr_line' id='line_1_33' title="bbox 477 2603 1462 2659; baseline 0.001 -12"><span class='ocrx_word' id='word_1_184' title='bbox 477 2603 579 2659; x_wconf 89' lang='lat' dir='ltr'><strong>quis</strong></span> <span class='ocrx_word' id='word_1_185' title='bbox 609 2603 886 2659; x_wconf 85' lang='lat' dir='ltr'><strong>rogationem</strong></span> <span class='ocrx_word' id='word_1_186' title='bbox 917 2603 1096 2648; x_wconf 88' lang='lat' dir='ltr'><strong>tulisset</strong></span> <span class='ocrx_word' id='word_1_187' title='bbox 1135 2604 1189 2649; x_wconf 91' lang='lat' dir='ltr'><strong>de</strong></span> <span class='ocrx_word' id='word_1_188' title='bbox 1221 2605 1462 2648; x_wconf 90' lang='lat' dir='ltr'><strong>concordia</strong></span> 
     </span>
     <span class='ocr_line' id='line_1_34' title="bbox 479 2674 1462 2731; baseline -0.002 -11"><span class='ocrx_word' id='word_1_189' title='bbox 479 2689 582 2720; x_wconf 89' lang='lat' dir='ltr'><strong>cum</strong></span> <span class='ocrx_word' id='word_1_190' title='bbox 636 2674 973 2731; x_wconf 87' lang='lat' dir='ltr'><strong>Apamensibus</strong></span> <span class='ocrx_word' id='word_1_191' title='bbox 1029 2674 1366 2719; x_wconf 90' lang='lat' dir='ltr'><strong>reconcilianda</strong></span> <span class='ocrx_word' id='word_1_192' title='bbox 1417 2677 1462 2718; x_wconf 94' lang='lat' dir='ltr'><strong>et</strong></span> 
     </span>
     <span class='ocr_line' id='line_1_35' title="bbox 482 2745 1458 2802; baseline 0.001 -13"><span class='ocrx_word' id='word_1_193' title='bbox 482 2747 769 2802; x_wconf 83' lang='lat' dir='ltr'><strong>magistratus</strong></span> <span class='ocrx_word' id='word_1_194' title='bbox 782 2745 838 2790; x_wconf 93' lang='lat' dir='ltr'><strong>de</strong></span> <span class='ocrx_word' id='word_1_195' title='bbox 853 2746 940 2790; x_wconf 89' lang='lat' dir='ltr'><strong>hac</strong></span> <span class='ocrx_word' id='word_1_196' title='bbox 951 2745 1185 2800; x_wconf 85' lang='lat' dir='ltr'><strong>rogatione</strong></span> <span class='ocrx_word' id='word_1_197' title='bbox 1197 2745 1458 2800; x_wconf 85' lang='lat' dir='ltr'><strong>rettulisset,</strong></span> 
     </span>
     <span class='ocr_line' id='line_1_36' title="bbox 483 2816 1460 2871; baseline -0.001 -10"><span class='ocrx_word' id='word_1_198' title='bbox 483 2817 570 2862; x_wconf 92' lang='lat' dir='ltr'><strong>Dio</strong></span> <span class='ocrx_word' id='word_1_199' title='bbox 590 2816 838 2861; x_wconf 86' lang='lat' dir='ltr'><strong>orationem</strong></span> <span class='ocrx_word' id='word_1_200' title='bbox 854 2816 1014 2861; x_wconf 89' lang='lat' dir='ltr'><strong>habuit</strong></span> <span class='ocrx_word' id='word_1_201' title='bbox 1028 2816 1125 2871; x_wconf 91' lang='lat' dir='ltr'><strong>XL,</strong></span> <span class='ocrx_word' id='word_1_202' title='bbox 1147 2821 1199 2860; x_wconf 93' lang='lat' dir='ltr'><strong>ut</strong></span> <span class='ocrx_word' id='word_1_203' title='bbox 1219 2829 1318 2861; x_wconf 90' lang='lat' dir='ltr'><strong>eam</strong></span> <span class='ocrx_word' id='word_1_204' title='bbox 1339 2829 1460 2860; x_wconf 93' lang='lat' dir='ltr'><strong>com-</strong></span> 
     </span>
     <span class='ocr_line' id='line_1_37' title="bbox 485 2886 1459 2944; baseline 0.001 -14"><span class='ocrx_word' id='word_1_205' title='bbox 485 2887 717 2932; x_wconf 88' lang='lat' dir='ltr'><strong>mendaret</strong></span> <span class='ocrx_word' id='word_1_206' title='bbox 738 2886 923 2941; x_wconf 89' lang='lat' dir='ltr'><strong>civibus,</strong></span> <span class='ocrx_word' id='word_1_207' title='bbox 957 2900 1059 2931; x_wconf 91' lang='lat' dir='ltr'><strong>cum</strong></span> <span class='ocrx_word' id='word_1_208' title='bbox 1079 2887 1167 2930; x_wconf 91' lang='lat' dir='ltr'><strong>iam</strong></span> <span class='ocrx_word' id='word_1_209' title='bbox 1189 2899 1308 2930; x_wconf 89' lang='lat' dir='ltr'><strong>anno</strong></span> <span class='ocrx_word' id='word_1_210' title='bbox 1329 2899 1459 2944; x_wconf 84' lang='lat' dir='ltr'><strong>prae-</strong></span> 
     </span>
     <span class='ocr_line' id='line_1_38' title="bbox 487 2956 1462 3015; baseline -0.001 -13"><span class='ocrx_word' id='word_1_211' title='bbox 487 2958 675 3002; x_wconf 84' lang='lat' dir='ltr'><strong>cedente</strong></span> <span class='ocrx_word' id='word_1_212' title='bbox 719 2957 1040 3015; x_wconf 90' lang='lat' dir='ltr'><strong>Apamensium</strong></span> <span class='ocrx_word' id='word_1_213' title='bbox 1078 2956 1368 3013; x_wconf 82' lang='lat' dir='ltr'><strong>magistratus</strong></span> <span class='ocrx_word' id='word_1_214' title='bbox 1406 2958 1462 3001; x_wconf 88' lang='lat' dir='ltr'><strong>de</strong></span> 
     </span>
     <span class='ocr_line' id='line_1_39' title="bbox 479 3027 1460 3084; baseline -0.004 -11"><span class='ocrx_word' id='word_1_215' title='bbox 479 3030 635 3073; x_wconf 89' lang='lat' dir='ltr'><strong>eadem</strong></span> <span class='ocrx_word' id='word_1_216' title='bbox 683 3041 733 3073; x_wconf 89' lang='lat' dir='ltr'><strong>re</strong></span> <span class='ocrx_word' id='word_1_217' title='bbox 779 3042 882 3072; x_wconf 91' lang='lat' dir='ltr'><strong>cum</strong></span> <span class='ocrx_word' id='word_1_218' title='bbox 926 3041 980 3073; x_wconf 94' lang='lat' dir='ltr'><strong>eo</strong></span> <span class='ocrx_word' id='word_1_219' title='bbox 1028 3028 1225 3084; x_wconf 87' lang='lat' dir='ltr'><strong>egissent</strong></span> <span class='ocrx_word' id='word_1_220' title='bbox 1268 3041 1334 3072; x_wconf 90' lang='lat' dir='ltr'><strong>or.</strong></span> <span class='ocrx_word' id='word_1_221' title='bbox 1377 3027 1460 3070; x_wconf 89' lang='lat' dir='ltr'><strong>XL</strong></span> 
     </span>
     <span class='ocr_line' id='line_1_40' title="bbox 482 3099 1458 3156; baseline 0.001 -14"><span class='ocrx_word' id='word_1_222' title='bbox 482 3101 509 3155; x_wconf 64' lang='grc' dir='ltr'><strong>ξ</strong></span> <span class='ocrx_word' id='word_1_223' title='bbox 537 3102 715 3144; x_wconf 89' lang='grc'><strong>17-20.</strong></span> <span class='ocrx_word' id='word_1_224' title='bbox 739 3125 792 3131; x_wconf 90' lang='grc'><strong>-</strong></span> <span class='ocrx_word' id='word_1_225' title='bbox 813 3099 1027 3145; x_wconf 86' lang='lat' dir='ltr'><strong>irascitur</strong></span> <span class='ocrx_word' id='word_1_226' title='bbox 1046 3099 1241 3156; x_wconf 88' lang='lat' dir='ltr'><strong>quodam</strong></span> <span class='ocrx_word' id='word_1_227' title='bbox 1262 3099 1458 3144; x_wconf 86' lang='lat' dir='ltr'><strong>dicente:</strong></span> 
     </span>
     <span class='ocr_line' id='line_1_41' title="bbox 483 3165 1458 3228; baseline -0.001 -12"><span class='ocrx_word' id='word_1_228' title='bbox 483 3167 751 3224; x_wconf 76' lang='grc' dir='ltr'><em>Διάλλαξον</em></span> <span class='ocrx_word' id='word_1_229' title='bbox 797 3165 880 3228; x_wconf 80' lang='grc' dir='ltr'><em>τὴν</em></span> <span class='ocrx_word' id='word_1_230' title='bbox 925 3168 1068 3216; x_wconf 88' lang='grc' dir='ltr'><em>πόλιν</em></span> <span class='ocrx_word' id='word_1_231' title='bbox 1113 3171 1159 3215; x_wconf 92' lang='grc' dir='ltr'><strong>ΙΙ</strong></span> <span class='ocrx_word' id='word_1_232' title='bbox 1190 3174 1258 3224; x_wconf 81' lang='grc'><strong>89,</strong></span> <span class='ocrx_word' id='word_1_233' title='bbox 1290 3175 1330 3216; x_wconf 86' lang='grc'><strong>9.</strong></span> <span class='ocrx_word' id='word_1_234' title='bbox 1377 3173 1458 3224; x_wconf 86' lang='lat' dir='ltr'><strong>(or.</strong></span> 
     </span>
     <span class='ocr_line' id='line_1_42' title="bbox 480 3239 1461 3301; baseline 0.004 -18"><span class='ocrx_word' id='word_1_235' title='bbox 480 3241 675 3285; x_wconf 91' lang='lat' dir='ltr'><strong>XLVIII</strong></span> <span class='ocrx_word' id='word_1_236' title='bbox 709 3243 815 3295; x_wconf 74' lang='lat'><strong>§8).</strong></span> <span class='ocrx_word' id='word_1_237' title='bbox 863 3266 918 3274; x_wconf 90' lang='lat'><strong>——</strong></span> <span class='ocrx_word' id='word_1_238' title='bbox 959 3241 1069 3286; x_wconf 83' lang='lat' dir='ltr'><strong>dicit</strong></span> <span class='ocrx_word' id='word_1_239' title='bbox 1099 3255 1149 3286; x_wconf 85' lang='lat' dir='ltr'><strong>se</strong></span> <span class='ocrx_word' id='word_1_240' title='bbox 1179 3239 1385 3301; x_wconf 84' lang='grc' dir='ltr'><em>σμικρόν</em></span> <span class='ocrx_word' id='word_1_241' title='bbox 1417 3258 1461 3287; x_wconf 89' lang='grc' dir='ltr'><em>τι</em></span> 
     </span>
     <span class='ocr_line' id='line_1_43' title="bbox 477 3309 1461 3371; baseline -0.002 -14"><span class='ocrx_word' id='word_1_242' title='bbox 477 3311 627 3368; x_wconf 80' lang='grc' dir='ltr'><em>μέρος</em></span> <span class='ocrx_word' id='word_1_243' title='bbox 658 3310 896 3370; x_wconf 78' lang='grc' dir='ltr'><em>εὑρηκότα</em></span> <span class='ocrx_word' id='word_1_244' title='bbox 927 3316 1010 3371; x_wconf 87' lang='grc' dir='ltr'><strong>τῆς</strong></span> <span class='ocrx_word' id='word_1_245' title='bbox 1041 3309 1204 3366; x_wconf 76' lang='grc' dir='ltr'><em>οὐσίας</em></span> <span class='ocrx_word' id='word_1_246' title='bbox 1225 3313 1338 3366; x_wconf 85' lang='lat' dir='ltr'><strong>(scil.</strong></span> <span class='ocrx_word' id='word_1_247' title='bbox 1360 3325 1461 3356; x_wconf 92' lang='lat' dir='ltr'><strong>cum</strong></span> 
     </span>
     <span class='ocr_line' id='line_1_44' title="bbox 485 3379 1463 3440; baseline 0.003 -14"><span class='ocrx_word' id='word_1_248' title='bbox 485 3382 675 3426; x_wconf 83' lang='lat' dir='ltr'><strong>Prusam</strong></span> <span class='ocrx_word' id='word_1_249' title='bbox 706 3386 809 3438; x_wconf 88' lang='lat' dir='ltr'><strong>post</strong></span> <span class='ocrx_word' id='word_1_250' title='bbox 830 3381 1009 3426; x_wconf 85' lang='lat' dir='ltr'><strong>exilium</strong></span> <span class='ocrx_word' id='word_1_251' title='bbox 1030 3383 1215 3438; x_wconf 85' lang='lat' dir='ltr'><strong>rediret)</strong></span> <span class='ocrx_word' id='word_1_252' title='bbox 1235 3386 1316 3429; x_wconf 82' lang='grc' dir='ltr'><strong>καὶ</strong></span> <span class='ocrx_word' id='word_1_253' title='bbox 1337 3379 1463 3440; x_wconf 85' lang='grc' dir='ltr'><em>πρὸς</em></span> 
     </span>
     <span class='ocr_line' id='line_1_45' title="bbox 481 3449 1462 3514; baseline 0.004 -17"><span class='ocrx_word' id='word_1_254' title='bbox 481 3460 587 3506; x_wconf 89' lang='grc' dir='ltr'><em>ταῖς</em></span> <span class='ocrx_word' id='word_1_255' title='bbox 627 3449 873 3512; x_wconf 84' lang='grc' dir='ltr'><em>πρότερον</em></span> <span class='ocrx_word' id='word_1_256' title='bbox 910 3451 1117 3514; x_wconf 75' lang='grc' dir='ltr'><em>βλάβαις</em></span> <span class='ocrx_word' id='word_1_257' title='bbox 1162 3451 1230 3501; x_wconf 68' lang='grc' dir='ltr'><em>ἔτι</em></span> <span class='ocrx_word' id='word_1_258' title='bbox 1269 3457 1349 3501; x_wconf 82' lang='grc' dir='ltr'><strong>καὶ</strong></span> <span class='ocrx_word' id='word_1_259' title='bbox 1380 3459 1462 3513; x_wconf 88' lang='grc' dir='ltr'><strong>τῆς</strong></span> 
     </span>
     <span class='ocr_line' id='line_1_46' title="bbox 482 3515 1461 3586; baseline 0.005 -19"><span class='ocrx_word' id='word_1_260' title='bbox 482 3515 687 3580; x_wconf 84' lang='grc' dir='ltr'><em>οἷδελφῆς</em></span> <span class='ocrx_word' id='word_1_261' title='bbox 746 3518 1090 3585; x_wconf 79' lang='grc' dir='ltr'><em>α’ποθανούσης</em></span> <span class='ocrx_word' id='word_1_262' title='bbox 1149 3521 1461 3586; x_wconf 79' lang='grc' dir='ltr'><em>ω’φεληθέντα</em></span> 
     </span>
     <span class='ocr_line' id='line_1_47' title="bbox 479 3588 1458 3652; baseline 0.005 -14"><span class='ocrx_word' id='word_1_263' title='bbox 479 3592 568 3650; x_wconf 76' lang='grc' dir='ltr'><strong>μὲν</strong></span> <span class='ocrx_word' id='word_1_264' title='bbox 587 3593 742 3652; x_wconf 79' lang='grc' dir='ltr'><em>μηδὲν,</em></span> <span class='ocrx_word' id='word_1_265' title='bbox 772 3588 1080 3644; x_wconf 78' lang='grc' dir='ltr'><em>α’πολέσαντα</em></span> <span class='ocrx_word' id='word_1_266' title='bbox 1101 3597 1149 3645; x_wconf 79' lang='grc' dir='ltr'><strong>δὲ</strong></span> <span class='ocrx_word' id='word_1_267' title='bbox 1167 3596 1341 3652; x_wconf 83' lang='grc' dir='ltr'><em>πάντα,</em></span> <span class='ocrx_word' id='word_1_268' title='bbox 1366 3590 1458 3644; x_wconf 72' lang='grc' dir='ltr'><strong>ὅσα</strong></span> 
     </span>
     <span class='ocr_line' id='line_1_48' title="bbox 480 3661 1458 3725; baseline 0.007 -16"><span class='ocrx_word' id='word_1_269' title='bbox 480 3668 578 3710; x_wconf 81' lang='grc' dir='ltr'><em>τῶν</em></span> <span class='ocrx_word' id='word_1_270' title='bbox 598 3662 728 3721; x_wconf 79' lang='grc' dir='ltr'><em>ἐμῶν</em></span> <span class='ocrx_word' id='word_1_271' title='bbox 749 3661 860 3723; x_wconf 80' lang='grc' dir='ltr'><strong>εἶχε,</strong></span> <span class='ocrx_word' id='word_1_272' title='bbox 893 3666 1239 3725; x_wconf 72' lang='grc' dir='ltr'><em>δανεισάμενόν</em></span> <span class='ocrx_word' id='word_1_273' title='bbox 1260 3686 1310 3715; x_wconf 89' lang='grc' dir='ltr'><em>τε</em></span> <span class='ocrx_word' id='word_1_274' title='bbox 1332 3661 1458 3716; x_wconf 69' lang='grc' dir='ltr'><em>ὥστε</em></span> 
     </span>
     <span class='ocr_line' id='line_1_49' title="bbox 480 3731 1450 3795; baseline 0.007 -15"><span class='ocrx_word' id='word_1_275' title='bbox 480 3731 538 3781; x_wconf 77' lang='grc' dir='ltr'><em>τὰ</em></span> <span class='ocrx_word' id='word_1_276' title='bbox 569 3737 724 3795; x_wconf 86' lang='grc' dir='ltr'><em>χωρία</em></span> <span class='ocrx_word' id='word_1_277' title='bbox 761 3737 999 3794; x_wconf 85' lang='grc' dir='ltr'><em>πρίασθαι</em></span> <span class='ocrx_word' id='word_1_278' title='bbox 1029 3742 1116 3785; x_wconf 87' lang='lat' dir='ltr'><strong>etc.</strong></span> <span class='ocrx_word' id='word_1_279' title='bbox 1147 3739 1278 3795; x_wconf 86' lang='grc' dir='ltr'><strong>ΙΙ86,</strong></span> <span class='ocrx_word' id='word_1_280' title='bbox 1301 3744 1365 3786; x_wconf 88' lang='lat'><strong>17.</strong></span> <span class='ocrx_word' id='word_1_281' title='bbox 1397 3765 1450 3772; x_wconf 92' lang='grc'><strong>·-</strong></span> 
     </span>
    </p>
   </div>
   <div class='ocr_carea' id='block_1_3' title="bbox 1345 265 1609 314">
    <p class='ocr_par' dir='ltr' id='par_1_3' title="bbox 1345 265 1609 314">
     <span class='ocr_line' id='line_1_50' title="bbox 1345 265 1609 314; baseline 0.015 -5"><span class='ocrx_word' id='word_1_282' title='bbox 1345 265 1609 314; x_wconf 84' lang='lat' dir='ltr'><strong>INDICES.</strong></span> 
     </span>
    </p>
   </div>
   <div class='ocr_carea' id='block_1_4' title="bbox 1552 406 2544 3799">
    <p class='ocr_par' dir='ltr' id='par_1_4' title="bbox 1552 406 2544 3799">
     <span class='ocr_line' id='line_1_51' title="bbox 1553 406 2531 457; baseline 0.005 -5"><span class='ocrx_word' id='word_1_283' title='bbox 1553 420 1656 452; x_wconf 90' lang='lat' dir='ltr'><strong>cum</strong></span> <span class='ocrx_word' id='word_1_284' title='bbox 1675 406 1809 453; x_wconf 85' lang='lat' dir='ltr'><strong>Ulixe</strong></span> <span class='ocrx_word' id='word_1_285' title='bbox 1838 406 2022 452; x_wconf 92' lang='lat' dir='ltr'><strong>domum</strong></span> <span class='ocrx_word' id='word_1_286' title='bbox 2048 411 2301 454; x_wconf 88' lang='lat' dir='ltr'><strong>revertente</strong></span> <span class='ocrx_word' id='word_1_287' title='bbox 2333 423 2382 456; x_wconf 91' lang='lat' dir='ltr'><strong>se</strong></span> <span class='ocrx_word' id='word_1_288' title='bbox 2411 424 2531 457; x_wconf 88' lang='lat' dir='ltr'><strong>com-</strong></span> 
     </span>
     <span class='ocr_line' id='line_1_52' title="bbox 1552 478 2534 538; baseline 0.006 -17"><span class='ocrx_word' id='word_1_289' title='bbox 1552 482 1687 534; x_wconf 91' lang='lat' dir='ltr'><strong>parat</strong></span> <span class='ocrx_word' id='word_1_290' title='bbox 1702 478 1829 534; x_wconf 83' lang='lat'>1174,</span> <span class='ocrx_word' id='word_1_291' title='bbox 1844 482 1911 522; x_wconf 88' lang='grc'><strong>19.</strong></span> <span class='ocrx_word' id='word_1_292' title='bbox 1929 503 1981 510; x_wconf 91' lang='lat'>-</span> <span class='ocrx_word' id='word_1_293' title='bbox 1999 491 2101 522; x_wconf 92' lang='lat' dir='ltr'><strong>cum</strong></span> <span class='ocrx_word' id='word_1_294' title='bbox 2118 480 2345 538; x_wconf 81' lang='grc' dir='ltr'><em>διοίκησις</em></span> <span class='ocrx_word' id='word_1_295' title='bbox 2361 480 2534 527; x_wconf 86' lang='lat' dir='ltr'><strong>Prusae</strong></span> 
     </span>
     <span class='ocr_line' id='line_1_53' title="bbox 1553 548 2532 608; baseline 0.004 -15"><span class='ocrx_word' id='word_1_296' title='bbox 1553 548 1708 602; x_wconf 92' lang='lat' dir='ltr'><strong>fieret,</strong></span> <span class='ocrx_word' id='word_1_297' title='bbox 1740 548 1885 594; x_wconf 90' lang='lat' dir='ltr'><strong>noluit</strong></span> <span class='ocrx_word' id='word_1_298' title='bbox 1913 548 2036 593; x_wconf 92' lang='lat' dir='ltr'><strong>bona</strong></span> <span class='ocrx_word' id='word_1_299' title='bbox 2066 562 2150 594; x_wconf 89' lang='lat' dir='ltr'><strong>sua</strong></span> <span class='ocrx_word' id='word_1_300' title='bbox 2181 550 2301 594; x_wconf 86' lang='lat' dir='ltr'><strong>exilii</strong></span> <span class='ocrx_word' id='word_1_301' title='bbox 2329 553 2532 608; x_wconf 89' lang='lat' dir='ltr'><strong>tempore</strong></span> 
     </span>
     <span class='ocr_line' id='line_1_54' title="bbox 1553 619 2535 676; baseline 0.005 -13"><span class='ocrx_word' id='word_1_302' title='bbox 1553 620 1611 663; x_wconf 93' lang='lat' dir='ltr'><strong>ab</strong></span> <span class='ocrx_word' id='word_1_303' title='bbox 1659 619 1758 664; x_wconf 90' lang='lat' dir='ltr'><strong>aliis</strong></span> <span class='ocrx_word' id='word_1_304' title='bbox 1803 623 2030 676; x_wconf 89' lang='lat' dir='ltr'><strong>occupata</strong></span> <span class='ocrx_word' id='word_1_305' title='bbox 2081 620 2169 665; x_wconf 89' lang='lat' dir='ltr'><strong>sibi</strong></span> <span class='ocrx_word' id='word_1_306' title='bbox 2219 621 2445 667; x_wconf 89' lang='lat' dir='ltr'><strong>vindicare</strong></span> <span class='ocrx_word' id='word_1_307' title='bbox 2488 623 2535 668; x_wconf 95' lang='lat' dir='ltr'><strong>II</strong></span> 
     </span>
     <span class='ocr_line' id='line_1_55' title="bbox 1554 690 2534 747; baseline 0.004 -13"><span class='ocrx_word' id='word_1_308' title='bbox 1554 694 1625 747; x_wconf 84' lang='lat'>74,</span> <span class='ocrx_word' id='word_1_309' title='bbox 1648 693 1711 735; x_wconf 88' lang='lat'><strong>12.</strong></span> <span class='ocrx_word' id='word_1_310' title='bbox 1734 715 1787 721; x_wconf 88' lang='lat'>—</span> <span class='ocrx_word' id='word_1_311' title='bbox 1810 691 1856 734; x_wconf 91' lang='lat' dir='ltr'><strong>in</strong></span> <span class='ocrx_word' id='word_1_312' title='bbox 1879 690 2071 747; x_wconf 85' lang='lat' dir='ltr'><strong>patriam</strong></span> <span class='ocrx_word' id='word_1_313' title='bbox 2091 703 2296 737; x_wconf 86' lang='lat' dir='ltr'><strong>reversus</strong></span> <span class='ocrx_word' id='word_1_314' title='bbox 2325 695 2371 737; x_wconf 92' lang='lat' dir='ltr'><strong>et</strong></span> <span class='ocrx_word' id='word_1_315' title='bbox 2402 706 2534 738; x_wconf 91' lang='lat' dir='ltr'><strong>suum</strong></span> 
     </span>
     <span class='ocr_line' id='line_1_56' title="bbox 1556 759 2535 809; baseline 0.003 -4"><span class='ocrx_word' id='word_1_316' title='bbox 1556 766 1601 805; x_wconf 91' lang='lat' dir='ltr'><strong>et</strong></span> <span class='ocrx_word' id='word_1_317' title='bbox 1616 759 1768 805; x_wconf 88' lang='lat' dir='ltr'><strong>fratris</strong></span> <span class='ocrx_word' id='word_1_318' title='bbox 1779 759 1920 806; x_wconf 89' lang='lat' dir='ltr'><strong>filium</strong></span> <span class='ocrx_word' id='word_1_319' title='bbox 1934 763 2086 807; x_wconf 89' lang='lat' dir='ltr'><strong>aetate</strong></span> <span class='ocrx_word' id='word_1_320' title='bbox 2100 763 2189 807; x_wconf 92' lang='lat' dir='ltr'><strong>iam</strong></span> <span class='ocrx_word' id='word_1_321' title='bbox 2198 762 2354 808; x_wconf 89' lang='lat' dir='ltr'><strong>adulta</strong></span> <span class='ocrx_word' id='word_1_322' title='bbox 2365 763 2535 809; x_wconf 86' lang='lat' dir='ltr'><strong>invenit</strong></span> 
     </span>
     <span class='ocr_line' id='line_1_57' title="bbox 1554 832 2533 890; baseline 0.002 -13"><span class='ocrx_word' id='word_1_323' title='bbox 1554 832 1686 885; x_wconf 78' lang='lat'>1169,</span> <span class='ocrx_word' id='word_1_324' title='bbox 1704 836 1743 876; x_wconf 91' lang='lat'><strong>8.</strong></span> <span class='ocrx_word' id='word_1_325' title='bbox 1764 858 1814 865; x_wconf 93' lang='lat'><strong>-—</strong></span> <span class='ocrx_word' id='word_1_326' title='bbox 1835 846 1936 876; x_wconf 90' lang='lat' dir='ltr'><strong>cum</strong></span> <span class='ocrx_word' id='word_1_327' title='bbox 1949 832 2223 889; x_wconf 86' lang='lat' dir='ltr'><strong>praefuisset</strong></span> <span class='ocrx_word' id='word_1_328' title='bbox 2237 833 2533 890; x_wconf 86' lang='lat' dir='ltr'><strong>legationi,</strong></span> 
     </span>
     <span class='ocr_line' id='line_1_58' title="bbox 1554 903 2535 959; baseline 0.003 -12"><span class='ocrx_word' id='word_1_329' title='bbox 1554 916 1688 959; x_wconf 90' lang='lat' dir='ltr'><strong>quam</strong></span> <span class='ocrx_word' id='word_1_330' title='bbox 1746 905 1993 958; x_wconf 86' lang='lat' dir='ltr'><strong>gratiarum</strong></span> <span class='ocrx_word' id='word_1_331' title='bbox 2056 903 2331 959; x_wconf 86' lang='lat' dir='ltr'><strong>agendarum</strong></span> <span class='ocrx_word' id='word_1_332' title='bbox 2394 919 2535 950; x_wconf 88' lang='lat' dir='ltr'><strong>causa</strong></span> 
     </span>
     <span class='ocr_line' id='line_1_59' title="bbox 1554 973 2534 1032; baseline 0.002 -14"><span class='ocrx_word' id='word_1_333' title='bbox 1554 974 1612 1018; x_wconf 89' lang='lat' dir='ltr'><strong>ad</strong></span> <span class='ocrx_word' id='word_1_334' title='bbox 1643 974 1949 1018; x_wconf 85' lang='lat' dir='ltr'><strong>Traianum</strong></span> <span class='ocrx_word' id='word_1_335' title='bbox 1981 973 2259 1019; x_wconf 90' lang='lat' dir='ltr'><strong>Prusaenses</strong></span> <span class='ocrx_word' id='word_1_336' title='bbox 2300 975 2534 1032; x_wconf 86' lang='lat' dir='ltr'><strong>miseruut,</strong></span> 
     </span>
     <span class='ocr_line' id='line_1_60' title="bbox 1556 1040 2532 1104; baseline 0.003 -14"><span class='ocrx_word' id='word_1_337' title='bbox 1556 1045 1862 1090; x_wconf 88' lang='lat' dir='ltr'><strong>obtrectantes</strong></span> <span class='ocrx_word' id='word_1_338' title='bbox 1894 1043 1972 1088; x_wconf 92' lang='lat' dir='ltr'><strong>alii</strong></span> <span class='ocrx_word' id='word_1_339' title='bbox 2002 1044 2232 1089; x_wconf 85' lang='lat' dir='ltr'><strong>dixerunt:</strong></span> <span class='ocrx_word' id='word_1_340' title='bbox 2267 1042 2355 1104; x_wconf 80' lang='grc' dir='ltr'><strong>οὐχ</strong></span> <span class='ocrx_word' id='word_1_341' title='bbox 2385 1040 2532 1104; x_wconf 77' lang='grc' dir='ltr'><em>ἡδέως</em></span> 
     </span>
     <span class='ocr_line' id='line_1_61' title="bbox 1557 1109 2528 1177; baseline 0 -15"><span class='ocrx_word' id='word_1_342' title='bbox 1557 1109 1707 1162; x_wconf 77' lang='grc' dir='ltr'><em>αὐτὸν</em></span> <span class='ocrx_word' id='word_1_343' title='bbox 1751 1109 2082 1169; x_wconf 77' lang='grc' dir='ltr'><em>ἀποδέξασθαι</em></span> <span class='ocrx_word' id='word_1_344' title='bbox 2128 1112 2241 1170; x_wconf 78' lang='grc' dir='ltr'><em>τοὺς</em></span> <span class='ocrx_word' id='word_1_345' title='bbox 2290 1116 2528 1177; x_wconf 78' lang='grc' dir='ltr'><em>πρέσβεις,</em></span> 
     </span>
     <span class='ocr_line' id='line_1_62' title="bbox 1556 1185 2534 1244; baseline 0.002 -14"><span class='ocrx_word' id='word_1_346' title='bbox 1556 1186 1632 1230; x_wconf 90' lang='lat' dir='ltr'><strong>alii</strong></span> <span class='ocrx_word' id='word_1_347' title='bbox 1672 1185 1866 1230; x_wconf 91' lang='lat' dir='ltr'><strong>aliorum</strong></span> <span class='ocrx_word' id='word_1_348' title='bbox 1896 1185 2166 1243; x_wconf 89' lang='lat' dir='ltr'><strong>oppidorum</strong></span> <span class='ocrx_word' id='word_1_349' title='bbox 2205 1188 2362 1243; x_wconf 89' lang='lat' dir='ltr'><strong>legatis</strong></span> <span class='ocrx_word' id='word_1_350' title='bbox 2402 1188 2534 1244; x_wconf 87' lang='lat' dir='ltr'><strong>plura</strong></span> 
     </span>
     <span class='ocr_line' id='line_1_63' title="bbox 1557 1257 2532 1316; baseline 0.003 -15"><span class='ocrx_word' id='word_1_351' title='bbox 1557 1258 1614 1302; x_wconf 90' lang='lat' dir='ltr'><strong>ab</strong></span> <span class='ocrx_word' id='word_1_352' title='bbox 1645 1257 1918 1315; x_wconf 88' lang='lat' dir='ltr'><strong>imperatore</strong></span> <span class='ocrx_word' id='word_1_353' title='bbox 1949 1271 2167 1303; x_wconf 88' lang='lat' dir='ltr'><strong>concessa</strong></span> <span class='ocrx_word' id='word_1_354' title='bbox 2197 1271 2296 1304; x_wconf 91' lang='lat' dir='ltr'><strong>esse</strong></span> <span class='ocrx_word' id='word_1_355' title='bbox 2316 1259 2447 1316; x_wconf 85' lang='lat'>1149,</span> <span class='ocrx_word' id='word_1_356' title='bbox 2464 1263 2532 1304; x_wconf 84' lang='grc'><strong>24.</strong></span> 
     </span>
     <span class='ocr_line' id='line_1_64' title="bbox 1556 1320 2536 1389; baseline 0.001 -14"><span class='ocrx_word' id='word_1_357' title='bbox 1556 1353 1612 1361; x_wconf 90' lang='lat'><strong>--</strong></span> <span class='ocrx_word' id='word_1_358' title='bbox 1650 1320 1702 1375; x_wconf 75' lang='grc' dir='ltr'><strong>εὖ</strong></span> <span class='ocrx_word' id='word_1_359' title='bbox 1742 1329 1984 1388; x_wconf 81' lang='grc' dir='ltr'><em>πεποίηκα</em></span> <span class='ocrx_word' id='word_1_360' title='bbox 2023 1325 2110 1387; x_wconf 83' lang='grc' dir='ltr'><em>τὴν</em></span> <span class='ocrx_word' id='word_1_361' title='bbox 2156 1331 2386 1389; x_wconf 80' lang='grc' dir='ltr'><em>πατρίδα,</em></span> <span class='ocrx_word' id='word_1_362' title='bbox 2432 1338 2536 1384; x_wconf 91' lang='grc' dir='ltr'><em>ταῖς</em></span> 
     </span>
     <span class='ocr_line' id='line_1_65' title="bbox 1557 1395 2537 1460; baseline 0.003 -15"><span class='ocrx_word' id='word_1_363' title='bbox 1557 1399 1773 1459; x_wconf 79' lang='grc' dir='ltr'><em>πρώταις</em></span> <span class='ocrx_word' id='word_1_364' title='bbox 1803 1397 1909 1458; x_wconf 76' lang='grc' dir='ltr'><em>ἴσην</em></span> <span class='ocrx_word' id='word_1_365' title='bbox 1940 1395 2087 1459; x_wconf 76' lang='grc' dir='ltr'><em>αὐτὴν</em></span> <span class='ocrx_word' id='word_1_366' title='bbox 2117 1395 2374 1456; x_wconf 72' lang='grc' dir='ltr'><em>ἀποδείξας</em></span> <span class='ocrx_word' id='word_1_367' title='bbox 2404 1405 2537 1460; x_wconf 82' lang='grc' dir='ltr'><em>τιμῆς</em></span> 
     </span>
     <span class='ocr_line' id='line_1_66' title="bbox 1558 1467 2537 1530; baseline 0.002 -13"><span class='ocrx_word' id='word_1_368' title='bbox 1558 1467 1722 1524; x_wconf 73' lang='grc' dir='ltr'><em>ἕνεκα,</em></span> <span class='ocrx_word' id='word_1_369' title='bbox 1764 1469 1822 1516; x_wconf 79' lang='grc' dir='ltr'><em>τὸ</em></span> <span class='ocrx_word' id='word_1_370' title='bbox 1865 1470 1914 1518; x_wconf 80' lang='grc' dir='ltr'><strong>δὲ</strong></span> <span class='ocrx_word' id='word_1_371' title='bbox 1955 1467 2141 1530; x_wconf 85' lang='grc' dir='ltr'><em>ποιήσω</em></span> <span class='ocrx_word' id='word_1_372' title='bbox 2173 1474 2294 1518; x_wconf 86' lang='grc' dir='ltr'><em>θεοῦ</em></span> <span class='ocrx_word' id='word_1_373' title='bbox 2324 1469 2537 1527; x_wconf 78' lang='grc' dir='ltr'><em>διδόντος</em></span> 
     </span>
     <span class='ocr_line' id='line_1_67' title="bbox 1559 1541 2535 1597; baseline 0 -10"><span class='ocrx_word' id='word_1_374' title='bbox 1559 1555 1625 1587; x_wconf 91' lang='lat' dir='ltr'><strong>or.</strong></span> <span class='ocrx_word' id='word_1_375' title='bbox 1656 1541 1812 1585; x_wconf 91' lang='lat' dir='ltr'><strong>XLIII</strong></span> <span class='ocrx_word' id='word_1_376' title='bbox 1842 1543 1865 1597; x_wconf 67' lang='grc' dir='ltr'><strong>ς</strong></span> <span class='ocrx_word' id='word_1_377' title='bbox 1892 1546 1927 1586; x_wconf 93' lang='grc'><strong>1.</strong></span> <span class='ocrx_word' id='word_1_378' title='bbox 1960 1567 2015 1575; x_wconf 93' lang='grc'><strong>-</strong></span> <span class='ocrx_word' id='word_1_379' title='bbox 2048 1555 2148 1586; x_wconf 91' lang='lat' dir='ltr'><strong>cum</strong></span> <span class='ocrx_word' id='word_1_380' title='bbox 2180 1555 2208 1587; x_wconf 91' lang='lat' dir='ltr'><strong>a</strong></span> <span class='ocrx_word' id='word_1_381' title='bbox 2229 1543 2425 1588; x_wconf 90' lang='lat' dir='ltr'><strong>Traiano</strong></span> <span class='ocrx_word' id='word_1_382' title='bbox 2455 1544 2535 1587; x_wconf 91' lang='lat' dir='ltr'><strong>im-</strong></span> 
     </span>
     <span class='ocr_line' id='line_1_68' title="bbox 1557 1612 2536 1669; baseline 0.003 -13"><span class='ocrx_word' id='word_1_383' title='bbox 1557 1614 1797 1669; x_wconf 88' lang='lat' dir='ltr'><strong>petrasset,</strong></span> <span class='ocrx_word' id='word_1_384' title='bbox 1817 1616 1869 1656; x_wconf 89' lang='lat' dir='ltr'><strong>ut</strong></span> <span class='ocrx_word' id='word_1_385' title='bbox 1888 1612 2222 1658; x_wconf 89' lang='lat' dir='ltr'><strong>Prusaensibus</strong></span> <span class='ocrx_word' id='word_1_386' title='bbox 2243 1613 2276 1657; x_wconf 87' lang='lat' dir='ltr'>C</span> <span class='ocrx_word' id='word_1_387' title='bbox 2305 1618 2536 1659; x_wconf 89' lang='lat' dir='ltr'><strong>senatores</strong></span> 
     </span>
     <span class='ocr_line' id='line_1_69' title="bbox 1560 1683 2540 1741; baseline 0.002 -15"><span class='ocrx_word' id='word_1_388' title='bbox 1560 1683 1720 1738; x_wconf 85' lang='lat' dir='ltr'><strong>eligere</strong></span> <span class='ocrx_word' id='word_1_389' title='bbox 1737 1683 1907 1737; x_wconf 90' lang='lat' dir='ltr'><strong>liceret,</strong></span> <span class='ocrx_word' id='word_1_390' title='bbox 1925 1683 2254 1728; x_wconf 85' lang='lat' dir='ltr'><strong>obtrectatores</strong></span> <span class='ocrx_word' id='word_1_391' title='bbox 2264 1697 2364 1729; x_wconf 91' lang='lat' dir='ltr'><strong>eum</strong></span> <span class='ocrx_word' id='word_1_392' title='bbox 2381 1697 2540 1741; x_wconf 87' lang='lat' dir='ltr'><strong>parum</strong></span> 
     </span>
     <span class='ocr_line' id='line_1_70' title="bbox 1558 1754 2540 1812; baseline 0.002 -14"><span class='ocrx_word' id='word_1_393' title='bbox 1558 1754 1826 1811; x_wconf 89' lang='lat' dir='ltr'><strong>impetrasse</strong></span> <span class='ocrx_word' id='word_1_394' title='bbox 1870 1754 2106 1798; x_wconf 87' lang='lat' dir='ltr'><strong>iactabant</strong></span> <span class='ocrx_word' id='word_1_395' title='bbox 2143 1755 2186 1798; x_wconf 91' lang='lat' dir='ltr'><strong>II</strong></span> <span class='ocrx_word' id='word_1_396' title='bbox 2227 1758 2303 1812; x_wconf 90' lang='lat'><strong>72,</strong></span> <span class='ocrx_word' id='word_1_397' title='bbox 2341 1759 2453 1811; x_wconf 86' lang='lat' dir='ltr'><strong>4sq.</strong></span> <span class='ocrx_word' id='word_1_398' title='bbox 2486 1781 2540 1787; x_wconf 92' lang='lat'><strong>-—</strong></span> 
     </span>
     <span class='ocr_line' id='line_1_71' title="bbox 1561 1823 2541 1881; baseline 0.002 -14"><span class='ocrx_word' id='word_1_399' title='bbox 1561 1837 1663 1868; x_wconf 92' lang='lat' dir='ltr'><strong>cum</strong></span> <span class='ocrx_word' id='word_1_400' title='bbox 1693 1837 1722 1868; x_wconf 90' lang='lat' dir='ltr'><strong>a</strong></span> <span class='ocrx_word' id='word_1_401' title='bbox 1739 1823 1935 1868; x_wconf 87' lang='lat' dir='ltr'><strong>Traiano</strong></span> <span class='ocrx_word' id='word_1_402' title='bbox 1966 1824 2040 1877; x_wconf 91' lang='lat' dir='ltr'><strong>(ad</strong></span> <span class='ocrx_word' id='word_1_403' title='bbox 2072 1838 2205 1881; x_wconf 90' lang='lat' dir='ltr'><strong>quem</strong></span> <span class='ocrx_word' id='word_1_404' title='bbox 2233 1825 2406 1881; x_wconf 89' lang='lat' dir='ltr'><strong>legatus</strong></span> <span class='ocrx_word' id='word_1_405' title='bbox 2429 1825 2541 1869; x_wconf 91' lang='lat' dir='ltr'><strong>Pru-</strong></span> 
     </span>
     <span class='ocr_line' id='line_1_72' title="bbox 1560 1894 2543 1952; baseline 0.001 -13"><span class='ocrx_word' id='word_1_406' title='bbox 1560 1894 1788 1939; x_wconf 82' lang='lat' dir='ltr'><strong>saensium</strong></span> <span class='ocrx_word' id='word_1_407' title='bbox 1809 1894 1971 1939; x_wconf 87' lang='lat' dir='ltr'><strong>missus</strong></span> <span class='ocrx_word' id='word_1_408' title='bbox 2002 1897 2115 1948; x_wconf 83' lang='lat' dir='ltr'><strong>erat)</strong></span> <span class='ocrx_word' id='word_1_409' title='bbox 2139 1908 2313 1939; x_wconf 87' lang='lat' dir='ltr'><strong>summa</strong></span> <span class='ocrx_word' id='word_1_410' title='bbox 2344 1895 2543 1952; x_wconf 89' lang='lat' dir='ltr'><strong>benigni·</strong></span> 
     </span>
     <span class='ocr_line' id='line_1_73' title="bbox 1559 1966 2543 2024; baseline 0 -13"><span class='ocrx_word' id='word_1_411' title='bbox 1559 1969 1653 2011; x_wconf 87' lang='lat' dir='ltr'><strong>tate</strong></span> <span class='ocrx_word' id='word_1_412' title='bbox 1683 1966 1983 2022; x_wconf 83' lang='lat' dir='ltr'><strong>exciperetur,</strong></span> <span class='ocrx_word' id='word_1_413' title='bbox 2017 1978 2163 2022; x_wconf 86' lang='lat' dir='ltr'><strong>neque</strong></span> <span class='ocrx_word' id='word_1_414' title='bbox 2185 1966 2400 2011; x_wconf 88' lang='lat' dir='ltr'><strong>remansit</strong></span> <span class='ocrx_word' id='word_1_415' title='bbox 2421 1966 2543 2024; x_wconf 89' lang='lat' dir='ltr'><strong>apud</strong></span> 
     </span>
     <span class='ocr_line' id='line_1_74' title="bbox 1561 2035 2542 2094; baseline 0 -12"><span class='ocrx_word' id='word_1_416' title='bbox 1561 2037 1686 2082; x_wconf 91' lang='lat' dir='ltr'><strong>illum</strong></span> <span class='ocrx_word' id='word_1_417' title='bbox 1715 2049 1862 2094; x_wconf 87' lang='lat' dir='ltr'><strong>neque</strong></span> <span class='ocrx_word' id='word_1_418' title='bbox 1892 2035 1979 2080; x_wconf 87' lang='lat' dir='ltr'><strong>sibi</strong></span> <span class='ocrx_word' id='word_1_419' title='bbox 2007 2037 2274 2093; x_wconf 87' lang='lat' dir='ltr'><strong>providendi</strong></span> <span class='ocrx_word' id='word_1_420' title='bbox 2304 2038 2542 2082; x_wconf 89' lang='lat' dir='ltr'><strong>occasione</strong></span> 
     </span>
     <span class='ocr_line' id='line_1_75' title="bbox 1560 2107 2544 2165; baseline -0.001 -11"><span class='ocrx_word' id='word_1_421' title='bbox 1560 2122 1672 2154; x_wconf 88' lang='lat' dir='ltr'><strong>usus</strong></span> <span class='ocrx_word' id='word_1_422' title='bbox 1705 2112 1788 2165; x_wconf 89' lang='lat' dir='ltr'><strong>est,</strong></span> <span class='ocrx_word' id='word_1_423' title='bbox 1820 2107 1900 2153; x_wconf 89' lang='lat' dir='ltr'><strong>sed</strong></span> <span class='ocrx_word' id='word_1_424' title='bbox 1919 2107 2098 2164; x_wconf 88' lang='lat' dir='ltr'><strong>patriae</strong></span> <span class='ocrx_word' id='word_1_425' title='bbox 2117 2109 2294 2152; x_wconf 84' lang='lat' dir='ltr'><strong>tantum</strong></span> <span class='ocrx_word' id='word_1_426' title='bbox 2317 2108 2544 2153; x_wconf 88' lang='lat' dir='ltr'><strong>consuluit</strong></span> 
     </span>
     <span class='ocr_line' id='line_1_76' title="bbox 1562 2178 2542 2235; baseline 0 -12"><span class='ocrx_word' id='word_1_427' title='bbox 1562 2179 1605 2223; x_wconf 91' lang='lat'><strong>11</strong></span> <span class='ocrx_word' id='word_1_428' title='bbox 1638 2183 1707 2233; x_wconf 91' lang='lat'>71,</span> <span class='ocrx_word' id='word_1_429' title='bbox 1739 2182 1810 2224; x_wconf 86' lang='lat'><strong>25.</strong></span> <span class='ocrx_word' id='word_1_430' title='bbox 1841 2203 1897 2210; x_wconf 92' lang='lat'>—</span> <span class='ocrx_word' id='word_1_431' title='bbox 1940 2191 2041 2222; x_wconf 90' lang='lat' dir='ltr'><strong>cum</strong></span> <span class='ocrx_word' id='word_1_432' title='bbox 2072 2178 2244 2223; x_wconf 90' lang='lat' dir='ltr'><strong>Prusae</strong></span> <span class='ocrx_word' id='word_1_433' title='bbox 2285 2179 2477 2235; x_wconf 90' lang='lat' dir='ltr'><strong>primum</strong></span> <span class='ocrx_word' id='word_1_434' title='bbox 2509 2179 2542 2223; x_wconf 90' lang='lat' dir='ltr'>C</span> 
     </span>
     <span class='ocr_line' id='line_1_77' title="bbox 1563 2248 2541 2305; baseline -0.002 -10"><span class='ocrx_word' id='word_1_435' title='bbox 1563 2254 1822 2295; x_wconf 87' lang='lat' dir='ltr'><strong>senatorum</strong></span> <span class='ocrx_word' id='word_1_436' title='bbox 1853 2249 2014 2294; x_wconf 85' lang='lat' dir='ltr'><strong>electio</strong></span> <span class='ocrx_word' id='word_1_437' title='bbox 2044 2248 2197 2305; x_wconf 90' lang='lat' dir='ltr'><strong>fieret,</strong></span> <span class='ocrx_word' id='word_1_438' title='bbox 2229 2250 2389 2294; x_wconf 81' lang='lat' dir='ltr'><strong>ceteris</strong></span> <span class='ocrx_word' id='word_1_439' title='bbox 2421 2263 2541 2295; x_wconf 91' lang='lat' dir='ltr'><strong>com-</strong></span> 
     </span>
     <span class='ocr_line' id='line_1_78' title="bbox 1561 2319 2543 2376; baseline -0.001 -11"><span class='ocrx_word' id='word_1_440' title='bbox 1561 2320 1878 2365; x_wconf 88' lang='lat' dir='ltr'><strong>mendantibus</strong></span> <span class='ocrx_word' id='word_1_441' title='bbox 1900 2324 1945 2363; x_wconf 91' lang='lat' dir='ltr'><strong>et</strong></span> <span class='ocrx_word' id='word_1_442' title='bbox 1965 2319 2297 2374; x_wconf 86' lang='lat' dir='ltr'><strong>adiuvantibus,</strong></span> <span class='ocrx_word' id='word_1_443' title='bbox 2321 2333 2435 2376; x_wconf 90' lang='lat' dir='ltr'><strong>quos</strong></span> <span class='ocrx_word' id='word_1_444' title='bbox 2454 2320 2543 2366; x_wconf 89' lang='lat' dir='ltr'><strong>sibi</strong></span> 
     </span>
     <span class='ocr_line' id='line_1_79' title="bbox 1562 2390 2543 2449; baseline 0 -14"><span class='ocrx_word' id='word_1_445' title='bbox 1562 2391 1794 2436; x_wconf 90' lang='lat' dir='ltr'><strong>adiutores</strong></span> <span class='ocrx_word' id='word_1_446' title='bbox 1817 2390 1914 2435; x_wconf 89' lang='lat' dir='ltr'><strong>fore</strong></span> <span class='ocrx_word' id='word_1_447' title='bbox 1936 2393 2186 2449; x_wconf 80' lang='lat' dir='ltr'><strong>sperarent,</strong></span> <span class='ocrx_word' id='word_1_448' title='bbox 2211 2391 2298 2436; x_wconf 93' lang='lat' dir='ltr'><strong>Dio</strong></span> <span class='ocrx_word' id='word_1_449' title='bbox 2321 2391 2433 2435; x_wconf 89' lang='lat' dir='ltr'><strong>nihil</strong></span> <span class='ocrx_word' id='word_1_450' title='bbox 2454 2391 2543 2435; x_wconf 90' lang='lat' dir='ltr'><strong>tale</strong></span> 
     </span>
     <span class='ocr_line' id='line_1_80' title="bbox 1560 2462 2538 2519; baseline 0 -12"><span class='ocrx_word' id='word_1_451' title='bbox 1560 2464 1608 2507; x_wconf 90' lang='lat' dir='ltr'><strong>in</strong></span> <span class='ocrx_word' id='word_1_452' title='bbox 1639 2476 1688 2508; x_wconf 93' lang='lat' dir='ltr'><strong>se</strong></span> <span class='ocrx_word' id='word_1_453' title='bbox 1708 2462 1902 2515; x_wconf 88' lang='lat' dir='ltr'><strong>admisit,</strong></span> <span class='ocrx_word' id='word_1_454' title='bbox 1931 2462 2065 2507; x_wconf 92' lang='lat' dir='ltr'><strong>immo</strong></span> <span class='ocrx_word' id='word_1_455' title='bbox 2086 2475 2143 2506; x_wconf 92' lang='lat' dir='ltr'><strong>ne</strong></span> <span class='ocrx_word' id='word_1_456' title='bbox 2164 2462 2424 2519; x_wconf 87' lang='lat' dir='ltr'><strong>suffragium</strong></span> <span class='ocrx_word' id='word_1_457' title='bbox 2445 2463 2538 2519; x_wconf 92' lang='lat' dir='ltr'><strong>qui-</strong></span> 
     </span>
     <span class='ocr_line' id='line_1_81' title="bbox 1563 2529 2539 2591; baseline 0.001 -13"><span class='ocrx_word' id='word_1_458' title='bbox 1563 2535 1662 2578; x_wconf 78' lang='lat' dir='ltr'><strong>dem</strong></span> <span class='ocrx_word' id='word_1_459' title='bbox 1692 2534 1796 2578; x_wconf 83' lang='lat' dir='ltr'><strong>tulit</strong></span> <span class='ocrx_word' id='word_1_460' title='bbox 1828 2546 1892 2578; x_wconf 86' lang='lat' dir='ltr'><strong>or.</strong></span> <span class='ocrx_word' id='word_1_461' title='bbox 1910 2532 2083 2589; x_wconf 76' lang='lat' dir='ltr'><strong>XLV§</strong></span> <span class='ocrx_word' id='word_1_462' title='bbox 2110 2537 2265 2577; x_wconf 83' lang='lat'>7—10.</span> <span class='ocrx_word' id='word_1_463' title='bbox 2297 2558 2350 2565; x_wconf 94' lang='lat'><strong>—</strong></span> <span class='ocrx_word' id='word_1_464' title='bbox 2382 2529 2539 2591; x_wconf 78' lang='grc' dir='ltr'><em>ἐπειδὴ</em></span> 
     </span>
     <span class='ocr_line' id='line_1_82' title="bbox 1563 2598 2540 2663; baseline -0.002 -12"><span class='ocrx_word' id='word_1_465' title='bbox 1563 2600 1650 2652; x_wconf 75' lang='grc' dir='ltr'><strong>οὐκ</strong></span> <span class='ocrx_word' id='word_1_466' title='bbox 1680 2602 1791 2652; x_wconf 76' lang='grc' dir='ltr'><em>εἴων</em></span> <span class='ocrx_word' id='word_1_467' title='bbox 1812 2602 1866 2650; x_wconf 79' lang='grc' dir='ltr'><strong>ἐν</strong></span> <span class='ocrx_word' id='word_1_468' title='bbox 1887 2598 2006 2662; x_wconf 77' lang='grc' dir='ltr'><em>αὐτῇ</em></span> <span class='ocrx_word' id='word_1_469' title='bbox 2028 2607 2086 2663; x_wconf 82' lang='grc' dir='ltr'><em>τῇ</em></span> <span class='ocrx_word' id='word_1_470' title='bbox 2107 2601 2254 2662; x_wconf 77' lang='grc' dir='ltr'><em>Ρώμῃ</em></span> <span class='ocrx_word' id='word_1_471' title='bbox 2275 2600 2540 2662; x_wconf 78' lang='grc' dir='ltr'><em>γενόμενον</em></span> 
     </span>
     <span class='ocr_line' id='line_1_83' title="bbox 1560 2670 2540 2734; baseline 0 -13"><span class='ocrx_word' id='word_1_472' title='bbox 1560 2672 1761 2734; x_wconf 77' lang='grc' dir='ltr'><em>ἡσυχίαν</em></span> <span class='ocrx_word' id='word_1_473' title='bbox 1781 2672 1928 2734; x_wconf 76' lang='grc' dir='ltr'><em>ἄγειν,</em></span> <span class='ocrx_word' id='word_1_474' title='bbox 1959 2673 2083 2721; x_wconf 77' lang='grc' dir='ltr'><em>ἴδιον</em></span> <span class='ocrx_word' id='word_1_475' title='bbox 2102 2675 2191 2733; x_wconf 80' lang='grc' dir='ltr'><strong>μὲν</strong></span> <span class='ocrx_word' id='word_1_476' title='bbox 2213 2670 2383 2722; x_wconf 74' lang='grc' dir='ltr'><em>οὐδένα</em></span> <span class='ocrx_word' id='word_1_477' title='bbox 2405 2673 2540 2721; x_wconf 79' lang='grc' dir='ltr'><em>ἐτόλ-</em></span> 
     </span>
     <span class='ocr_line' id='line_1_84' title="bbox 1560 2742 2541 2805; baseline 0 -13"><span class='ocrx_word' id='word_1_478' title='bbox 1560 2763 1666 2803; x_wconf 90' lang='grc' dir='ltr'><strong>μων</strong></span> <span class='ocrx_word' id='word_1_479' title='bbox 1697 2745 1998 2805; x_wconf 77' lang='grc' dir='ltr'><em>διαλέγεσθαι</em></span> <span class='ocrx_word' id='word_1_480' title='bbox 2029 2742 2202 2804; x_wconf 79' lang='grc' dir='ltr'><em>λόγον,</em></span> <span class='ocrx_word' id='word_1_481' title='bbox 2239 2742 2301 2804; x_wconf 77' lang='grc' dir='ltr'><strong>μὴ</strong></span> <span class='ocrx_word' id='word_1_482' title='bbox 2341 2763 2541 2804; x_wconf 80' lang='grc' dir='ltr'><em>καταγε-</em></span> 
     </span>
     <span class='ocr_line' id='line_1_85' title="bbox 1561 2816 2539 2868; baseline -0.003 -6"><span class='ocrx_word' id='word_1_483' title='bbox 1561 2820 1733 2863; x_wconf 83' lang='grc' dir='ltr'><em>λασθῶ</em></span> <span class='ocrx_word' id='word_1_484' title='bbox 1770 2821 1855 2861; x_wconf 91' lang='lat' dir='ltr'><strong>etc.</strong></span> <span class='ocrx_word' id='word_1_485' title='bbox 1887 2820 1981 2868; x_wconf 82' lang='lat'>187,</span> <span class='ocrx_word' id='word_1_486' title='bbox 2007 2820 2031 2860; x_wconf 89' lang='lat'>6</span> <span class='ocrx_word' id='word_1_487' title='bbox 2079 2816 2280 2861; x_wconf 89' lang='lat' dir='ltr'><strong>Socratis</strong></span> <span class='ocrx_word' id='word_1_488' title='bbox 2319 2817 2539 2861; x_wconf 89' lang='lat' dir='ltr'><strong>rationem</strong></span> 
     </span>
     <span class='ocr_line' id='line_1_86' title="bbox 1559 2881 2537 2944; baseline 0.002 -12"><span class='ocrx_word' id='word_1_489' title='bbox 1559 2888 1760 2932; x_wconf 90' lang='lat' dir='ltr'><strong>imitatus</strong></span> <span class='ocrx_word' id='word_1_490' title='bbox 1792 2887 2021 2932; x_wconf 89' lang='lat' dir='ltr'><strong>Romanos</strong></span> <span class='ocrx_word' id='word_1_491' title='bbox 2052 2887 2295 2944; x_wconf 90' lang='lat' dir='ltr'><strong>alloquitur</strong></span> <span class='ocrx_word' id='word_1_492' title='bbox 2325 2881 2382 2933; x_wconf 79' lang='grc' dir='ltr'><strong>οὐ</strong></span> <span class='ocrx_word' id='word_1_493' title='bbox 2411 2884 2537 2934; x_wconf 81' lang='grc' dir='ltr'><em>κατὰ</em></span> 
     </span>
     <span class='ocr_line' id='line_1_87' title="bbox 1561 2951 2537 3018; baseline -0.002 -14"><span class='ocrx_word' id='word_1_494' title='bbox 1561 2955 1642 3004; x_wconf 81' lang='grc' dir='ltr'><strong>δύο</strong></span> <span class='ocrx_word' id='word_1_495' title='bbox 1674 2960 1755 3003; x_wconf 80' lang='grc' dir='ltr'><strong>καὶ</strong></span> <span class='ocrx_word' id='word_1_496' title='bbox 1795 2965 1924 3018; x_wconf 85' lang='grc' dir='ltr'><em>τρεῖς</em></span> <span class='ocrx_word' id='word_1_497' title='bbox 1964 2951 2328 3017; x_wconf 70' lang='grc' dir='ltr'><em>ἀπολαμβάνων</em></span> <span class='ocrx_word' id='word_1_498' title='bbox 2366 2956 2418 3003; x_wconf 81' lang='grc' dir='ltr'><strong>ἐν</strong></span> <span class='ocrx_word' id='word_1_499' title='bbox 2447 2974 2537 3003; x_wconf 89' lang='grc' dir='ltr'><strong>πα-</strong></span> 
     </span>
     <span class='ocr_line' id='line_1_88' title="bbox 1562 3021 2538 3088; baseline -0.002 -13"><span class='ocrx_word' id='word_1_500' title='bbox 1562 3031 1806 3087; x_wconf 83' lang='grc' dir='ltr'><em>λαίστραις</em></span> <span class='ocrx_word' id='word_1_501' title='bbox 1835 3031 1915 3075; x_wconf 78' lang='grc' dir='ltr'><strong>καὶ</strong></span> <span class='ocrx_word' id='word_1_502' title='bbox 1946 3026 2250 3088; x_wconf 77' lang='grc' dir='ltr'><em>περιπάτοις·</em></span> <span class='ocrx_word' id='word_1_503' title='bbox 2284 3022 2340 3074; x_wconf 79' lang='grc' dir='ltr'><strong>οὗ</strong></span> <span class='ocrx_word' id='word_1_504' title='bbox 2367 3024 2460 3087; x_wconf 72' lang='grc' dir='ltr'><strong>γὰρ</strong></span> <span class='ocrx_word' id='word_1_505' title='bbox 2480 3021 2538 3086; x_wconf 75' lang='grc' dir='ltr'><strong>ἦν</strong></span> 
     </span>
     <span class='ocr_line' id='line_1_89' title="bbox 1563 3093 2539 3156; baseline -0.002 -10"><span class='ocrx_word' id='word_1_506' title='bbox 1563 3097 1767 3146; x_wconf 86' lang='grc' dir='ltr'><em>δυνατὸν</em></span> <span class='ocrx_word' id='word_1_507' title='bbox 1810 3093 1962 3152; x_wconf 64' lang='grc' dir='ltr'><em>οὕτως</em></span> <span class='ocrx_word' id='word_1_508' title='bbox 2001 3098 2053 3145; x_wconf 81' lang='grc' dir='ltr'><strong>ἐν</strong></span> <span class='ocrx_word' id='word_1_509' title='bbox 2093 3097 2249 3156; x_wconf 78' lang='grc' dir='ltr'><em>ἐκείνῃ</em></span> <span class='ocrx_word' id='word_1_510' title='bbox 2295 3102 2354 3156; x_wconf 82' lang='grc' dir='ltr'><em>τῇ</em></span> <span class='ocrx_word' id='word_1_511' title='bbox 2399 3096 2539 3145; x_wconf 89' lang='grc' dir='ltr'><em>πόλει</em></span> 
     </span>
     <span class='ocr_line' id='line_1_90' title="bbox 1563 3164 2540 3231; baseline -0.003 -12"><span class='ocrx_word' id='word_1_512' title='bbox 1563 3174 1919 3231; x_wconf 76' lang='grc' dir='ltr'><em>συγγίγνεσθαι·</em></span> <span class='ocrx_word' id='word_1_513' title='bbox 1943 3174 2141 3224; x_wconf 87' lang='grc' dir='ltr'><em>πολλοῖς</em></span> <span class='ocrx_word' id='word_1_514' title='bbox 2162 3171 2210 3217; x_wconf 79' lang='grc' dir='ltr'><strong>δὲ</strong></span> <span class='ocrx_word' id='word_1_515' title='bbox 2230 3173 2310 3216; x_wconf 81' lang='grc' dir='ltr'><strong>καὶ</strong></span> <span class='ocrx_word' id='word_1_516' title='bbox 2334 3164 2540 3229; x_wconf 75' lang='grc' dir='ltr'><em>α’θρόοις</em></span> 
     </span>
     <span class='ocr_line' id='line_1_91' title="bbox 1563 3237 2536 3297; baseline -0.004 -8"><span class='ocrx_word' id='word_1_517' title='bbox 1563 3243 1629 3297; x_wconf 85' lang='grc' dir='ltr'><em>εἰς</em></span> <span class='ocrx_word' id='word_1_518' title='bbox 1666 3237 1812 3290; x_wconf 79' lang='grc' dir='ltr'><em>ταύτὸ</em></span> <span class='ocrx_word' id='word_1_519' title='bbox 1856 3245 2094 3288; x_wconf 82' lang='grc' dir='ltr'><em>συνιοῦσιν</em></span> <span class='ocrx_word' id='word_1_520' title='bbox 2137 3245 2240 3294; x_wconf 81' lang='lat'>187,</span> <span class='ocrx_word' id='word_1_521' title='bbox 2274 3245 2342 3286; x_wconf 85' lang='lat'><strong>20.</strong></span> <span class='ocrx_word' id='word_1_522' title='bbox 2375 3266 2428 3274; x_wconf 89' lang='lat'>—</span> <span class='ocrx_word' id='word_1_523' title='bbox 2460 3241 2536 3286; x_wconf 86' lang='lat' dir='ltr'><strong>Or.</strong></span> 
     </span>
     <span class='ocr_line' id='line_1_92' title="bbox 1561 3313 2538 3367; baseline -0.003 -9"><span class='ocrx_word' id='word_1_524' title='bbox 1561 3314 1791 3360; x_wconf 88' lang='lat' dir='ltr'><strong>LXXVII.</strong></span> <span class='ocrx_word' id='word_1_525' title='bbox 1839 3313 2077 3358; x_wconf 90' lang='lat' dir='ltr'><strong>LXXVIII</strong></span> <span class='ocrx_word' id='word_1_526' title='bbox 2123 3313 2169 3356; x_wconf 93' lang='lat' dir='ltr'><strong>in</strong></span> <span class='ocrx_word' id='word_1_527' title='bbox 2221 3324 2383 3367; x_wconf 87' lang='lat' dir='ltr'><strong>magna</strong></span> <span class='ocrx_word' id='word_1_528' title='bbox 2427 3313 2538 3356; x_wconf 88' lang='lat' dir='ltr'><strong>urbe</strong></span> 
     </span>
     <span class='ocr_line' id='line_1_93' title="bbox 1562 3380 2536 3441; baseline -0.003 -11"><span class='ocrx_word' id='word_1_529' title='bbox 1562 3386 1766 3438; x_wconf 81' lang='lat' dir='ltr'><strong>(Romae)</strong></span> <span class='ocrx_word' id='word_1_530' title='bbox 1798 3384 1974 3429; x_wconf 86' lang='lat' dir='ltr'><strong>habita:</strong></span> <span class='ocrx_word' id='word_1_531' title='bbox 2018 3383 2070 3430; x_wconf 83' lang='grc' dir='ltr'><strong>ἐν</strong></span> <span class='ocrx_word' id='word_1_532' title='bbox 2108 3380 2246 3429; x_wconf 83' lang='grc' dir='ltr'><em>πόλει</em></span> <span class='ocrx_word' id='word_1_533' title='bbox 2288 3382 2536 3441; x_wconf 77' lang='grc' dir='ltr'><em>τηλικαύτῃ</em></span> 
     </span>
     <span class='ocr_line' id='line_1_94' title="bbox 1562 3452 2537 3515; baseline -0.008 -12"><span class='ocrx_word' id='word_1_534' title='bbox 1562 3453 1618 3502; x_wconf 90' lang='grc' dir='ltr'><em>τὸ</em></span> <span class='ocrx_word' id='word_1_535' title='bbox 1650 3456 1858 3515; x_wconf 79' lang='grc' dir='ltr'><em>μέγεθος</em></span> <span class='ocrx_word' id='word_1_536' title='bbox 1886 3455 1933 3499; x_wconf 92' lang='lat' dir='ltr'><strong>II</strong></span> <span class='ocrx_word' id='word_1_537' title='bbox 1965 3458 2060 3509; x_wconf 90' lang='grc'><strong>209,</strong></span> <span class='ocrx_word' id='word_1_538' title='bbox 2097 3458 2148 3498; x_wconf 91' lang='lat'><strong>19</strong></span> <span class='ocrx_word' id='word_1_539' title='bbox 2179 3453 2243 3498; x_wconf 90' lang='lat' dir='ltr'><strong>ibi</strong></span> <span class='ocrx_word' id='word_1_540' title='bbox 2281 3452 2537 3510; x_wconf 89' lang='lat' dir='ltr'><strong>philosophi</strong></span> 
     </span>
     <span class='ocr_line' id='line_1_95' title="bbox 1561 3523 2537 3585; baseline -0.009 -12"><span class='ocrx_word' id='word_1_541' title='bbox 1561 3525 1638 3573; x_wconf 80' lang='grc' dir='ltr'><em>ἐπὶ</em></span> <span class='ocrx_word' id='word_1_542' title='bbox 1660 3523 1830 3585; x_wconf 79' lang='grc' dir='ltr'><em>θύραις</em></span> <span class='ocrx_word' id='word_1_543' title='bbox 1851 3528 2168 3583; x_wconf 89' lang='lat' dir='ltr'><strong>opulentorum</strong></span> <span class='ocrx_word' id='word_1_544' title='bbox 2198 3523 2537 3580; x_wconf 84' lang='lat' dir='ltr'><strong>conspiciuntur</strong></span> 
     </span>
     <span class='ocr_line' id='line_1_96' title="bbox 1560 3590 2533 3653; baseline -0.01 -11"><span class='ocrx_word' id='word_1_545' title='bbox 1560 3598 1606 3642; x_wconf 95' lang='lat' dir='ltr'><strong>II</strong></span> <span class='ocrx_word' id='word_1_546' title='bbox 1622 3601 1719 3653; x_wconf 84' lang='lat'>217,</span> <span class='ocrx_word' id='word_1_547' title='bbox 1738 3602 1777 3642; x_wconf 90' lang='lat'><strong>3.</strong></span> <span class='ocrx_word' id='word_1_548' title='bbox 1796 3623 1852 3630; x_wconf 88' lang='lat'><strong>—</strong></span> <span class='ocrx_word' id='word_1_549' title='bbox 1874 3611 1939 3642; x_wconf 90' lang='lat' dir='ltr'><strong>or.</strong></span> <span class='ocrx_word' id='word_1_550' title='bbox 1958 3597 2150 3641; x_wconf 92' lang='lat' dir='ltr'><strong>LXXIX</strong></span> <span class='ocrx_word' id='word_1_551' title='bbox 2167 3596 2335 3639; x_wconf 89' lang='lat' dir='ltr'><strong>Romae</strong></span> <span class='ocrx_word' id='word_1_552' title='bbox 2356 3590 2533 3634; x_wconf 84' lang='lat' dir='ltr'><strong>habita:</strong></span> 
     </span>
     <span class='ocr_line' id='line_1_97' title="bbox 1559 3663 2533 3727; baseline -0.007 -12"><span class='ocrx_word' id='word_1_553' title='bbox 1559 3664 1701 3715; x_wconf 90' lang='grc' dir='ltr'><em>πόλιν</em></span> <span class='ocrx_word' id='word_1_554' title='bbox 1733 3663 1938 3716; x_wconf 80' lang='grc' dir='ltr'><em>ἁπασῶν</em></span> <span class='ocrx_word' id='word_1_555' title='bbox 1966 3669 2192 3727; x_wconf 78' lang='grc' dir='ltr'><em>μεγίστην</em></span> <span class='ocrx_word' id='word_1_556' title='bbox 2219 3667 2300 3711; x_wconf 80' lang='grc' dir='ltr'><strong>καὶ</strong></span> <span class='ocrx_word' id='word_1_557' title='bbox 2330 3667 2533 3710; x_wconf 86' lang='grc' dir='ltr'><em>δυνατω-</em></span> 
     </span>
     <span class='ocr_line' id='line_1_98' title="bbox 1558 3731 2536 3799; baseline -0.003 -14"><span class='ocrx_word' id='word_1_558' title='bbox 1558 3737 1705 3799; x_wconf 80' lang='grc' dir='ltr'><em>τάτην</em></span> <span class='ocrx_word' id='word_1_559' title='bbox 1725 3740 1771 3784; x_wconf 91' lang='grc' dir='ltr'>Π</span> <span class='ocrx_word' id='word_1_560' title='bbox 1789 3743 1888 3795; x_wconf 88' lang='grc'><strong>220,</strong></span> <span class='ocrx_word' id='word_1_561' title='bbox 1908 3742 1946 3782; x_wconf 88' lang='grc'><strong>2.</strong></span> <span class='ocrx_word' id='word_1_562' title='bbox 1967 3765 2018 3771; x_wconf 90' lang='grc'><strong>--</strong></span> <span class='ocrx_word' id='word_1_563' title='bbox 2043 3736 2399 3795; x_wconf 83' lang='grc' dir='ltr'><em>πεπορευμένος</em></span> <span class='ocrx_word' id='word_1_564' title='bbox 2419 3731 2536 3782; x_wconf 69' lang='grc' dir='ltr'><em>εὗθὺ</em></span> 
     </span>
    </p>
   </div>
   <div class='ocr_carea' id='block_1_5' title="bbox 2611 0 2684 4140">
    <p class='ocr_par' dir='ltr' id='par_1_5' title="bbox 2611 0 2684 4140">
     <span class='ocr_line' id='line_1_99' title="bbox 2611 0 2684 4140; baseline 0 0"><span class='ocrx_word' id='word_1_565' title='bbox 2611 0 2684 4140; x_wconf 95' lang='lat' dir='ltr'><strong> </strong></span> 
     </span>
    </p>
   </div>
  </div>
 </body>
</html>
