2684 4140
445 273 508 319 78
1135 253 1338 300 DIONIS
1369 253 1452 296 DE
1485 249 1781 297 TUMULTU

436 428 533 476 μοι
569 409 658 457 καὶ
694 407 877 454 πάντα
915 406 1086 450 ταῦτα
1125 399 1182 447 ἐν
1220 403 1287 464 τῇ
1325 397 1563 463 ὑμετέρᾳ
1599 399 1694 462 γῇ·
1733 398 1844 442 τῶν
1884 388 1942 441 δὲ
1981 393 2108 456 ἐμοὶ
2133 392 2504 458 γειτνιώντων

438 488 592 543 οὐδὲν
639 490 872 538 πώποτε
921 475 1100 542 οὐδεὶς
1151 480 1274 529 οὔτε
1324 476 1599 538 πλούσιος
1648 477 1774 527 οὔτε
1824 479 1997 546 πένης
2041 473 2266 539 (πολλοὶ
2317 473 2374 525 δὲ
2412 478 2507 527 καὶ

436 580 543 624 τῶν
567 572 834 621 τοιούτων
857 583 957 632 μοι
981 561 1314 632 γειτνιῶσιν)
1339 555 1615 631 ᾐτιάσατο
1654 563 1750 626 ἐμὲ
1792 563 1868 622 ὡς
1895 562 2315 630 ἀφαιρούμενός
2353 579 2507 623 τινος

434 659 463 725 ἢ
502 650 920 720 ἐκβαλλόμενος,
971 648 1095 698 οὔτε
1145 644 1375 707 δικαίως
1425 646 1548 697 οὔτε
1597 644 1819 707 ἀδίκως.
1906 647 2022 711 εἰμὶ
2072 643 2130 696 δὲ
2172 639 2340 707 αὐτὸς
2381 647 2506 698 οὔτε

366 748 396 798 8
432 735 754 803 ’ὑπέρδεινος
779 735 960 784 εἰπεῖν
986 731 1110 781 οὔτε
1137 729 1276 791 ἴσως
1304 732 1571 781 ἁπάντων
1597 732 1837 792 ὕστατος
1863 732 1921 781 ἐν
1959 728 2037 797 τῷ
2079 727 2270 797 λέγειν.
2347 731 2501 782 ἐστιν
2537 741 2562 782 5

431 823 523 872 οὖν
570 823 755 870 ὅντινα
803 819 859 867 ἐν
907 810 1021 883 [τῴ]
1072 812 1214 882 λόγῳ
1267 812 1553 885 ἐλύπησα,
1611 821 1837 884 πρᾶγμα
1886 817 2185 883 ἐπαγαγών
2234 833 2347 866 τινι
2397 822 2508 867 τῶν

429 906 797 973 ἀπραγμόνων
833 902 865 970 ἢ
891 901 1311 960 κατασκευάσας
1348 902 1618 970 ἐπήρειαν
1630 919 1649 963 ,·
1685 901 1717 969 ἢ
1748 901 1880 969 περὶ
1905 907 2003 970 τῆς
2036 891 2232 961 οὐσίας
2258 902 2506 970 ἐποίησα

426 987 771 1040 κινδυνεῦσαί
805 1003 945 1048 τινα,
986 986 1063 1045 ὡς
1101 985 1354 1054 Καίσαρι
1391 988 1786 1054 προσηκούσης
1822 987 1853 1055 ἢ
1895 987 1953 1036 ἐν
1993 986 2294 1054 συνηγορίᾳ
2333 988 2506 1054 πρού-

429 1072 605 1134 δωκα,·

563 1158 653 1207 καὶ
676 1152 782 1224 μὴν
807 1162 904 1224 τῆς
939 1170 999 1222 γε
1037 1161 1130 1206 νῦν
1157 1156 1404 1224 ἀπορίας
1433 1149 1614 1217 οὐδεὶς
1637 1153 1850 1222 μᾶλλον
1876 1157 2016 1221 ἐμοῦ
2051 1157 2320 1218 ἀναίτιος.
2397 1158 2502 1206 πό-
2540 1162 2587 1206 10

426 1259 581 1310 τερον
618 1243 719 1309 γὰρ
761 1244 915 1290 σῖτον
955 1241 1222 1291 ἁπάντων
1261 1238 1530 1299 πλεῖστον
1567 1247 1823 1310 γεωργῶν
1859 1238 2253 1291 κατακέκλεικα
2292 1247 2507 1304 τοῦτον,

428 1327 603 1392 αὔξων
640 1321 796 1394 <τὴν>
831 1326 996 1394 τιμήν
1009 1343 1028 1387 ,·
1066 1318 1191 1375 ἀλλ’
1235 1327 1560 1377 ἐπίστασθε
1601 1320 1761 1377 αὐτοὶ
1797 1323 1895 1396 τὴν
1934 1324 2167 1391 δύναμιν
2206 1332 2317 1376 τῶν
2356 1327 2505 1391 ἐμῶν

422 1415 655 1482 χωρίων,
694 1414 781 1461 ότι
820 1412 1060 1461 σπάνιον
1088 1408 1144 1460 εἴ
1166 1426 1308 1462 ποτε
1334 1409 1626 1481 ἀπεδόμην
1655 1416 1810 1463 σῖτον
1835 1413 1928 1463 καὶ
1953 1403 2122 1462 τοῦθ’
2166 1414 2299 1462 ὅταν
2337 1413 2506 1481 ὑπερ·
2532 1421 2662 1463 (2ι63

427 1496 564 1566 βάλῃ
615 1496 691 1564 τῷ
729 1494 973 1565 πλήθει,
1022 1497 1080 1546 ἐν
1127 1493 1185 1546 δὲ
1225 1500 1346 1557 τοῖς
1384 1499 1667 1558 τοιούτοις
1705 1499 1888 1548 ἔτεσιν
1927 1496 2054 1549 οὐδὲ
2094 1499 2190 1548 τὸν
2231 1498 2504 1566 ἀρκοῦντα

428 1585 556 1648 ἔχω,
617 1574 741 1631 ἀλλ’
795 1582 918 1631 ἐστι
966 1597 1067 1646 μοι
1113 1584 1145 1650 ἡ
1193 1587 1357 1631 πᾶσα
1406 1583 1721 1650 ἐπικαρπία
1771 1581 1832 1646 ἐξ
1883 1582 2035 1634 οἴνου
2084 1585 2178 1634 καὶ
2221 1584 2503 1652 βοσκημά-
2541 1589 2588 1631 15

427 1690 550 1722 των.
768 1662 891 1719 ἀλλ’
935 1670 1197 1737 ἀργύριον
1239 1664 1504 1731 δανείζων
1556 1670 1619 1718 οὐ
1669 1665 1948 1734 βούλομαι
1985 1672 2251 1738 παρέχειν
2290 1669 2373 1729 εἰς
2410 1669 2508 1737 τὴν

427 1763 526 1824 τοῦ
572 1757 726 1806 σίτου
776 1755 934 1824 ὠνήν.
978 1753 1225 1804 -.οὐ’κουν
1281 1751 1407 1803 οὐδὲ
1460 1754 1594 1821 περὶ
1641 1754 1841 1803 τούτου
1882 1750 2041 1803 οὐδέν
2079 1770 2149 1818 με
2189 1750 2282 1803 δεῖ
2314 1750 2506 1819 λέγειν.

431 1839 616 1891 οἴδατε
653 1841 754 1910 γὰρ
792 1841 949 1905 ὑμεῖς
985 1839 1079 1888 καὶ
1114 1839 1246 1899 τοὺς
1285 1834 1640 1900 δανείζοντας
1677 1839 1735 1888 ἐν
1763 1844 1831 1906 τῇ
1858 1835 2025 1888 πόλει
2048 1839 2298 1898 καὶτοὺς
2328 1835 2510 1888 δανει-

362 1924 393 1973 9
433 1923 703 1993 ζομένους.
918 1925 976 1974 τί
1023 1923 1117 1974 οὖν
1167 1925 1320 1974 ἐστιν
1370 1926 1399 1974 ὅ
1446 1939 1507 1991 γε
1555 1924 1947 1993 ἐγὼιποιῆσαι
1985 1921 2313 1988 δυνάμενος,
2366 1923 2510 1972 ὥστε

431 2009 751 2075 ἀπαλλάξαι
775 2013 913 2076 ὑμᾶς
939 2017 1035 2080 τῆς
1063 2010 1326 2079 ἀπορίας,
1368 2010 1429 2059 οὐ
1457 2006 1752 2075 βούλομαι,
1790 2009 1822 2078 ἢ
1854 2006 2004 2059 διότι
2029 2010 2176 2078 πρὸς
2201 2010 2298 2074 ἐμὲ
2326 2009 2504 2070 οὕτως
2540 2016 2590 2057 2⁰

432 2099 614 2162 ἔχετες·
663 2099 746 2146 ὅτι
795 2098 855 2165 νὴ
912 2097 1025 2145 Δία
1074 2095 1175 2155 τὰς
1226 2095 1396 2155 στοὰς
1443 2096 1543 2145 ἐπὶ
1589 2099 1701 2144 τῶν
1749 2094 1982 2162 θερμῶν
2041 2086 2371 2163 ᾠκοδόμηκα
2401 2096 2514 2145 Υκαὶ

433 2183 794 2251 ἐργαστήρια·
833 2187 994 2231 τοῦτο
1032 2182 1135 2249 γάρ
1175 2181 1347 2243 ἐστιν,
1387 2182 1417 2230 ὅ
1458 2192 1633 2250 φασιν
1672 2180 1816 2230 ἔνιοι
1853 2177 2185 2230 ἀδικεῖσθαι
2222 2172 2326 2228 ὑπ’
2375 2181 2517 2244 ἐμοῦ

434 2272 529 2338 τὴν
578 2265 760 2318 πόλιν.
854 2268 946 2317 καὶ
993 2267 1115 2317 τίνα
1168 2267 1406 2316 πώποτε
1455 2266 1486 2335 ἢ
1537 2266 1697 2330 ὑμεῖς
1743 2265 1775 2334 ἢ
1825 2261 1995 2324 ἄλλος
2048 2281 2137 2325 τις
2185 2265 2514 2334 ἀνθρώπων

433 2356 724 2420 ἐμέμψατο
763 2354 819 2403 ἐν
858 2351 1005 2421 ἀγρῷ
1052 2353 1225 2401 αὑτοῦ
1262 2352 1443 2402 οἰκίαν
1473 2349 1876 2416 οἰκοδομοῦντα
1889 2368 1907 2411 ,·
1940 2350 2174 2419 ἢ..παρὰ
2213 2342 2383 2399 τοῦθ’
2425 2345 2516 2418 <ό>

437 2443 588 2499 σῖτος
624 2435 883 2498 πλείονός
920 2439 1072 2498 ἐστι,·
1117 2438 1304 2488 καίτοι
1341 2440 1510 2488 πέντε
1558 2433 1846 2506 μυριάδων
1885 2436 2135 2504 ἐώνημαι
2182 2437 2245 2484 τὸ
2280 2436 2511 2503 χωρίον,
2545 2440 2595 2483 25

435 2522 510 2590 τῷ
549 2524 718 2573 παντὶ
755 2520 1015 2583 πλείονος
1052 2529 1217 2591 τιμῆς
1254 2529 1353 2593 τῆς
1391 2519 1570 2585 ἀξίας.
1619 2513 1774 2571 ἀλλ’
1817 2521 1924 2587 ἐγὼ
1954 2521 2289 2585 αἰσχύνομαι
2318 2522 2380 2589 νὴ
2420 2521 2517 2570 τὸν

435 2610 546 2659 Δία
582 2610 674 2659 καὶ
723 2609 851 2669 τοὺς
888 2609 1087 2671 θεούς,
1114 2606 1186 2658 εἴ
1216 2625 1303 2669 τις
1341 2614 1452 2658 τῶν
1492 2605 1769 2670 πολιτῶν,
1810 2607 1873 2657 ού
1910 2606 2014 2675 γὰρ
2054 2603 2119 2674 δή
2159 2621 2220 2672 γε
2256 2609 2288 2675 ἡ
2331 2602 2516 2668 πόλις,

439 2695 579 2743 οὕτω
617 2694 918 2762 μοχθηρός,
961 2694 1104 2744 ὥστε
1145 2690 1461 2744 λυπεῖσθαι
1499 2695 1593 2744 καὶ
1632 2693 1892 2763 φθονεῖν,
1931 2692 2028 2741 ἐάν
2055 2707 2181 2741 τινα
2212 2688 2302 2759 ἴδῃ
2346 2690 2517 2740 στοὰν

436 2779 467 2846 ἢ
507 2780 866 2847 ἐργαστήριον
907 2771 1316 2848 ᾠκοδομηκότα.

361 2865 422 2914 10
580 2864 672 2913 καὶ
706 2864 812 2933 μὴν
847 2866 911 2913 τό
947 2879 1005 2930 γε
1044 2869 1291 2930 πρᾶγμα,
1330 2856 1429 2934 ἐφ’
1474 2855 1518 2930 ᾦ
1558 2858 1986 2932 παρωξύνθητε,
2027 2858 2209 2912 δεῖ-ται
2233 2864 2335 2926 μέν
2361 2876 2515 2922 τινος
2551 2865 2600 2906 31)
2623 2867 2684 2909 (52

440 2945 761 3011 ἐπιμελείας
800 2944 1046 3015 ἀληθῶς,
1092 2949 1153 2997 οὐ
1181 2953 1375 3014 μέντοι
1413 2950 1713 3017 ἀνήκεστόν
1751 2949 1904 2998 ἐστιν
1944 2945 2071 2998 οὐδὲ
2103 2947 2246 2996 ὥστε
2285 2952 2519 2996 τοιαῦτα

586 3158 603 3196 1
636 3156 715 3198 καὶ
744 3157 889 3200 ταῦτα
920 3153 1075 3203 πάντα
1105 3158 1191 3202 hoc
1221 3158 1322 3203 loco
1353 3157 1529 3215 aptius-
1610 3161 1636 3201 4
1667 3153 1774 3204 οὐδὲ
1802 3156 1920 3210 libri,
1951 3169 2066 3202 corr.
2099 3157 2232 3213 Emp‚
2354 3160 2377 3200 5
2411 3152 2519 3203 οὐδὲ

445 3221 560 3274 libri,
590 3234 702 3268 corr.
729 3222 860 3279 Emp.
975 3230 1000 3270 6
1030 3230 1099 3287 τῷ
1129 3228 1291 3273 seclusi
1407 3232 1430 3271 7
1461 3224 1492 3286 ἢ
1522 3241 1607 3273 om.
1638 3227 1690 3272 M
1718 3254 1719 3257 =
1818 3225 2021 3287 ἐπηρίαν
2051 3227 2100 3271 Μ
2217 3231 2241 3272 8
2273 3223 2520 3287 προύδοκα

447 3290 486 3334 U
515 3303 572 3333 m.
603 3304 672 3347 pr.
789 3297 839 3338 12
869 3290 952 3352 τὴν
979 3297 1080 3341 add.
1110 3297 1278 3344 Reiske
1392 3298 1684 3346 ἐπίστασθαι
1709 3298 1760 3342 Μ
1878 3303 1929 3343 13
1960 3301 2105 3345 τοῦτο
2136 3299 2175 3343 Β
2267 3302 2318 3342 14
2348 3294 2522 3344 τοσούν

448 3378 547 3415 τοις
575 3360 689 3415 libri,
721 3374 834 3406 corr.
864 3364 1028 3410 Reiske
1057 3379 1112 3411 ex
1140 3369 1327 3426 interpr.
1448 3375 1500 3415 16
1532 3371 1736 3426 ὃανίζων
1765 3369 1815 3413 Μ
1905 3373 1954 3413 17
1988 3364 2165 3416 οὐκοῦν
2192 3369 2312 3423 libri,
2343 3366 2520 3415 οὔκουν

448 3429 641 3472 malebat
666 3430 798 3488 Emp.
949 3439 1023 3479 :18
1053 3439 1330 3494 δανίζοντας
1357 3441 1408 3498 Μ
1579 3441 1914 3498 δανιζομένους
1943 3440 1982 3484 Τ
2118 3444 2171 3484 20
2202 3431 2231 3496 ἦ
2258 3438 2300 3484 U
2445 3433 2518 3484 διὰ

452 3501 499 3544 τί
528 3499 605 3544 UT
719 3505 768 3545 21
803 3499 957 3560 ἔχεται
986 3505 1035 3549 Μ
1148 3512 1200 3552 23
1231 3507 1495 3569 ἄνθρωπον
1522 3510 1801 3571 ἐμέμψαντο
1832 3511 1956 3557 ΠΒΤ
2042 3513 2096 3554 24
2126 3507 2178 3556 ἐν
2208 3502 2346 3571 ἀγρῷ
2375 3503 2524 3555 αὐτοῦ

451 3570 605 3615 οἰκίαν
633 3570 774 3652 Emg„
803 3568 834 3631 ἢ
861 3570 1015 3634 ἀγρὸν
1043 3571 1188 3624 αὐτοῦ
1217 3576 1246 3637 ἢ
1277 3581 1434 3628 οἰκίαν
1463 3582 1563 3626 libri
1733 3579 1765 3641 ἢ
1793 3577 1925 3640 παρὰ
1966 3583 2111 3626 τοῦτο
2142 3586 2278 3633 σῖτος
2308 3575 2516 3632 πλέονός

450 3637 548 3685 ἐστι
578 3639 626 3683 Μ
655 3637 684 3697 ἦ
714 3658 790 3686 οτι
820 3639 950 3702 παρὰ
980 3646 1134 3708 τούτῳ
1163 3656 1296 3703 σῖτος
1325 3653 1502 3698 πλείων
1521 3650 1625 3699 ἐστί
1643 3652 1783 3706 HET,
1813 3645 1963 3699 τοῦθ’
1993 3644 2021 3697 ὃ
2043 3650 2238 3696 Gasaub.
2329 3653 2383 3694 25
2414 3648 2522 3695 πλέ-

453 3724 565 3763 ονος
593 3709 725 3754 UMT
838 3716 890 3757 28
920 3716 1138 3774 μοχθηρὰ
1168 3718 1283 3773 libri,
1313 3733 1427 3766 corr.
1459 3722 1648 3775 casaub.
1764 3726 1818 3768 30
1849 3717 2214 3781 παρωξύνθηται
2243 3719 2294 3764 Μ

2676 3549 2684 3686 unm-un..
2679 3527 2684 3538 μ
2676 3491 2684 3511 -r
2676 3457 2684 3474 ,²-
2676 3443 2678 3445 ·
2670 3347 2672 3351 ’
