2684 4140
1073 249 1300 296 ORATIO
1332 251 1452 298 LVI.
2211 249 2312 298 123

226 388 491 457 βασιλεὺς
527 399 626 463 τῆς
661 394 927 462 Σπάρτης
959 387 1306 464 Ἀγησίλαος,
1352 396 1415 458 ὃς
1451 398 1726 466 ὑπήκουεν
1765 399 1980 465 ἑτέροις
2018 397 2284 463 ἄρχουσιν
2296 413 2316 458 ,·

178 519 183 523 .
226 502 296 513 -—
332 477 448 528 Καὶ
497 483 621 538 πῶς
670 478 737 528 ἂν
786 476 896 530 εἷεν
935 478 1093 531 οὗτοι
1141 478 1396 546 βασιλεῖς
1446 483 1591 549 πρὸς
1640 483 1736 532 τὸν
1787 482 1985 551 ἀκριβῆ
2037 483 2169 549 περὶ
2216 487 2315 551 τῆς

226 557 520 626 βασιλείας
567 558 762 628 λόγον,·
806 590 875 599 -—
925 564 993 615 A.
1027 547 1164 631 Ἀρα
1214 562 1341 616 οὐδὲ
1384 559 1766 632 Ἀγαμέμνονα
1817 567 1875 616 ἐν
1915 559 2057 633 Ἰλίῳ
2111 567 2313 636 φήσεις
2352 565 2384 617 8

228 641 548 709 βασιλεύειν
578 636 844 713 Ἀργείων
881 664 941 697 τε
976 649 1070 698 καὶ
1101 641 1355 712 Ἀχαιῶν,
1393 652 1482 700 ὅτι
1520 649 1631 715 εἶχε
1669 657 1767 720 τῆς
1805 652 1975 720 ἀρχῆς
2000 652 2315 720 ἐπίτροπον

174 734 198 775 5
235 724 411 794 ἄνδρα
449 729 844 796 πρεσβύτερον,
883 732 1143 799 Νέστορα
1182 735 1278 783 τὸν
1315 731 1532 785 Πύλιον
1545 753 1565 796 ,·
1600 737 1870 786 κάκείνου
1891 733 2214 797 κελεύοντος
2251 738 2313 785 τὸ

229 814 413 876 τεῖχος
452 804 793 881 ᾠκοδομήθη
835 815 898 863 τὸ
938 816 1072 883 περὶ
1107 816 1209 876 τὰς
1246 823 1379 878 ναῦς
1414 820 1507 868 καὶ
1542 821 1640 889 τήν
1666 822 1884 889 τάφρον
1911 817 2314 888 περιεβάλοντο

227 895 403 962 ἔρυμα
441 901 544 946 τοῦ
577 897 962 962 ναυστάθμου,
1001 900 1095 948 καὶ
1133 896 1337 951 διεῖλεν
1364 903 1446 962 εἰς
1473 900 1661 965 τάξεις
1698 906 1794 954 τὸν
1827 906 2065 972 στρατὸν
2105 906 2137 954 ὁ
2157 897 2316 971 Ἀγα-

226 983 467 1047 μέμνων,
507 983 800 1050 πρότερον,
840 983 918 1044 ὡς
954 983 1159 1046 ἔοικεν,
1200 985 1320 1054 εἰκῇ
1358 989 1700 1051 μαχόμενον,
1751 984 1956 1049 πεζούς
1991 1005 2051 1038 τε
2087 989 2181 1038 καὶ
2222 989 2314 1037 ἱπ-

19 1069 406 1130 ῑ2933Π)πέας,
458 1061 673 1139 φύρδην
711 1068 1504 1136 ἁπάντωνιᾶναμεμιγμένων,
1552 1069 1784 1122 Πυλίων
1833 1089 1893 1122 τε
1928 1074 2023 1122 καὶ
2051 1062 2315 1140 Ἀργείων

149 1153 194 1197 10
229 1152 323 1202 καὶ
354 1144 638 1221 Ἀρκάδων
673 1154 767 1204 καὶ
791 1154 1062 1205 Βοιωτῶν
1074 1171 1094 1216 ,·
1133 1155 1165 1203 ὁ
1203 1152 1262 1206 δὲ
1288 1157 1525 1224 Νέστωρ
1552 1157 1785 1224 ὕστερον
1824 1154 1973 1222 αὐτῷ
2002 1153 2315 1224 προσέταξε

227 1237 368 1287 κατὰ
409 1235 558 1307 φῦλα
598 1235 838 1307 διαιρεῖν
874 1240 971 1288 τὸν
1011 1241 1265 1307 στρατόν,

520 1323 598 1384 ὥς
638 1324 854 1393 φρήτρη
897 1325 1220 1394 φρήτρῃφιν
1258 1325 1450 1394 ἀρήγῃ,
1493 1322 1641 1395 φῦλα
1681 1322 1740 1375 δὲ
1782 1321 1998 1394 φύλοις-

229 1406 373 1457 οὔτω
414 1404 473 1458 δὲ
509 1408 603 1458 καὶ
639 1413 751 1458 τῶν
787 1411 1089 1477 ἡγεμόνων,
1128 1410 1256 1479 ἔφη,
1294 1411 1478 1478 γνώσῃ
1518 1412 1649 1471 τούς
1686 1427 1745 1461 τε
1773 1409 2030 1476 ἀγαθούς
2053 1408 2148 1457 καὶ
2184 1408 2314 1468 τοὺς
2353 1412 2384 1462 9

224 1493 454 1552 κακούς·
494 1493 546 1542 εἰ
585 1489 644 1542 δὲ
682 1498 794 1560 τῶν
830 1496 1131 1562 ἡγεμόνων,
1174 1491 1339 1563 δῆλον
1379 1497 1467 1546 ὅτι
1502 1496 1596 1546 καὶ
1632 1501 1743 1546 τῶν
1775 1497 2163 1564 στρατιωτῶν
2203 1493 2318 1556 ἅμα

148 1578 193 1620 15
233 1573 511 1627 διδάσκων
546 1583 645 1647 τῆς
683 1574 962 1647 ὠφελείας
994 1580 1063 1657 τὸ
1100 1579 1360 1645 μέγεθος.
1403 1607 1469 1615 —-
1508 1580 1625 1631 Καὶ
1671 1580 1730 1629 τί
1763 1576 2104 1646 βουλόμενος
2143 1579 2320 1638 οὕτως

226 1661 441 1722 ἑποίει;
479 1689 551 1696 ——
586 1663 654 1713 A.
681 1655 798 1712 Ἵνα
847 1664 1153 1733 ἐπίστηται
1197 1665 1292 1714 καὶ
1329 1661 1766 1734 τελευτήσαντος
1804 1665 1978 1714 αὐτοῦ
2012 1665 2111 1734 τὴν
2154 1677 2318 1730 στρα-

224 1747 450 1816 τηγικὴν
498 1751 691 1817 τέχνην
737 1748 768 1797 ὁ
797 1738 1174 1814 Ἀγαμέμνων.
1263 1749 1441 1810 οὕτως
1490 1746 1549 1799 δὲ
1600 1751 1747 1799 πάνυ
1798 1745 1864 1818 ἦν
1912 1750 2183 1818 κατήκοος
2220 1754 2323 1798 τοῦ

226 1831 530 1900 Νέστορος,
572 1833 715 1883 ὥστε
755 1833 817 1882 οὐ
854 1835 1043 1897 μόνον,
1083 1832 1142 1883 εἴ
1170 1850 1227 1883 τι
1265 1837 1646 1902 προσέταττεν
1687 1835 1854 1895 αὐτὸς
1894 1835 2109 1902 παρών,
2150 1839 2315 1883 τοῦτο

227 1916 416 1966 ἐποίει
453 1917 787 1985 προθύμως,
827 1911 952 1967 ἀλλ’
997 1915 1124 1969 οὐδὲ
1164 1917 1223 1969 εἴ
1252 1935 1309 1969 τι
1338 1920 1472 1986 ὄναρ
1502 1911 1666 1988 ᾠήθη
1696 1921 1958 1987 Νέστορα
1988 1916 2181 1985 λέγειν,
2224 1918 2320 1967 οὐκ

148 2003 195 2046 20
232 1999 299 2050 ἂν
338 1998 464 2051 οὐδὲ
503 2007 667 2052 τοῦτο
706 1999 1032 2071 παρέλειπε.
1095 2005 1158 2053 τὸ
1197 2010 1327 2070 γοῦν
1367 2005 1501 2072 ὅναρ
1541 2005 1604 2053 τὸ
1645 2005 1777 2071 περὶ
1802 2010 1900 2073 τῆς
1924 2005 2103 2072 μάχης
2143 2003 2320 2063 οὕτως

57 2090 203 2132 (567Μ)
227 2082 577 2154 ἐξηπάτησεν
616 2087 798 2149 αὐτόν,
837 2090 1087 2155 Νέστορι
1113 2089 1483 2138 ἀπεικασθέν.
1550 2089 1612 2137 ού
1650 2091 1822 2153 μόνον
1862 2086 1921 2138 δὲ
1961 2086 2039 2154 τῴ
2068 2090 2317 2154 Νέστορι
2343 2089 2405 2138 10

227 2170 471 2238 ὑπήκουε
510 2167 765 2221 δοκοῦντι
805 2174 1214 2241 φρονιμωτάτῳ
1255 2178 1366 2222 τῶν
1400 2166 1655 2237 Ἀχαιῶν,
1702 2164 1828 2222 ἀλλ’
1874 2170 2000 2222 οὐδὲ
2041 2174 2170 2222 ἄνευ
2209 2178 2319 2221 τῶν

226 2256 499 2322 γερόντων
540 2254 698 2307 οὐδὲν
737 2257 1026 2325 ἔπραττεν.
1105 2258 1277 2307 ὁπότε
1315 2264 1445 2324 γοῦν
1493 2254 1718 2323 ἔμελλεν
1763 2254 1980 2324 ἐξάγειν
2017 2259 2114 2307 τὸν
2156 2270 2320 2323 στρα-

228 2341 324 2415 τόν
372 2339 452 2407 τῷ
501 2342 743 2409 ἐνυπνίῳ
796 2342 1092 2405 πεισθείς,
1155 2342 1217 2392 ού
1269 2345 1546 2411 πρότερον
1594 2339 1823 2412 ἐξήγαγε
1884 2343 2017 2411 πρὶν
2066 2345 2097 2411 ή
2148 2339 2317 2410 βουλὴ

149 2432 196 2476 25
233 2431 344 2478 τῶν
380 2428 653 2495 γερόντων
690 2428 928 2478 ἐκάθισε
964 2427 1121 2494 παρὰ
1147 2434 1216 2498 τῇ
1242 2428 1332 2497 νηὶ
1357 2434 1425 2497 τῇ
1451 2430 1755 2496 Νέστορος.
1820 2425 1946 2477 οὐδὲ
1975 2428 2073 2496 τὴν
2101 2430 2320 2495 πεῖραν,

228 2511 293 2580 ἢν
331 2509 592 2577 ἐβούλετο
634 2509 822 2579 λαβεῖν
859 2518 962 2562 τοῦ
997 2510 1289 2582 πλήθους,
1331 2514 1381 2563 εἰ
1419 2514 1505 2563 ἔτι
1541 2517 1728 2578 μένειν
1766 2509 2027 2579 ἐβούλετο
2066 2513 2160 2562 καὶ
2199 2510 2321 2562 δια-

229 2593 498 2662 πολεμεῖν
536 2603 637 2647 τοῦ
666 2590 963 2662 Ἀχιλλέως
998 2599 1312 2667 μηνίοντος,
1354 2599 1450 2648 οὐκ
1488 2595 1673 2660 ἄλλως
1711 2598 2025 2666 ἐπειράθη,
2067 2597 2201 2664 πρὶν
2242 2598 2322 2656 εἰς

228 2683 327 2751 τὴν
373 2679 578 2752 βουλὴν
626 2689 852 2751 πρῶτον
903 2681 1256 2754 εἰσήγγειλεν.
1345 2685 1400 2733 οἱ
1449 2681 1507 2734 δὲ
1559 2681 1765 2733 πολλοὶ
1813 2688 1924 2733 τῶν
1978 2679 2322 2749 δημαγωγῶν

231 2763 656 2834 ἀπροβούλευτα
705 2769 1054 2838 ψηφίσματα
1109 2769 1204 2818 οὐκ
1242 2769 1500 2819 ὀκνοῦσιν
1537 2769 1619 2830 εἰς
1657 2770 1753 2819 τὸν
1803 2765 1978 2836 δῆμον
2017 2766 2319 2835 εἰσφέρειν.

150 2858 201 2898 30
236 2852 445 2913 ἐκεῖνος
484 2849 543 2902 δὲ
580 2853 720 2918 μετὰ
758 2859 869 2904 τῶν
906 2856 1179 2922 γερόντων
1216 2851 1662 2920 βουλευσάμενος
1711 2853 1890 2911 οὕτως
1927 2852 2200 2918 ἐμέμνητο
2241 2850 2322 2909 εἰς

377 3077 397 3118 1
432 3070 634 3132 ἄρχουσι
662 3074 743 3120 ΡΗ
859 3078 882 3119 2
913 3077 994 3120 καὶ
1023 3077 1126 3126 πῶς
1156 3068 1243 3119 οὐκ
1272 3069 1333 3119 ἄν
1367 3073 1493 3117 UBM
1591 3077 1615 3115 3
1647 3070 1743 3131 ἄρα
1775 3072 1810 3114 Ρ
1897 3075 1924 3114 4
1954 3069 2170 3129 οἷγχαιῶν
2200 3069 2235 3114 Ρ

236 3146 262 3186 6
293 3138 584 3203 ὦκονομήθη
605 3143 647 3188 Η
735 3143 1026 3203 περιέβαλον
1055 3143 1112 3190 τὸ
1135 3144 1173 3187 Β
1194 3142 1483 3202 περιέβαλον
1508 3157 1543 3186 :2
1574 3141 1632 3188 τὸ
1656 3142 1695 3188 U
1718 3155 1776 3187 m.
1798 3154 1868 3198 pr.
1890 3143 2022 3194 (corr.
2053 3139 2163 3185 fecit
2192 3155 2323 3199 περι-

235 3210 500 3273 εβάλοντο,
529 3213 663 3258 etiam
693 3218 798 3259 ante
827 3231 884 3260 το
915 3222 1092 3267 rasura)
1208 3218 1230 3256 7
1264 3210 1321 3258 τὸ
1353 3226 1436 3269 pro
1468 3216 1556 3259 τοῦ
1584 3212 1665 3258 ΡΗ
1762 3216 1812 3256 10
1844 3205 1962 3257 αὐτὸ
1994 3210 2030 3254 Ρ
2147 3211 2324 3268 προσέ-

234 3287 374 3338 ταξεν
403 3284 444 3328 U
474 3297 531 3327 m.
563 3296 631 3338 pr.
662 3286 706 3335 (ν
736 3287 870 3336 eras.)
961 3286 1010 3328 12
1040 3282 1172 3328 Hom.
1201 3282 1254 3325 Il.
1285 3282 1332 3326 II
1363 3285 1444 3326 363
1536 3286 1587 3326 14
1615 3299 1675 3328 xo
1706 3282 1756 3327 in
1784 3280 1964 3334 κακοὺς
1992 3293 2020 3324 a
2051 3293 2166 3326 corr.
2199 3281 2239 3326 U

238 3358 290 3398 15
322 3349 530 3411 ω’φελίας
552 3354 599 3396 Μ
690 3357 740 3397 16
771 3352 989 3412 ἐπίστητε
1011 3353 1060 3397 Μ
1147 3348 1231 3411 τὴν
1261 3353 1567 3412 σρατιοτικὴν
1589 3353 1622 3396 Ρ
1644 3358 1767 3409 (mrg.
1798 3370 1874 3412 γρ.
1908 3351 2240 3410 στρατηγικὴν)

238 3430 287 3469 17
324 3420 350 3471 ὃ
384 3439 467 3470 om.
501 3425 544 3468 H
659 3417 786 3472 οὕτω
817 3425 854 3469 Β
971 3418 1119 3470 αὐτοῦ
1147 3426 1234 3470 τοῦ
1262 3422 1512 3483 Νέστορος
1542 3424 1580 3470 U
1721 3426 1770 3467 18
1801 3417 1965 3476 αὐτοῖς
1994 3420 2167 3482 παρών
2201 3423 2327 3468 UBM

232 3496 296 3550 (in
325 3497 367 3543 U
397 3497 577 3552 vulgata
607 3509 635 3540 a
666 3502 801 3550 corr.)
925 3498 978 3539 20
1010 3494 1266 3553 παρέλειπε
1295 3494 1339 3539 Η
1370 3494 1655 3552 παρέλειπεν
1684 3495 1726 3540 U
1746 3495 1843 3549 (sed
1875 3511 1901 3539 ν
1931 3498 2065 3547 eras.)
2096 3493 2328 3554 παρέλιπε

237 3569 373 3618 ceteri
488 3564 544 3613 τὸ
576 3567 670 3627 γάρ
699 3567 743 3610 Η
858 3569 907 3610 21
942 3561 1091 3611 αὑτὸν
1122 3565 1160 3611 U
1277 3568 1328 3609 22
1361 3560 1576 3623 οἷγχαιῶν
1606 3566 1641 3610 Ρ
1768 3569 1821 3609 25
1853 3560 1992 3611 έκάθι
2012 3578 2171 3611 εεσειε
2203 3565 2245 3611 U

236 3641 295 3697 τῇ
323 3640 516 3683 alterum
546 3651 573 3681 a
605 3651 719 3682 corr.
750 3638 786 3682 P
931 3641 983 3681 27
1014 3631 1234 3695 ἐπηράθη
1263 3634 1298 3678 Ρ
1329 3633 1563 3695 ἐπειράθη
1592 3640 1649 3688 (ει
1682 3648 1711 3680 a,
1739 3638 1873 3689 corr.)
1902 3635 1945 3682 U
2092 3637 2146 3679 29
2177 3629 2328 3694 οἷπρο·

234 3706 423 3767 βούλως
452 3706 510 3755 τὰ
544 3723 594 3768 ψ.
627 3708 707 3753 BU
737 3711 862 3764 (mrg.
893 3707 1028 3763 vulg.)
