2684 4140
362 263 464 310 298
1089 257 1238 302 DION
1242 258 1293 302 IS
1324 259 1724 306 CHARIDEMUS

360 408 575 476 τροφὴν
615 402 911 472 διδομένην
951 401 1093 473 ἀηδῆ
1120 420 1179 453 τε
1211 405 1304 454 καὶ
1333 401 1578 474 φαύλην·
1616 409 1760 475 ἡμᾶς
1800 404 1858 456 δὲ
1887 404 2071 468 ἄλλως
2099 408 2319 474 ἀγαπᾶν
2361 407 2454 460 διὰ

280 492 344 544 13
364 493 462 560 τὴν
501 491 739 558 ἀνάγκην
765 505 824 538 τε
849 489 944 538 καὶ
970 489 1233 557 ἀπορίαν.
1296 491 1390 540 καὶ
1427 490 1528 559 γὰρ
1558 495 1679 551 τοῖς
1704 484 1807 561 ὑφ’
1850 495 2007 561 ἡμῶν
2043 488 2456 558 κολαζομένοις,

360 568 484 625 ἅττ’
538 575 605 624 ἂν
644 575 906 642 παράσχῃ
945 590 1058 634 τις,
1108 575 1221 624 ὑπὸ
1263 571 1432 639 λιμοῦ
1464 577 1558 626 καὶ
1598 577 1905 646 συνηθείας
1942 574 2079 647 ἡδέα
2122 579 2454 647 φαίνεσθαι.

357 661 450 710 καὶ
487 665 661 709 ταῦτα
701 659 770 708 τὰ
813 660 966 709 σιτία
1005 666 1074 728 τῇ
1113 661 1215 724 μὲν
1254 657 1502 729 ἀληθείᾳ
1536 662 1756 731 πονηρὰ
1785 660 1932 712 εἶναι
1968 663 2062 712 καὶ
2101 660 2456 732 διεφθορότα

356 742 700 815 (δηλοῦσθαι
751 741 809 794 δὲ
859 745 958 814 τὴν
1009 742 1340 814 διαφθορὰν
1389 747 1449 795 ἐκ
1496 753 1595 816 τῆς
1642 753 1754 798 τῶν
1795 749 2070 812 σωμάτιον
2110 747 2452 810 ἀσθενείας),
2490 758 2514 798 5

359 832 445 881 ἔτι
483 827 542 880 δὲ
581 826 723 898 μηδὲ
762 826 823 892 ἐξ
860 831 1088 895 ἑτοίμου
1129 826 1479 899 πορίζεσθαι
1503 829 1644 901 μηδὲ
1684 837 1858 883 πᾶσιν
1898 832 2134 901 ἄφθονα
2171 834 2460 901 ὑπάρχειν,

361 912 501 965 ἀλλὰ
539 915 680 980 μετὰ
721 915 1018 983 ἀμηχάνων
1058 917 1249 966 πόνων
1276 917 1370 967 καὶ
1394 923 1591 968 κακῶν.
1746 915 2078 984 ξυγκεῖσθαι
2118 914 2176 966 δὲ
2215 921 2364 987 ἡμᾶς
2402 915 2463 979 ἐξ

278 1001 343 1051 14
365 1001 546 1050 αὐτῶν
587 997 649 1070 δὴ
679 1005 790 1050 τῶν
815 996 1251 1067 βασανιζόντων,
1290 1008 1476 1073 ψυχῆς
1513 1020 1572 1054 τε
1609 1004 1704 1053 καὶ
1741 1005 2017 1068 σώματος.
2081 1004 2180 1072 τὴν
2217 1004 2318 1067 μὲν
2357 1002 2459 1071 γὰρ

360 1086 680 1151 ἐπιθυμίας
718 1103 778 1136 τε
815 1087 909 1137 καὶ
948 1084 1131 1148 λύπας
1167 1088 1261 1138 καὶ
1300 1088 1469 1157 ὀργὰς
1505 1090 1599 1139 καὶ
1639 1089 1854 1158 φόβους
1890 1089 1984 1138 καὶ
2025 1085 2333 1157 φροντίδας
2368 1089 2463 1138 καὶ

268 1191 270 1193 ’
358 1172 530 1240 μυρία
570 1171 736 1240 πάθη
789 1177 1023 1222 τοιαῦτα
1075 1172 1219 1237 ἔχειν
1257 1174 1316 1224 ἑν
1365 1173 1560 1243 ἑαυτῇ,
1611 1175 1705 1225 καὶ
1754 1166 1832 1224 δι’
1875 1177 2086 1244 ἡμέρας
2134 1174 2228 1223 καὶ
2266 1175 2460 1234 νυκτὸς
2502 1182 2548 1224 10

359 1258 472 1307 ὑπὸ
518 1257 732 1307 τούτων
782 1257 871 1307 ἀεὶ
915 1258 1357 1309 κατατείνεσθαι
1393 1260 1487 1310 καὶ
1527 1257 1946 1328 στρεβλοῦσθαι
1995 1260 2106 1320 (καὶ
2152 1258 2255 1327 γὰρ
2305 1260 2462 1318 ὅστις

359 1343 776 1411 ἐπιεικέστερον
817 1339 1109 1403 διάκειται,
1146 1337 1402 1394 καθόλου
1442 1346 1543 1409 μὲν
1571 1341 1927 1415 ἀπήλλακται
1965 1346 2179 1395 τούτων
2220 1341 2462 1406 οὐδενός,

364 1428 556 1496 ὥσπερ
599 1424 657 1477 δὲ
697 1427 878 1497 θηρία
918 1425 1077 1479 ἔνδον
1115 1426 1618 1495 κατακεκλεισμένα
1657 1431 1796 1494 ἔχει,
1835 1430 1976 1495 μετὰ
2013 1430 2143 1496 βίας
2183 1431 2324 1495 ὁμοῦ
2359 1430 2454 1479 καὶ

362 1512 609 1573 πειθοῦς
646 1528 801 1573 τινος
839 1517 1225 1582 ἠναγκασμένα
1265 1518 1516 1584 ἠρεμεῖν·
1558 1516 1609 1566 εἰ
1658 1513 1717 1566 δὲ
1755 1517 1848 1566 καὶ
1900 1517 2131 1584 σμικρὸν
2171 1517 2458 1564 παύσαιτο

282 1600 345 1650 15
366 1595 702 1665 κατεπᾴδων
734 1600 828 1648 καὶ
854 1603 1165 1667 προσέχων,
1208 1601 1404 1650 αὐτίκα
1445 1598 1508 1671 δὴ
1537 1598 1688 1666 μάλα
1715 1595 2062 1665 κινούμενα)·
2101 1602 2164 1650 τὸ
2206 1597 2264 1650 δὲ
2295 1605 2456 1664 σῶμα
2497 1608 2542 1648 15

362 1679 606 1749 ἰλίγγους
644 1700 704 1733 τε
741 1685 835 1733 καὶ
864 1686 1164 1749 σπασμοὺς
1201 1687 1295 1735 καὶ
1320 1683 1638 1755 ἐπιληψίας
1676 1687 1770 1736 καὶ
1805 1683 1980 1735 τᾶλλα
2008 1687 2316 1755 νοσήματα,
2357 1688 2461 1735 ὅσα

362 1762 460 1836 [δὲ]
503 1765 628 1818 οὐδὲ
668 1766 747 1835 τῷ
788 1764 929 1836 λόγῳ
962 1766 1196 1820 δυνατὸν
1225 1767 1494 1834 διελθεῖν,
1535 1773 1612 1832 ὡς
1650 1771 1717 1821 ἂν
1746 1771 1986 1836 αἵματος
2022 1772 2116 1821 καὶ
2142 1772 2462 1834 πνεύματος

359 1850 594 1918 μεστόν,
646 1853 730 1903 ἔτι
771 1850 829 1903 δὲ
869 1855 927 1904 ἐκ
969 1861 1188 1924 σαρκῶν
1226 1873 1287 1906 τε
1323 1857 1418 1906 καὶ
1455 1858 1663 1925 νεύρων
1701 1857 1795 1906 καὶ
1834 1857 2045 1906 ὀστέων
2087 1856 2458 1922 συγκείμενον,
2476 1864 2672 1909 (552ΒΠ)

360 1943 419 1990 ἐκ
455 1936 719 2004 μαλακῶν
758 1958 817 1992 τε
855 1942 948 1992 καὶ
977 1939 1227 2011 σκληρῶν
1253 1943 1346 1992 καὶ
1372 1943 1551 2011 ὑγρῶν
1576 1942 1672 1992 καὶ
1712 1939 1908 2011 ξηρῶν,
1938 1935 2033 2009 [ἐκ]
2061 1946 2172 1991 τῶν
2199 1941 2461 1991 ἐναντιω-

360 2026 560 2075 τάτων.
636 2028 705 2074 τά
744 2043 803 2076 τε
834 2027 1004 2089 σιτία,
1046 2029 1185 2097 ὅπερ
1216 2026 1396 2091 εἷπον,
1424 2028 1689 2097 μοχθηροὶ
1718 2029 1848 2078 ὄντα
1875 2028 1970 2077 καὶ
2002 2028 2099 2077 τὸν
2140 2017 2276 2095 ἀέρα
2317 2018 2456 2076 ἀνώ-
2495 2033 2542 2074 20

361 2107 540 2175 μαλον
579 2112 1025 2180 προσπίπτοντα
1064 2113 1166 2174 τὰς
1202 2115 1304 2178 μὲν
1343 2115 1649 2164 ἐπιτείνειν
1687 2119 1799 2163 τῶν
1838 2114 2049 2175 νόσων,
2088 2112 2190 2172 τὰς
2231 2108 2289 2161 δὲ
2331 2104 2461 2161 ἀνα-

360 2198 560 2258 κινεῖν,
618 2196 680 2245 οὐ
732 2193 1007 2258 δοκούσας
1043 2199 1145 2262 μὲν
1187 2196 1334 2249 εἶναι
1373 2200 1668 2266 πρότερον,
1708 2199 1944 2258 ἐνούσας
1984 2194 2042 2247 δὲ
2083 2198 2140 2247 ἐν
2178 2195 2247 2265 τῇ
2290 2198 2459 2266 φύσει

281 2288 346 2340 16
367 2285 478 2330 τῶν
520 2283 811 2345 σωμάτων.
887 2283 981 2333 καὶ
1031 2289 1205 2333 ταῦτα
1256 2285 1357 2348 μὲν
1406 2280 1566 2333 ἔνδον
1615 2284 1911 2350 ἐγκεῖσθαι
1948 2282 2017 2332 τὰ
2055 2282 2195 2332 κακὰ
2235 2282 2292 2331 ἐν
2330 2284 2463 2350 ἡμῖν

365 2366 572 2428 αὐτοῖς,
602 2363 987 2437 ἐλαφροτέρας
1027 2365 1086 2418 δὲ
1113 2364 1274 2436 <τὰς>
1300 2365 1517 2431 ἔξωθεν
1542 2365 1820 2432 κολάσεις,
1861 2366 1920 2417 εἴ
1951 2385 2039 2428 τις
2077 2367 2250 2428 αὐτὰς
2278 2382 2459 2435 παρα-

363 2448 566 2517 βάλλοι
603 2456 729 2513 ταῖς
781 2454 840 2502 ἐκ
876 2459 976 2523 τῆς
1027 2455 1268 2523 φύσεως.
1343 2457 1375 2523 ἡ
1416 2454 1519 2522 γὰρ
1560 2450 1742 2522 πυρός
1779 2470 1838 2503 τε
1876 2454 1970 2503 καὶ
2011 2449 2242 2522 σιδήρου
2285 2453 2457 2521 φύσις
2495 2459 2541 2500 25

362 2538 456 2587 καὶ
494 2534 722 2606 πληγῶν
763 2535 822 2588 δὲ
860 2540 954 2589 καὶ
979 2544 1090 2589 τῶν
1127 2536 1311 2590 ἄλλων
1352 2536 1506 2601 ὀξεῖα
1545 2541 1638 2589 καὶ
1676 2539 1810 2603 ταχύ
1851 2530 2204 2588 ἀπαλλάττει
2240 2543 2339 2607 τῆς
2378 2537 2462 2586 αἰ-

368 2622 647 2691 σθήσεως,
689 2621 747 2672 εἴ
777 2641 865 2684 τις
901 2625 995 2674 καὶ
1036 2626 1267 2693 σμικρὸν
1305 2622 1649 2693 ὑπερβάλοι·
1690 2626 1747 2674 ἐν
1789 2621 1847 2674 δὲ
1887 2627 2014 2684 ταῖς
2051 2617 2245 2683 νόσοις
2284 2623 2464 2673 ἐνίοτε

283 2715 346 2765 17
369 2708 779 2776 παρατείνουσι
826 2710 919 2759 καὶ
968 2711 1116 2760 πάνυ
1164 2707 1343 2760 πολὺν
1388 2707 1608 2778 χρόνον.
1801 2706 2057 2759 τοιαῖσδε
2105 2709 2206 2773 μὲν
2257 2705 2320 2777 δὴ
2370 2709 2464 2757 καὶ

365 2791 635 2843 τοσαῖσδε
660 2794 936 2859 βασάνοις
964 2792 1358 2860 ξυνεχομένους
1386 2797 1517 2855 τοὺς
1548 2795 1896 2864 ἀνθρώπους
1916 2795 1974 2843 ἐν
1995 2790 2127 2862 τῇδε
2147 2799 2216 2861 τῇ
2239 2790 2460 2861 φρουρᾷ

362 2879 456 2928 καὶ
493 2876 638 2946 τῷδε
676 2877 758 2946 τῷ
810 2877 1174 2950 δεσμωτηρίῳ
1216 2884 1403 2947 μένειν
1449 2883 1545 2931 τὸν
1590 2883 1924 2947 τεταγμένον
1974 2880 2208 2928 ἕκαστον
2242 2878 2460 2945 χρόνον,
2500 2887 2549 2927 30

363 2964 457 3013 καὶ
493 2965 566 3034 μὴ
610 2966 743 3033 πρὶν
783 2966 1019 3016 ἀπιέναι
1057 2968 1188 3028 τοὺς
1216 2963 1463 3027 πολλοὺς
1501 2967 1636 3035 πρὶν
1663 2966 1729 3016 ἂν
1768 2962 1828 3027 ἐξ
1868 2966 2041 3015 αὐτοῦ
2076 2964 2463 3032 ποιησάμενος
2486 2973 2683 3016 (553311)

366 3045 536 3099 ἄλλον
576 3043 715 3100 ἀνθ’
760 3054 965 3102 ἑαυτοῦ
997 3050 1280 3121 καταλίπῃ
1323 3049 1585 3116 διάδοχον
1623 3057 1721 3120 τῆς
1756 3047 2068 3111 κολάσεως,
2122 3049 2177 3097 οἱ
2211 3049 2312 3113 μὲν
2351 3049 2463 3109 ἕνα,

511 3251 535 3290 3
566 3241 807 3308 παράσχηι
837 3253 899 3308 (ηι
928 3261 984 3294 ex
1016 3266 1062 3296 οι
1094 3262 1209 3294 corr.
1241 3261 1269 3293 a
1298 3262 1357 3293 m.
1388 3251 1476 3305 pr.)
1508 3246 1546 3292 U
1649 3248 1815 3303 λειμοῦ
1844 3245 1892 3289 Μ
1994 3248 2021 3288 4
2050 3244 2224 3288 maIIm:
2255 3234 2467 3300 (οὕτως)

367 3323 447 3366 καὶ
579 3317 639 3368 τὰ
671 3333 757 3365 om.
790 3320 830 3366 U
977 3325 1028 3365 12
1061 3317 1263 3368 διάκειτε
1294 3319 1335 3364 U
1484 3322 1535 3362 14
1567 3319 1742 3371 πίθους
1772 3317 1820 3361 Μ
1970 3319 2022 3359 16
2053 3314 2288 3373 εἰλίγγους
2316 3312 2464 3364 UBM,

369 3391 577 3451 ἰλίγγους
607 3392 645 3436 Τ
782 3385 875 3439 ὅσα
906 3393 955 3439 δὲ
985 3391 1132 3447 UBM,
1165 3384 1259 3439 ὅσα
1289 3394 1392 3445 (om.
1424 3390 1489 3445 δὲ)
1520 3389 1558 3434 Τ
1707 3392 1758 3433 18
1790 3390 1960 3445 μεστοὶ
1989 3386 2031 3431 U
2062 3400 2119 3431 m.
2149 3398 2218 3441 pr.
2248 3383 2352 3437 ΒΜ,
2382 3399 2463 3439 με·

367 3461 486 3511 στὸν
519 3464 557 3507 Τ
736 3468 785 3508 19
815 3462 871 3509 ἐκ
901 3464 1043 3509 delevi
1216 3466 1270 3508 20
1301 3455 1466 3521 ὥσπερ
1496 3462 1538 3507 U
1723 3463 1774 3505 21
1807 3458 2043 3517 ἐπιτείνην
2071 3458 2114 3503 U
2277 3457 2333 3498 24
2361 3452 2464 3500 ἐλα-

367 3535 611 3595 φροτέρας
650 3535 698 3582 δὲ
725 3533 860 3592 <τὰς>
890 3535 1063 3591 scripsi,
1095 3533 1261 3595 ἑτέρας
1292 3534 1341 3580 δὲ
1369 3534 1472 3579 libri
1623 3524 1743 3578 αὐτὰ
1772 3530 1905 3576 ΠΒΜ
1937 3543 1995 3573 m.
2027 3541 2110 3586 pr„
2140 3521 2285 3578 αὑτὰς
2314 3524 2352 3567 Τ

370 3611 422 3652 26
455 3603 538 3660 ὀξὺ
567 3606 647 3652 UB
791 3605 918 3664 παχύ
948 3606 985 3649 Β
1131 3609 1183 3649 27
1216 3602 1266 3651 εἴ
1286 3622 1332 3651 τι
1362 3604 1402 3649 U
1546 3599 1840 3662 ὑπερβάλλω
1870 3601 1913 3647 U
2057 3602 2110 3643 28
2143 3599 2351 3643 τοιαῖσδε
2380 3607 2462 3650 pro

368 3683 594 3725 τοσαῖσδε
624 3676 716 3721 UM
746 3677 809 3729 (in
839 3677 926 3721 hoc
955 3689 1180 3733 superscr.
1212 3679 1452 3730 τοσαῖσδε)
1589 3678 1643 3718 30
1673 3670 1876 3725 ἕκαστος
1908 3670 1946 3715 U
2090 3672 2140 3712 31
2176 3663 2237 3713 ἄν
2265 3664 2386 3720 (τις)
2415 3663 2468 3718 ἐξ

367 3749 500 3806 Emp.
531 3748 593 3803 (in
622 3747 815 3802 schedis)
933 3750 986 3791 32
1015 3750 1266 3794 καταλίπει
1295 3747 1336 3793 U
