2684 4140
401 250 471 299 88
1114 231 1317 278 DIONIS
1346 229 1415 274 IN
1444 225 1749 273 CONCIONE

397 393 485 442 ὅτι
508 387 652 455 πρὸς
678 380 834 433 οὐδὲν
861 380 1076 429 ἄτοπον
1096 373 1384 443 χρήσεσθε
1408 377 1477 440 τῇ
1513 367 1758 436 ἐξουσίᾳ.
1826 367 1950 417 οὔτε
1977 365 2080 433 γὰρ
2114 359 2248 427 ξύλα
2282 360 2469 431 χλωρά

397 468 683 540 δήπουθεν
722 460 900 522 οὐδεὶς
940 459 1288 526 συντίθησιν,
1330 456 1473 505 ὥστε
1509 453 1771 509 κάεσθαι,
1812 447 2096 519 προειδὼς
2133 450 2222 499 ὅτι
2266 447 2463 514 ἀνάγκη

392 551 658 620 γενέσθαι
691 545 904 597 καπνὸν
943 539 1119 592 πολὺν
1156 541 1250 591 καὶ
1287 540 1522 601 ἄτοπον,
1564 537 1688 587 οὔτε
1726 538 2135 602 τεταραγμένον
2176 529 2350 602 δῆμον
2389 532 2464 591 είς

392 634 557 685 ταύτὸ
598 632 820 696 συνάγει
857 633 985 678 νοῦν
1023 627 1162 691 ἔχων
1199 625 1418 694 ἡγεμών
1429 663 1445 687 ,
1496 619 1637 672 ἀλλὰ
1677 622 1744 672 ἂν
1781 622 1856 690 μή
1897 637 1985 681 τις
2019 614 2225 685 μείζων
2264 618 2463 685 ἀνάγκη

323 721 355 770 2
391 713 687 782 καταλάβῃ.
750 718 844 763 νῦν
884 711 979 762 οὖν
1014 711 1280 778 ὑμέτερον
1318 709 1478 779 ἔργον
1516 708 1638 758 ἐστὶ
1672 707 1746 777 μὴ
1795 705 2137 772 ψεύσασθαι
2175 704 2344 754 αὐτοῦ
2375 702 2473 771 τήν
2509 710 2534 751 5

389 799 666 861 διάνοιαν,
714 788 842 846 ἀλλ’
897 792 1184 858 ἐπιδεῖξαι
1225 795 1538 864 σωφρόνως
1583 792 1678 843 καὶ
1721 787 1906 851 καλῶς
1945 791 2147 850 αὑτοὺς
2185 785 2468 856 ἐκκλησιά-

386 881 605 946 ζοντας,
650 883 744 932 καὶ
790 885 1044 951 πρῶτον,
1096 879 1224 946 ἐμοὶ
1273 876 1483 941 δοκεῖν,
1534 874 2024 928 καλλωπίσασθαι
2071 880 2140 943 τῇ
2192 871 2353 944 φιλίᾳ
2401 880 2469 942 τῇ

385 969 528 1037 πρὸς
565 964 836 1036 ἀλλήλους
859 966 953 1016 καὶ
979 965 1231 1034 ὁμονοίᾳ,
1269 964 1370 1015 κᾶν
1398 961 1560 1033 δεῦρο
1590 963 1865 1033 ἀφίκηται
1892 956 2298 1029 παρακληθείς,
2339 958 2470 1026 περὶ

382 1054 483 1118 μὲν
520 1057 630 1103 τῶν
669 1048 853 1102 ἄλλων
891 1049 968 1102 ὧν
1006 1051 1205 1117 ἐβοᾶτε
1243 1049 1643 1118 ὑπερθέσθαι·
1685 1043 1910 1117 ζητήσει
1946 1045 2049 1114 γὰρ
2079 1045 2243 1106 αὐτὸς
2268 1043 2336 1093 τὰ
2377 1040 2470 1111 δη·-

379 1139 570 1203 μόσια,
596 1137 697 1187 κᾶν
715 1137 874 1202 ὑμεῖς
891 1132 1123 1186 κωλύειν
1143 1132 1367 1205 θέλητε.
1411 1135 1474 1184 τὸ
1499 1131 1557 1184 δὲ
1579 1138 1675 1184 νῦν
1697 1133 2131 1202 εὐχαριστήσατε
2151 1131 2244 1181 καὶ
2270 1125 2461 1192 δεξιώ-
2501 1136 2546 1177 10

383 1223 568 1273 σασθε
613 1222 706 1273 καὶ
740 1211 864 1287 μετ’
908 1221 1189 1291 εὐφημίας
1223 1221 1318 1271 καὶ
1365 1226 1532 1290 τιμῆς
1580 1215 1975 1281 ὑποδέξασθε,
2029 1217 2118 1267 ἵνα
2156 1217 2229 1286 μὴ
2273 1215 2466 1283 ὥσπερ
2492 1226 2672 1264 (237311

401 1309 569 1376 ατρὸς
605 1308 750 1374 πρὸς
775 1312 1080 1367 νοσοῦντας
1104 1307 1382 1367 ὑπόπτως
1405 1306 1501 1355 καὶ
1527 1301 1715 1374 ἀηδῶς
1742 1303 2065 1372 θεραπείας
2101 1304 2295 1365 ἕνεκεν,
2335 1293 2461 1350 ἀλλ’
2491 1311 2571 1353 (531
2590 1311 2644 1354 Μ)

316 1393 346 1444 3
385 1392 462 1453 ὡς
508 1392 654 1459 πρὸς
699 1392 1053 1458 ὑγιαίνοντας
1100 1388 1280 1460 ήδέως
1324 1391 1419 1441 καὶ
1473 1390 1792 1459 προθύμως
1843 1395 2013 1457 παρῇ.
2108 1388 2202 1437 καὶ
2248 1386 2351 1455 γὰρ
2403 1383 2466 1455 δή

380 1481 474 1527 νῦν
520 1477 621 1541 μὲν
671 1477 874 1527 ἄπεισι
918 1476 1059 1541 μετὰ
1107 1477 1206 1546 τήν
1254 1476 1494 1545 τήμερον
1546 1473 1686 1535 ἴσως
1733 1477 1973 1544 ἡμέραν,
2034 1473 2357 1542 ἀφικνεῖται
2409 1468 2467 1520 δὲ

381 1558 567 1628 ὀλίγον
613 1561 872 1629 ὕστερον·
919 1561 1012 1611 καὶ
1048 1562 1202 1624 τότε,
1242 1561 1310 1611 ἂν
1345 1561 1420 1630 μὴ
1462 1561 1739 1628 πρότερον
1779 1551 1940 1609 αὐτοὶ
1977 1558 2265 1622 πείσωμεν
2302 1557 2462 1621 ὑμᾶς,
2503 1563 2549 1604 15

379 1644 438 1696 εἴ
467 1663 554 1707 τις
590 1646 698 1714 ἄρα
737 1651 848 1696 τῶν
898 1643 1185 1715 δημοσίων
1237 1646 1481 1710 ἔχει-τι,
1530 1646 1624 1695 καὶ
1673 1641 1966 1704 δικασταῖς
2012 1644 2106 1694 καὶ
2152 1640 2470 1711 διαιτηταῖς

378 1727 641 1800 ἀλλήλοις
682 1732 1054 1800 χρησάμενοι,
1105 1732 1234 1781 τότε
1281 1726 1505 1792 ἐξέσται
1553 1730 1648 1780 καὶ
1685 1726 1863 1796 λέγειν
1900 1730 1994 1778 καὶ
2028 1727 2327 1793 καταβοᾶν.
2404 1727 2469 1774 τό

377 1831 436 1882 γε
483 1817 590 1885 μὴν
629 1811 1162 1883 προεξανίστασθαι
1199 1816 1273 1885 μὴ
1318 1811 1541 1884 σφόδρα
1593 1815 1851 1881 ἄγνωμον
1888 1796 1941 1881 ᾗ.
2027 1817 2145 1862 ποῦ
2187 1812 2291 1878 γὰρ
2331 1811 2470 1860 ἀπε-

377 1900 695 1970 πειράθητε
740 1900 772 1969 ἢ
822 1901 963 1950 πότε
1001 1894 1324 1969 ἠξιώσατε*
1364 1889 1507 1966 παρ’
1552 1891 1768 1961 αὑτῶν,·
1816 1899 1849 1968 ἢ
1900 1898 1988 1959 τίς
2025 1898 2154 1963 ὑμῖν
2195 1887 2291 1960 οὐχ
2328 1896 2470 1965 ὑπή-

374 1998 571 2047 κουσε,·
616 1986 710 2035 καὶ
755 1985 853 2054 τὴν
901 1977 1182 2054 εὐφημίαν
1228 1985 1326 2054 τὴν
1375 1984 1457 2044 εἰς
1495 1984 1621 2049 ἐμέ,
1669 1984 1776 2051 ἐγὼ
1819 1981 2046 2048 δέομαι,
2096 1985 2345 2051 τρέψατε
2386 1981 2468 2041 εἰς
2504 1987 2551 2029 20

381 2072 651 2131 ἅπαντας.
739 2070 930 2138 ὥσπερ
980 2069 1083 2139 γὰρ
1133 2070 1191 2119 ἐν
1239 2070 1496 2120 ἑστιάσει
1544 2071 1693 2120 πάνυ
1745 2070 1975 2137 αἰσχρόν
2023 2069 2177 2118 ἐστιν
2226 2069 2322 2117 ἕνα
2361 2071 2472 2116 τῶν

377 2158 786 2220 κατακειμένων
823 2155 1035 2218 πίνειν,
1085 2155 1179 2205 καὶ
1219 2151 1311 2205 διὰ
1351 2160 1517 2204 τοῦτο
1555 2155 1629 2225 μή
1668 2156 1841 2220 μόνον
1879 2152 1958 2221 τῷ
2000 2154 2232 2219 οἰνοχόῳ
2276 2150 2469 2202 δυσκο-

381 2237 657 2306 λαίνομεν,
697 2237 837 2289 ἀλλὰ
874 2241 967 2290 καὶ
1005 2238 1084 2307 τῷ
1124 2240 1365 2303 πίνοντι,
1406 2241 1469 2290 τὸ
1511 2232 1647 2290 αὐτὸ
1688 2245 1853 2289 τοῦτο
1893 2241 1951 2289 ἐν
1989 2242 2111 2299 τοῖς
2149 2234 2469 2298 πολιτικοῖς

312 2328 343 2376 4
380 2325 640 2385 ἐπαίνοις
678 2326 845 2375 ἐστίν.
929 2325 1023 2375 καὶ
1058 2330 1232 2375 ταῦτα
1271 2329 1569 2386 ποιοῦντες
1609 2326 1810 2386 αὑτούς
1845 2325 2182 2393 κοσμήσετε,
2233 2323 2310 2383 ὡς
2348 2322 2470 2371 ἔστι
2495 2330 2680 2374 (283311.

378 2413 587 2476 κόσμος
606 2405 764 2479 <τῆς>
789 2407 1009 2471 πόλεως
1029 2413 1293 2476 μέγιστος
1318 2411 1349 2460 ὁ
1372 2415 1484 2461 τῶν
1512 2407 1764 2461 πολιτῶν
1790 2411 2041 2471 ἔπαινος.
2100 2409 2199 2459 ἐπὶ
2224 2409 2336 2458 τίνι
2361 2406 2464 2474 γὰρ
2504 2418 2551 2459 25

380 2491 528 2561 ἄλλῳ
555 2497 696 2560 μέγα
719 2498 1009 2564 φρονεῖτε,
1038 2488 1101 2544 οὗ
1120 2495 1355 2561 μεγέθει
1372 2496 1474 2560 μὲν
1500 2497 1687 2562 ἕτεραι
1714 2492 2053 2564 διαφέρουσι
2079 2491 2277 2554 πόλεις
2295 2493 2389 2542 καὶ
2408 2492 2470 2560 νὴ

378 2580 494 2629 Δία
533 2576 758 2645 πλούτῳ
798 2580 891 2629 καὶ
928 2580 1230 2648 περιουσίᾳ
1267 2581 1362 2630 καὶ
1398 2583 1519 2640 τοῖς
1559 2577 1857 2648 δημοσίοις
1896 2577 2373 2649 οἰκοδομήμασιν,·
2416 2576 2474 2627 ἓν

381 2661 439 2714 δὲ
467 2666 633 2714 τοῦτό
664 2665 834 2726 ἐστιν,
864 2656 909 2731 (ᾗ
938 2661 1399 2734 φιλοτιμούμεθα
1430 2662 1624 2729 σχεδὸν
1650 2667 1797 2734 πρὸς
1815 2667 2085 2726 ἅπαντας
2111 2665 2474 2733 ἀνθρώπους,

378 2749 440 2798 τὸ
481 2749 624 2813 ἔχειν
663 2746 870 2818 ἄνδρας
910 2750 1132 2810 ἱκανούς
1179 2750 1272 2800 καὶ
1319 2746 1532 2817 πρᾶξαι
1567 2751 1661 2800 καὶ
1699 2751 1908 2814 εἰπεῖν,
1958 2752 2053 2801 καὶ
2088 2751 2151 2800 τὸ
2189 2753 2472 2816 μέγιστον,

378 2833 716 2899 ἀγαπῶντας
754 2835 851 2903 τήν
891 2831 1155 2902 πατρίδα.
1220 2834 1316 2884 ἐὰν
1357 2831 1418 2883 δέ
1455 2851 1542 2895 τις
1580 2835 1734 2899 ὑμῶν
1760 2841 1926 2885 τοῦτο
1955 2832 2253 2905 ἀφέληται,
2294 2834 2467 2894 ποίας
2503 2844 2551 2884 30

526 3058 545 3098 1
577 3051 846 3113 χρήσεσθαι
875 3055 963 3099 ΒΜ
990 3051 1234 3114 χρήσεσθε
1264 3059 1304 3110 (ε
1333 3058 1410 3101 alt.
1441 3069 1469 3100 a
1499 3061 1633 3112 corr.)
1654 3057 1694 3102 U
1818 3062 1842 3102 2
1873 3060 2100 3105 καίεσθαι
2130 3060 2179 3103 Μ
2295 3064 2322 3103 4
2351 3054 2471 3106 ἀλλα

381 3123 440 3168 ef.
473 3136 538 3168 or.
567 3125 722 3169 XXXI
753 3128 777 3181 ξ
803 3131 855 3170 75
886 3126 1057 3171 LXXX
1088 3130 1114 3182 ξ
1137 3130 1162 3171 8
1248 3129 1416 3184 μεῖζον
1445 3127 1486 3173 U
1516 3141 1578 3173 m.
1608 3141 1679 3185 pr.
1768 3132 1794 3172 6
1826 3123 1944 3176 ἀλλὰ
1977 3130 2027 3173 Μ
2125 3124 2298 3184 αὖτοὺς
2326 3130 2417 3174 ΜΤ

381 3197 404 3236 7
435 3196 567 3240 δοκεῖ
590 3195 707 3250 libri,
737 3209 850 3241 corr.
882 3197 1012 3242 Dind.
1137 3201 1187 3242 12
1218 3194 1345 3257 πρὸς
1374 3212 1459 3243 om.
1493 3199 1533 3244 U
1688 3203 1738 3244 13
1769 3196 1896 3261 πρὸς
1925 3214 2010 3245 om.
2045 3201 2082 3245 T
2200 3197 2252 3259 δὴ
2283 3196 2326 3259 (ὴ
2358 3214 2386 3245 a.
2413 3214 2473 3245 m.

380 3266 487 3316 see.)
518 3263 557 3307 U
693 3270 744 3309 14
774 3268 971 3323 τίμερον
1002 3268 1051 3311 Μ
1201 3274 1251 3314 15
1283 3267 1405 3327 ἡμᾶς
1434 3269 1626 3327 Reiske3
1658 3278 1899 3329 exspecto:
1932 3274 2176 3330 πείσωμεν
2207 3266 2474 3319 ἀποδοῦναι

382 3331 432 3379 εἴ
451 3349 521 3387 τις
550 3330 646 3393 ἄρα
676 3338 761 3379 etc.
855 3341 906 3382 18
937 3338 985 3383 δὲ
1014 3352 1095 3395 pro
1126 3356 1180 3398 γε
1210 3341 1259 3384 Μ
1346 3343 1800 3399 προεπανίστασθαι
1823 3343 1930 3388 Wil.
2044 3345 2159 3403 μηδὲ
2178 3344 2229 3389 Μ
2323 3338 2475 3403 ἀγνῶ-

380 3419 475 3458 μον
495 3403 574 3447 UT
692 3409 743 3449 19
774 3401 803 3463 ἢ
833 3403 926 3453 πού
956 3424 1001 3453 τι
1030 3412 1126 3461 (aut
1154 3406 1387 3467 ἤξιώσατὲ
1417 3415 1477 3466 τι)
1509 3414 1623 3457 coni.
1654 3413 1786 3471 Emp.
1816 3409 2047 3471 ἠξιώσατε
2075 3410 2326 3473 (ἀκούειν)
2346 3414 2474 3459 Reis-

381 3472 506 3529 kiu83
544 3479 752 3518 neutrum
781 3474 952 3531 placet,
993 3479 1071 3523 sed
1114 3480 1381 3525 infinitivum
1409 3482 1691 3529 intercidisse
1719 3498 1748 3529 a.
1778 3498 1866 3541 quo
1897 3481 2029 3546 παρὰ
2066 3485 2306 3542 penderet,
2349 3489 2473 3529 recte

382 3542 491 3624 ''³2¹st
509 3543 720 3589 Reiskius
809 3549 858 3588 21
883 3538 1072 3593 ἅπαντα
1092 3550 1139 3592 Μ
1226 3553 1279 3593 22
1302 3555 1624 3600 δυσκολαίνειν
1642 3554 1759 3611 libri,
1781 3569 1896 3601 corr.
1912 3556 2046 3612 Emp.
2134 3559 2190 3599 24
2208 3553 2314 3600 ἐστί
2333 3554 2414 3600 UT

383 3629 553 3666 αυτους
581 3613 622 3658 U
652 3627 710 3657 m.
740 3627 822 3670 pr„
853 3615 891 3659 T
995 3620 1159 3675 25,τῆς
1188 3620 1291 3666 add.
1320 3621 1425 3667 Wil.
1512 3627 1594 3670 καὶ
1622 3625 1846 3684 μέγιστος
1874 3626 1996 3671 UBT
2112 3627 2166 3669 26
2196 3620 2313 3671 ἄλλο
2346 3623 2386 3668 U

382 3691 605 3741 φρονεῖτε
634 3683 754 3742 μέγα
785 3685 822 3728 Β
909 3689 960 3730 27
993 3691 1191 3734 πλοῦτοι
1212 3689 1248 3734 U
1269 3703 1327 3735 m.
1350 3704 1433 3748 pr„
1463 3697 1515 3738 ut
1543 3695 1718 3740 videtur
1814 3706 1917 3752 τοῖς
1946 3710 2031 3742 om.
2053 3696 2091 3740 T
2179 3699 2233 3740 28
2255 3692 2412 3757 τούτῳ
2433 3697 2471 3740 Β
