2684 4140
927 274 968 315 9.
1013 269 1215 317 DIONIS
1241 271 1656 319 PHILOSOPHIA.

295 414 404 465 δους
432 405 666 469 λαβόντες
695 404 940 471 ἀκροατὰς
964 414 1043 457 καὶ
1069 408 1254 473 χὲιροή·

295 486 398 535 θεις
418 478 604 535 ἑαυτοῖς
634 483 675 532 3)
694 479 848 538 Cynici
863 485 1045 542 πλῆθος
1065 477 1254 541 ἀνθρώ-

297 568 402 598 πων
432 546 567 598 οὖδὲν
595 549 922 608 ἐπισταμένων
942 549 1060 602 ἀλλὰ
1081 556 1258 615 χρείων

297 624 479 680 τροφῆς
506 626 550 675 4)
580 621 658 666 alii
676 621 723 666 in
742 622 917 667 theatro
948 622 1170 667 orationes
1191 622 1258 666 vel

298 693 507 750 poemata
534 692 730 736 recitant
759 704 825 737 or.
856 692 1031 736 XXXII
1061 693 1255 747 §9-11,

2210 275 2311 325 375

1354 409 1510 470 μόθεν
1537 407 1647 471 ὑμῖν
1677 411 1986 474 προσήκοντα
2005 411 2067 475 μὴ
2098 411 2219 463 κατὰ
2249 415 2307 463 τὸ

1356 479 1602 540 δαιμόνιον
1629 475 1758 542 ἥκειν
1776 483 1977 545 ἐροῦντα
1997 488 2077 532 καὶ
2107 490 2310 546 συμβου-

1356 552 1586 601 λεύσοντα
1599 558 1695 612 317,
1707 559 1748 600 6.
1762 581 1812 588 -
1830 549 2071 616 αὐχμηρὸς
2084 559 2162 603 καὶ
2180 571 2309 603 συνε-

1357 625 1629 683 σταλμένος,
1666 622 1817 682 μόνος
1848 628 2079 686 βαδίζων,
2115 631 2311 687 πρῶτον

1358 690 1506 742 αὑτὸν
1533 692 1765 752 ἐξετάζων
1793 700 1875 744 καὶ
1903 699 2136 757 λοιδορῶν
2157 701 2251 753 301,
2268 701 2308 742 3.

243 762 546 818 Philosophus
590 774 682 807 non
724 774 749 806 e
787 762 936 807 verbis
986 762 1258 818 agnoscitur,
1302 766 1487 811 Plantae
1515 763 1573 814 τὰ
1604 763 1743 824 φυτά,
1773 761 1844 820 οἷς
1881 768 2083 826 μηδεμία
2113 762 2311 826 μηδενὸς

301 833 465 890 quibus
489 831 587 889 ipse
607 845 655 878 se
674 831 985 889 philosophari
1003 832 1156 889 iactat,
1182 832 1258 877 sed

301 915 357 948 ex
385 903 519 948 factis
561 905 745 959 totaque
778 902 954 948 vivendi
988 903 1163 947 ratione
1193 916 1257 947 or.

1359 831 1517 882 ἔννοια
1535 861 1582 868 -
1603 830 1729 895 ἁπλῇ
1747 853 1835 883 τινι
1856 833 1991 894 φύσει
2013 833 2309 894 διοικούμενα

1362 909 1457 960 164,
1478 910 1545 951 20.

301 973 442 1019 LXX.
468 973 623 1019 11177.
643 999 694 1005 —
713 968 802 1020 τὸν
821 991 870 1032 φ.
893 970 979 1027 τὰς
993 972 1080 1030 μὲν
1095 973 1261 1030 τέχνας
1304 976 1469 1021 Poetae
1497 976 1753 1034 philosophi
1782 990 1872 1022 non
1909 981 2090 1035 propter
2118 979 2310 1023 aemula·

305 1040 391 1102 οὐχ
432 1039 539 1090 οἷόν
568 1060 620 1090 τε
659 1039 777 1090 εἶναι
816 1040 973 1098 πάσας
1010 1043 1178 1090 εἰδέναι
1206 1067 1261 1077 -

303 1117 496 1174 ποιῆσαι
527 1111 572 1160 δ’
606 1109 667 1161 ἄν
689 1106 877 1161 άπαντα
897 1112 1090 1173 βέλτιον
1110 1139 1164 1146 --
1183 1115 1262 1159 καὶ

304 1180 362 1232 τὰ
392 1180 515 1232 κατὰ
538 1182 626 1239 τάς
645 1184 813 1244 τέχνας
834 1209 887 1216 --
909 1187 978 1246 τῷ
997 1177 1262 1244 συμφερόν-

1358 1046 1526 1091 tionem
1571 1049 1727 1091 contra
1767 1059 1844 1092 eos
1888 1047 2116 1104 disputare
2154 1049 2311 1105 solent,

1362 1116 1440 1161 sed
1471 1117 1576 1173 quia
1604 1117 1722 1172 vulgi
1750 1118 1979 1174 opiniones
2015 1117 2215 1163 versibus
2243 1119 2311 1163 in·

1363 1187 1548 1231 cludunt
1577 1199 1642 1231 or.
1673 1186 1757 1231 VII
1787 1188 1814 1243 ξ
1834 1190 2044 1233 93—102.

306 1272 400 1309 τως
430 1262 588 1301 ποιεῖν
617 1251 646 1314 ἢ
678 1251 741 1314 μὴ
783 1262 940 1301 ποιεῖν
967 1258 1049 1301 καὶ
1085 1247 1168 1301 ὅτε
1198 1257 1269 1300 δεῖ
1307 1256 1664 1313 Prosopopoeiae
1707 1257 2031 1312 (characteres)
2087 1258 2312 1303 daemonis

304 1329 384 1373 καὶ
424 1318 549 1372 ὅπου
585 1330 670 1371 etc.
703 1326 748 1370 11
781 1329 875 1382 182,
910 1329 975 1370 11.
1017 1350 1073 1358 —
1109 1323 1181 1371 διὰ
1220 1325 1267 1370 τί

306 1413 426 1444 ποτε
457 1395 502 1443 οἱ
532 1393 785 1456 ἄνθρωποι
826 1386 946 1441 ὅταν
975 1389 1078 1441 τινὰ
1110 1389 1269 1439 ἴδωσιν

307 1463 519 1527 ἀχίτωνα
554 1465 607 1513 ἐν
636 1465 807 1527 ἱματίῳ
834 1467 1062 1522 κομῶντα
1082 1461 1167 1522 τὴν
1196 1480 1266 1510 κε-

1365 1325 1577 1370 avaritiae
1617 1338 1681 1370 or.
1712 1326 1776 1372 IV
1808 1329 2051 1380 §91—100
2090 1328 2312 1373 daemonis

1365 1397 1604 1453 voluptatis
1639 1395 1747 1441 ibid.
1787 1396 1809 1450 §
1838 1399 2053 1442 101—115
2090 1397 2314 1443 daemonis

1366 1467 1622 1512 ambitionis
1651 1466 1757 1510 ibid.
1790 1469 2066 1520 §116—132.

307 1539 464 1597 φαλὴν
492 1540 572 1584 καὶ
603 1532 661 1583 τὰ
691 1536 848 1595 γένεια
870 1561 923 1567 -
946 1534 1270 1594 κατεγέλασαν
1313 1539 1507 1584 Παιδεία
1546 1532 1670 1594 διττή
1709 1534 1835 1583 ἐστιν
1872 1532 1898 1595 ἢ
1929 1539 2138 1592 παιδεία,
2177 1533 2203 1597 ἦ
2231 1539 2328 1595 μέν,

306 1606 336 1668 ἢ
373 1605 686 1669 ἐλοιδόρησαν
728 1606 956 1664 quaeritur
992 1619 1058 1651 or.
1099 1605 1269 1650 LXXII

309 1681 336 1736 ξ
363 1683 515 1724 1-10.
538 1704 588 1711 -
611 1678 704 1723 veri
723 1676 981 1734 philosophi
999 1677 1089 1721 vita
1114 1676 1268 1732 depin-

307 1751 427 1806 gitur
457 1762 521 1794 or.
542 1747 780 1795 LXXVIII
802 1750 827 1803 ἓ
846 1751 1011 1792 37-42
1041 1746 1197 1791 11217.
1215 1771 1265 1778 -

1367 1626 1435 1663 τις
1464 1604 1724 1665 δαιμόνιος,
1761 1602 1788 1664 ἦ
1828 1606 1877 1652 δὲ
1914 1600 2191 1667 ἀνθρωπίνη
2230 1614 2313 1653 etc.

1369 1682 1436 1735 60,
1459 1682 1511 1723 30
1531 1690 1635 1723 vera
1664 1677 1851 1721 eruditio
1872 1677 2073 1722 celeriter
2101 1678 2158 1723 ad
2183 1677 2315 1723 finem

1366 1749 1566 1794 homines
1581 1747 1800 1805 perducit,
1815 1747 1929 1792 falsa
1938 1760 2161 1804 nunquam
2172 1751 2239 1804 62,
2249 1751 2315 1792 22.

306 1816 572 1879 ἐλεύθερος,
606 1812 873 1880 ἀπράγμων
890 1819 935 1862 et
950 1817 1078 1874 quasi
1094 1821 1267 1874 specta·
1314 1820 1652 1878 Παλιγγενεσία
1673 1818 1714 1862 11
1734 1821 1800 1874 15,
1822 1821 1886 1863 17.
1916 1818 2025 1863 Post
2052 1815 2317 1878 ἐκπύρωσιν

309 1897 381 1935 tor
410 1890 529 1935 vitae
557 1889 602 1934 II
634 1892 714 1934 222
747 1902 812 1934 or.
828 1888 998 1932 LXXX
1028 1889 1196 1944 §1—2.
1214 1913 1267 1921 —

308 1974 407 2006 eum
435 1961 572 2006 etiam
600 1960 809 2005 notarum
830 1959 1035 2004 omnibus
1059 1960 1104 2003 et
1127 1957 1267 2002 mani·

305 2032 522 2077 festarum
576 2043 727 2076 rerum
780 2029 981 2074 homines
1032 2029 1270 2074 admonere

309 2103 439 2148 decet
476 2101 522 2146 II
552 2105 648 2159 244,
672 2105 697 2146 9
737 2114 801 2146 or.
823 2100 953 2145 XVII
992 2101 1016 2154 ξ
1053 2102 1176 2142 1-6,
1214 2124 1269 2129 -

310 2175 493 2220 πολλοῦ
521 2169 656 2227 ἀξιον
685 2167 883 2229 μάθημα
914 2165 971 2216 τὸ
1004 2165 1089 2228 τὴν
1119 2164 1271 2227 ψυχὴν

311 2242 489 2301 ἐθίζειν
518 2240 721 2290 ἕπεσθαι
751 2243 821 2303 τῷ
850 2236 989 2302 λόγῳ.
1034 2241 1121 2283 hoc
1150 2238 1270 2282 illus-

309 2319 457 2360 tratur
488 2314 614 2359 canis
645 2313 875 2358 venaticae
905 2309 1129 2367 exemplo,
1159 2320 1271 2364 quae

311 2385 436 2431 nulla
464 2398 514 2430 re
543 2397 572 2429 a
599 2383 784 2439 vestigio
825 2394 874 2428 se
910 2380 1076 2426 abduci
1104 2379 1272 2436 patitur

311 2456 355 2500 II
386 2459 554 2512 262,15
585 2467 651 2500 or.
678 2453 765 2498 XX
794 2454 1024 2510 §13-16,
1064 2476 1120 2483 -
1164 2462 1216 2494 eo
1245 2462 1273 2494 a

315 2526 474 2571 ceteris
506 2524 673 2580 differt,
713 2523 834 2581 quod
862 2522 1093 2568 veritatem
1123 2533 1272 2566 rerum

312 2598 529 2654 sequitur,
559 2608 649 2641 non
670 2593 922 2651 opinionem
943 2588 1130 2647 (δόξαν).
1180 2591 1270 2635 Ita-

312 2681 397 2726 que
417 2680 472 2714 ne
499 2667 554 2711 de
579 2678 627 2712 se
652 2664 826 2722 quidem
849 2676 903 2709 ex
930 2662 1155 2708 hominum
1176 2661 1272 2718 opi-

309 2739 445 2784 nione
491 2737 662 2783 iudicat
699 2749 763 2780 or.
804 2733 975 2780 LXVII
1013 2734 1188 2789 §1-3,
1219 2757 1272 2763 -

315 2812 599 2866 comparatur
619 2820 719 2852 cum
740 2805 909 2850 musico
933 2803 1123 2848 chordas
1151 2803 1274 2859 lyrae

311 2880 423 2925 alias
452 2880 634 2924 laxante
663 2877 776 2922 alias
805 2875 1063 2920 intendente
1086 2877 1180 2927 330,
1204 2876 1270 2916 25.

311 2950 514 2996 homines
529 2949 781 3004 gubernare
795 2944 1034 2990 meditatur
1050 2956 1113 2987 or.
1123 2941 1272 2986 XLIX

311 3021 339 3075 ξ
361 3023 401 3064 3.
434 3045 484 3051 -
507 3019 604 3063 eius
625 3030 724 3062 esse
753 3029 802 3062 se
831 3016 979 3072 ipsum
1006 3013 1202 3067 laudare,
1234 3010 1271 3055 si

312 3089 378 3133 ita
418 3088 601 3133 efficere
639 3087 804 3145 possit,
847 3088 899 3129 ut
946 3082 1030 3129 sibi
1071 3081 1270 3126 homines

315 3159 644 3215 obsequantur,
700 3154 1019 3211 comprobatur
1069 3150 1269 3196 Nestoris

313 3229 513 3286 exemplo
544 3241 595 3273 se
622 3228 769 3284 ipsum
798 3222 1023 3269 laudantis
1053 3225 1093 3267 A
1111 3224 1190 3266 260
1202 3234 1267 3277 sq.

312 3314 377 3345 or.
397 3299 523 3344 LVII
552 3298 706 3342 11125.
737 3320 791 3327 --
824 3287 974 3346 οὖδεὶς
1002 3288 1270 3350 φιλόσοφος

313 3375 410 3418 τῶν
447 3365 623 3417 ἀδίκων
658 3369 738 3414 καὶ
775 3365 1017 3423 πονηρῶν,
1066 3356 1169 3408 οὐδ’
1210 3358 1269 3408 ἄν

314 3445 412 3489 τῶν
449 3436 742 3496 ἀνδριάντων
781 3432 937 3494 περιΐῃ
979 3429 1270 3491 γυμνότερος

314 3517 412 3569 316,
430 3516 498 3557 24.
521 3536 574 3545 -
592 3505 799 3569 (ἀγαθὸς
820 3501 1073 3563 σύμβολος)
1094 3500 1155 3562 μὴ
1176 3498 1268 3562 γὰρ

317 3582 480 3631 οἴεσθε
512 3577 680 3634 ἀετοὺς
708 3579 796 3637 μὲν
823 3577 902 3622 καὶ
932 3572 1122 3631 ἱέρακας
1151 3589 1268 3629 προ·

1366 1890 1479 1946 ignis
1506 1889 1582 1934 ille
1612 1889 1784 1933 divinus
1814 1882 2066 1948 ἀστράψας
2096 1881 2208 1943 ὅλος
2235 1905 2316 1946 με·

1367 1961 1538 2021 τέβαλε
1568 1958 1740 2024 ῥᾳδίως
1769 1950 1866 2015 ἅμα
1896 1963 1956 2017 τῇ
1984 1955 2157 2018 νοήσει.
2205 1976 2316 2018 μνη-

1369 2033 1499 2085 σθεὶς
1542 2030 1590 2077 δὲ
1641 2024 1909 2088 Ἀφροδίτης
1959 2031 2039 2075 καὶ
2091 2027 2319 2088 γενέσεως

1367 2097 1572 2160 ἐπράϋνε
1599 2104 1679 2147 καὶ
1710 2095 1880 2159 ἀνῆκεν
1901 2097 2061 2154 αὑτὸν,
2089 2102 2167 2145 καὶ
2198 2095 2317 2145 πολὺ

1368 2175 1454 2219 τοῦ
1484 2167 1646 2230 φωτὸς
1675 2171 1849 2230 σβέσας
1878 2171 1943 2225 εἰς
1972 2166 2090 2230 ἀέρα
2133 2166 2318 2228 πυρώδη

1370 2241 1589 2297 τρέπεται
1639 2237 1788 2301 πυρὸς
1830 2234 1984 2298 ἠπίου.
2047 2242 2228 2298 μιχθεὶς
2272 2239 2319 2285 δὲ

1370 2308 1481 2358 τότε
1496 2303 1618 2374 (Ἡρα
1638 2313 1716 2357 καὶ
1745 2306 2029 2369 μεταλαβὼν
2049 2313 2133 2356 τοῦ
2152 2313 2321 2355 τελειο-

1372 2379 1516 2428 τάτου
1537 2380 1712 2439 λέχους,
1742 2375 2135 2437 ἀναπαυσάμενος
2157 2377 2319 2437 ἀφίησι

1372 2447 1456 2510 τὴν
1499 2454 1659 2498 πᾶσαν
1707 2444 1765 2498 αὖ
1808 2454 1894 2497 τοῦ
1937 2447 2116 2504 παντὸς
2159 2442 2316 2508 γονήν.

1372 2525 1544 2568 τοῦτον
1571 2517 1768 2578 ὑμνοῦσι
1806 2523 2009 2574 παῖδες
2039 2523 2237 2579 σοφῶν
2265 2543 2318 2550 —-

1358 2585 1506 2652 ‘'Hpag
1557 2595 1635 2638 καὶ
1684 2587 1796 2644 Διὸς
1848 2584 2100 2647 εὐδαίμονα
2151 2585 2322 2648 γάμον.

1371 2658 1522 2722 ὑγράν
1551 2662 1599 2708 δὲ
1636 2659 1836 2720 ποιήσας
1871 2659 1958 2716 τὴν
1998 2653 2110 2719 ὅλην
2140 2654 2318 2711 οὐσίαν,

1373 2731 1423 2780 ἓν
1440 2733 1627 2792 σπέρμα
1643 2735 1728 2778 τοῦ
1735 2727 1926 2783 παντός,
1943 2724 2087 2783 αὐτὸς
2099 2726 2151 2774 ἐν
2166 2723 2316 2787 τούτῳ

1372 2803 1594 2856 διαθέων,
1633 2798 1854 2858 καθάπερ
1891 2798 1943 2845 ἐν
1978 2801 2095 2857 γονῇ
2137 2800 2317 2853 πνεῦμα

1371 2870 1426 2920 τὸ
1449 2869 1658 2919 πλάττον
1675 2873 1755 2917 καὶ
1781 2871 2101 2928 δημιουργοῦν,
2133 2865 2243 2912 τότε
2263 2864 2314 2923 δι’]

1369 2939 1570 2999 μάλιστα
1600 2936 1896 3000 προσεοικὼς
1932 2941 1991 2995 τῇ
2027 2939 2123 2982 τῶν
2161 2932 2318 2982 ἀλλων

1370 3009 1588 3057 συστάσει
1618 3007 1766 3072 ζῴων,
1794 3004 1914 3055 καθ’
1946 3000 2064 3053 ὅσον
2092 3001 2145 3051 ἐκ
2170 3008 2318 3064 ψυχῆς

1367 3083 1447 3127 καὶ
1478 3077 1699 3137 σώματος
1737 3074 2014 3126 συνεστάναι
2052 3070 2226 3134 λέγοιτ’
2258 3070 2317 3120 ἀν

1368 3176 1423 3183 -
1453 3147 1510 3198 τὰ
1552 3148 1695 3197 λοιπὰ
1732 3147 1814 3208 ἤδη
1853 3145 2044 3195 πλάττει
2074 3146 2119 3190 ΙΙ
2151 3148 2217 3199 15,
2247 3147 2314 3186 26.

1315 3222 1568 3275 Πλεονεξία
1600 3216 1649 3266 εἷ’
1661 3236 1728 3273 τις
1747 3213 2056 3274 ἐπιστάμενος
2079 3207 2153 3261 ὅτι
2174 3215 2316 3260 πλείω

1368 3294 1464 3337 τῶν
1492 3287 1815 3350 ἑβδομήκοντα
1845 3285 1965 3333 ἐτῶν
2004 3278 2089 3332 οὐκ
2117 3281 2178 3332 ὄίν
2205 3280 2316 3343 βιώ·

1369 3377 1515 3415 σειεν,
1555 3357 1620 3413 εἷς
1659 3356 1739 3418 ἔτη
1774 3359 1901 3417 χίλια
1932 3357 2179 3414 πορίζοιτο
2209 3355 2318 3413 βίον

1366 3431 1551 3476 insanus
1566 3430 1805 3474 haberetur
1819 3428 1863 3472 II
1880 3431 1974 3480 249,
1986 3431 2052 3471 30.
2072 3451 2119 3458 —
2139 3438 2163 3470 e
2180 3428 2316 3470 πλεο·

1369 3503 1493 3565 νεξίᾳ
1505 3501 1696 3558 partium
1712 3498 1909 3555 corporis
1924 3497 2317 3541 morbinascuntur

1367 3572 1413 3616 11
1444 3575 1541 3626 249,
1567 3574 1630 3615 16.

316 3656 558 3714 σημαίνειν
601 3646 878 3710 ἀνθρώποις
921 3641 977 3691 τὸ
1033 3643 1140 3690 δέον
1182 3648 1266 3687 etc.
1314 3645 1528 3694 Πλοῦτος
1556 3642 1654 3686 τῶν
1693 3639 1932 3685 πλουσίων
1967 3634 2165 3687 ἕκαστος
2193 3630 2314 3679 ἔοικε

313 3721 463 3784 ἄνδρα
494 3725 542 3771 δὲ
572 3717 831 3783 ἀφιγμένον
853 3714 1002 3768 οὕτως
1020 3716 1099 3760 καὶ
1126 3716 1266 3772 μηδα-

1369 3714 1438 3772 τῷ
1454 3711 1707 3766 νομίσματι
1723 3714 1804 3759 etc.
1824 3709 1866 3758 11
1888 3711 1978 3765 168,
1995 3709 2059 3754 19.
2076 3730 2126 3736 —-
2144 3701 2313 3749 divitias
