2684 4140
1126 285 1354 331 ORATIO
1384 286 1506 333 XIV.
2259 289 2360 337 231

29 413 34 503 ᾗ
273 431 367 481 καὶ
403 435 514 481 τῶν
549 427 966 497 κεκωλυμένων,
1012 432 1110 501 τὴν
1161 429 1220 482 δὲ
1273 428 1530 482 δουλείαν
1569 432 1799 498 ἄγνοιαν
1839 429 1915 482 ὧν
1952 449 2013 483 τε
2051 430 2236 496 ἔξεστι
2270 435 2365 485 καὶ

279 513 354 566 ὧν
391 517 484 585 μή.
561 516 620 566 ἐκ
659 512 717 565 δὲ
757 516 956 566 τούτου
995 522 1096 566 τοῦ
1133 513 1296 583 λόγου
1338 513 1496 566 οὐδὲν
1535 517 1601 567 ἂν
1638 513 1845 567 κωλύοι
1870 518 1967 568 τὸν
1991 521 2164 585 μέγαν
2201 519 2362 586 βασι-

275 595 372 649 λέα
421 600 569 650 πάνυ
616 596 859 668 μεγάλην
907 602 1107 670 τιάραν
1157 602 1256 652 ἐπὶ
1303 607 1402 671 τῆς
1447 597 1695 672 κεφαλῆς
1744 602 1939 666 ἔχοντα
1981 600 2178 654 δοῦλον
2217 602 2364 655 εἶναι

20 729 32 758 52
272 684 365 734 καὶ
400 684 474 753 μὴ
515 680 724 745 ἐξεῖναι
762 681 911 751 αὐτῷ
950 686 1220 753 πράττειν
1249 682 1426 754 μηδὲν
1466 683 1542 735 ὦν
1581 690 1748 737 ποιεῖ
1754 698 1765 709 ·
1805 688 1991 738 πάντα
2028 687 2132 756 γάρ
2171 683 2363 758 ἐπιζη-

20 749 31 862 'j
215 776 240 817 5
275 768 422 832 μίως
456 767 551 817 καὶ
588 768 935 838 ἀσυμφόρως
973 766 1194 837 πράξει.
1247 766 1418 820 ἀλλον
1465 767 1527 820 δέ
1561 787 1687 821 τινα
1728 768 1925 822 δοῦλον
1966 769 2234 823 δοκοῦντα
2270 773 2365 823 καὶ

19 863 30 911 fl*
274 846 710 916 ὀνομαζόμενον,
765 853 861 917 οὐχ
900 850 1078 917 ἅπαξ,
1130 851 1271 903 ἀλλά
1310 850 1613 918 πολλάκις,
1661 856 1728 906 ἂν
1769 856 1913 906 οὕτω
1951 858 2102 925 τύχῃ,
2142 871 2363 926 πεπρα-
2435 872 2439 883 “

269 938 464 1000 μένον,
520 937 570 987 εἰ
623 933 681 986 δὲ
728 938 837 1006 ἄρα
875 943 1040 988 τοῦτο
1082 938 1406 1005 συμβαίνοι,
1457 936 1637 1000 πέδας
1681 941 1829 990 πάνυ
1869 941 2109 1005 παχείας
2147 942 2360 1007 ἔχοντα,

269 1007 483 1084 μᾶλλον
519 1017 820 1090 ἐλεύθερον
859 1020 1006 1072 εἶναι
1042 1028 1145 1072 τοῦ
1177 1020 1418 1089 μεγάλου
1457 1020 1752 1088 βασιλέως.
1810 1016 1960 1090 Ἐμοὶ
1995 1026 2096 1090 μὲν
2136 1023 2358 1096 σφόδρα
2383 1028 2450 1080 19

273 1100 434 1155 δοκεῖ
463 1106 707 1169 ἄτοπον,
753 1107 805 1156 εἰ
843 1103 1023 1167 πέδας
1060 1107 1198 1171 ἔχων
1237 1124 1324 1167 τις
1361 1108 1393 1175 ἢ
1434 1108 1759 1173 ἐστιγμένος
1794 1109 1826 1177 ἢ
1868 1109 1926 1159 ἐν
1961 1106 2177 1174 μυλῶνι
2214 1107 2363 1161 ἀλῶν

192 1194 241 1238 10
277 1185 579 1258 ἐλεύθερος
615 1190 777 1240 ἔσται
812 1188 1021 1255 μᾶλλον
1059 1196 1162 1240 τοῦ
1194 1188 1436 1257 μεγάλου
1475 1188 1771 1256 βασιλέως.
1840 1193 1912 1242 Τί
1950 1191 2012 1243 δέ
2021 1212 2041 1256 ,·
2078 1196 2136 1244 έν
2173 1190 2362 1263 Θρᾴκῃ

271 1276 531 1340 γέγονας,·
567 1265 786 1342 Ἔγωγε.
856 1268 1132 1343 Ἑώρακας
1169 1275 1265 1332 οὖν
1303 1276 1426 1325 ἐκεῖ
1464 1275 1566 1335 τὰς
1612 1279 1879 1341 γυναῖκας
1921 1277 2024 1338 τὰς
2060 1275 2368 1348 ἐλευθέρας

273 1356 591 1425 στιγμάτων
615 1356 844 1424 μεστάς,
881 1360 976 1410 καὶ
1000 1360 1251 1426 τοσούτῳ
1281 1356 1518 1409 πλείονα
1546 1359 1784 1423 ἐχούσας
1815 1360 2090 1426 στίγματα
2116 1363 2211 1412 καὶ
2235 1377 2366 1412 ποι-

105 1451 250 1495 (23411)
266 1439 540 1512 κιλώτερα
579 1445 691 1510 ὄσῳ
733 1444 799 1493 ἂν
837 1440 1094 1510 βελτίους
1129 1444 1223 1494 καὶ
1272 1445 1331 1493 ἐκ
1378 1440 1682 1509 βελτιόνων
1729 1441 2001 1508 δοκῶσιν,·
2052 1446 2126 1495 Τί
2164 1445 2258 1496 οὖν
2299 1443 2362 1515 δὴ

174 1595 177 1598 ἱ
268 1532 433 1576 τοῦτο
445 1545 465 1589 ,·
505 1520 615 1577 Ότι
651 1524 1010 1594 βασίλισσαν,
1052 1529 1129 1590 ὡς
1168 1529 1362 1591 ἔοικεν,
1403 1525 1563 1578 οὐδὲν
1600 1525 1803 1579 κωλύει
1835 1531 2162 1600 ἐστιγμένην
2202 1528 2363 1594 εἶναι,

28 1607 235 1694 ’(ίῗῐῧ)315
271 1608 511 1677 βασιλέα
552 1609 610 1662 δὲ
652 1610 762 1662 οἴει
797 1609 1063 1675 κωλύειν,·
1104 1614 1169 1662 σύ
1207 1613 1394 1663 τοίνυν
1434 1610 1562 1663 οὐδὲ
1602 1615 1735 1682 περὶ
1770 1615 1981 1665 ἐκείνου
2018 1621 2122 1665 τοῦ
2156 1615 2360 1676 ἔθνους
2381 1618 2449 1669 20

268 1698 526 1767 ἀκήκοας,
566 1690 708 1766 παρ’
754 1697 841 1758 οἷς
880 1699 911 1747 o‘
946 1695 1213 1763 βασιλεὺς
1250 1699 1308 1748 έν
1346 1699 1538 1768 πύργῳ
1582 1693 1731 1749 πάνυ
1769 1696 1972 1768 ὑψηλῷ
2003 1696 2362 1768 φυλάττεται,

264 1784 359 1833 καὶ
387 1783 483 1832 οὐκ
509 1779 725 1846 ἔξεστιν
753 1780 903 1850 αὐτῷ
927 1784 1240 1853 καταβῆναι
1266 1784 1381 1833 ἀπὸ
1409 1789 1513 1833 τοῦ
1536 1784 1784 1853 πύργου,·
1821 1784 1871 1834 εἰ
1902 1781 1964 1833 δέ
1992 1799 2051 1850 γε
2091 1785 2362 1853 ἀκηκόεις,

266 1868 493 1937 ἠπίστω
534 1867 600 1917 ἂν
639 1869 727 1918 ὅτι
762 1868 857 1918 καὶ
894 1871 1318 1936 περιειργμένον
1357 1868 1511 1918 ἔστιν
1550 1866 1697 1919 εἶναι
1741 1865 1996 1934 βασιλέα.
2071 1870 2164 1919 καὶ
2201 1870 2364 1933 τυχὸν

266 1954 462 2021 ἤκουες
500 1953 567 2002 ἂν
594 1953 818 2004 ἐκείνων
844 1958 956 2003 τῶν
993 1953 1321 2022 ἀνθρώπων
1347 1948 1775 2018 θαυμαζόντων,
1816 1952 1866 2003 εἰ
1894 1949 2091 2021 διηγοῦ
2128 1954 2193 2003 σὺ
2232 1954 2366 2022 περὶ

92 2050 94 2052 ·
179 2044 230 2087 20
267 2043 370 2087 τοῦ
403 2038 644 2106 Περσῶν
681 2035 978 2104 βασιλέως,
1016 2039 1110 2088 καὶ
1147 2038 1541 2088 ἀπιστούντων
1581 2040 1669 2087 ὅτι
1697 2037 1820 2087 ἔστι
1844 2053 1932 2098 τις
1970 2034 2235 2103 βασιλεὺς
2264 2052 2363 2087 πε-

266 2119 572 2191 ριελαύνων
610 2114 708 2192 ἐφ’
764 2123 1013 2191 ἅρματος
1049 2123 1143 2172 καὶ
1180 2124 1318 2172 ὅποι
1353 2119 1620 2188 βούλεται
1658 2123 1862 2172 ἀπιών.
1933 2113 2101 2171 Ἀλλὰ
2143 2119 2364 2186 δεδεμέ-

264 2223 360 2258 νον
390 2208 485 2256 οὐκ
523 2203 848 2269 ἀποδείξεις
881 2203 1137 2273 βασιλέα.
1216 2199 1296 2257 Οὐ
1329 2212 1440 2257 τῶν
1477 2223 1537 2274 γε
1577 2206 1904 2275 ἀνθρώπων
1942 2208 2130 2270 τυχόν·
2169 2207 2297 2256 ἐπεὶ
2333 2207 2444 2258 ὅ21

263 2307 323 2359 γε
350 2297 462 2342 τῶν
490 2292 646 2342 θεῶν
671 2288 938 2358 βασιλεὺς
962 2286 1049 2359 <ὁ>
1075 2297 1302 2361 πρῶτος
1326 2293 1421 2342 καὶ
1449 2292 1840 2361 πρεσβύτατος
1871 2288 2109 2353 δέδεται,
2152 2291 2227 2350 ὥς
2256 2307 2363 2359 φα-

267 2389 384 2440 σιν,
438 2378 489 2428 εἰ
533 2378 635 2446 χρὴ
688 2379 977 2428 πιστεύειν
1009 2369 1252 2448 Ἡσιόδῳ
1303 2394 1363 2428 τε
1411 2378 1505 2428 καὶ
1537 2371 1753 2446 Ὁμήρῳ
1793 2377 1886 2426 καὶ
1924 2372 2118 2435 ἄλλοις
2160 2378 2365 2444 σοφοῖς

183 2470 235 2512 25
273 2461 560 2532 ἀνδράσιν,
602 2464 660 2513 02
695 2465 828 2533 περὶ
866 2464 1086 2533 Κρόνου
1125 2469 1299 2514 ταῦτα
1335 2460 1574 2530 λέγουσι,
1613 2463 1706 2512 καὶ
1742 2461 1820 2527 μὰ
1846 2461 1960 2510 Δία
2003 2452 2098 2524 οὐχ
2135 2452 2237 2509 ὑπ’
2281 2460 2364 2524 ἐχ-

263 2548 417 2616 θροῦ
452 2545 660 2609 ἀδίκως
698 2549 968 2599 παθόντα
1008 2554 1191 2612 τοῦτο,
1231 2541 1356 2598 ἀλλ’
1405 2550 1518 2599 ὑπὸ
1559 2554 1661 2598 τοῦ
1697 2543 2055 2598 δικαιοτάτου
2104 2546 2198 2595 καὶ
2237 2542 2363 2614 φιλ-

263 2629 452 2696 τάτου,
494 2629 660 2703 δῆλον
699 2635 787 2683 ὅτι
825 2634 902 2694 ὡς
938 2630 1204 2699 βασιλικοὶ
1230 2635 1324 2684 καὶ
1359 2637 1717 2703 συμφέροντα
1746 2632 1934 2698 ἐκείνῳ
1978 2628 2237 2699 δρῶντος.
2305 2630 2360 2679 οἱ
2380 2631 2447 2680 22

265 2716 324 2769 δὲ
375 2724 539 2768 τοῦτο
589 2719 691 2783 μὲν
740 2719 1006 2785 ἀγνοοῦσι
1053 2721 1147 2770 καὶ
1186 2710 1453 2770 οὐδέποτ’
1499 2720 1566 2769 ἂν
1610 2718 1864 2786 οἰηθεῖεν
1904 2717 2128 2780 πτωχὸν
2167 2715 2199 2783 ἢ
2243 2711 2364 2764 δεσ-

265 2805 457 2873 μώτην
496 2803 526 2872 ἢ
568 2799 774 2865 ἄδοξον
811 2803 1084 2870 γενέσθαι
1120 2801 1377 2871 βασιλέα,
1415 2804 1603 2853 καίτοι
1641 2804 1737 2851 τὸν
1758 2794 2029 2851 Ὀδυσσέα
2070 2799 2365 2870 ἀκούοντες

185 2895 234 2938 30
269 2890 358 2938 ὅτι
407 2889 632 2953 πτωχὸς
681 2889 758 2938 ὢν
807 2890 901 2939 καὶ
949 2890 1080 2950 τοὺς
1116 2895 1439 2957 μνηστῆρας
1485 2889 1658 2937 αἰτῶν
1698 2878 1859 2935 οὐδὲν
1897 2884 2063 2952 ἧττον
2099 2878 2366 2948 βασιλεὺς

408 3043 426 3083 1
461 3035 632 3086 ἄνοιαν
661 3038 796 3084 UBM
826 3034 1028 3098 ἄγνοιαν
1057 3039 1096 3083 Τ
1216 3035 1394 3092 ἔξεστιν
1423 3036 1465 3082 U
1581 3039 1607 3079 2
1637 3034 1759 3093 μέγα
1789 3033 1826 3076 Β
1955 3035 1980 3074 3
2011 3027 2209 3089 μεγάλιν
2236 3029 2279 3074 U

259 3114 284 3154 5
318 3105 522 3168 παράξει
551 3109 602 3152 Μ
629 3122 688 3152 m.
717 3123 788 3166 pr.
905 3113 931 3154 6
955 3100 1116 3164 ὀὕτως
1145 3109 1196 3152 Μ
1313 3112 1336 3151 7
1368 3108 1617 3166 συμβαίνει
1648 3105 1686 3148 Τ
1774 3099 1900 3150 πάνυ
1931 3115 2019 3147 om.
2053 3100 2091 3144 T
2208 3103 2234 3144 9
2266 3096 2365 3146 εἷεν

254 3192 341 3237 pro
369 3175 400 3236 ἢ
428 3177 482 3225 ἐν
510 3179 562 3224 Μ
733 3175 912 3236 μύλωνι
939 3179 1074 3224 UBM
1110 3180 1280 3236 μίλωνι
1308 3178 1347 3222 Τ
1523 3181 1574 3221 10
1613 3177 1659 3221 τί
1689 3176 1763 3221 δαὶ
1800 3173 1883 3219 UB
2061 3175 2109 3215 11
2154 3164 2364 3230 ἑόρακας

257 3250 321 3307 U;
372 3249 432 3294 ad
469 3262 565 3294 rem
613 3248 730 3296 conf.
778 3249 998 3296 Herodot.
1039 3248 1082 3295 V
1120 3253 1145 3293 6
1362 3251 1409 3292 13
1462 3249 1685 3293 δοκοῦσιν
1727 3244 1778 3289 Μ
1818 3245 2009 3290 δοκοῦσι
2049 3241 2199 3295 UBT,
2246 3254 2361 3286 corr.

258 3322 395 3379 Emp.
542 3324 591 3365 15
623 3318 810 3367 ἐκείνου
839 3322 927 3366 τοῦ
956 3315 1145 3374 ἔθνουςε
1176 3319 1500 3376 Mossynoecos
1531 3317 1640 3362 dicit
1669 3316 1728 3361 cf.
1757 3315 1873 3360 Xen.
1904 3314 2052 3359 Anab.
2082 3313 2138 3367 V,
2169 3317 2208 3365 4,
2221 3316 2274 3356 26

259 3398 310 3438 18
347 3382 424 3439 ὅτι
452 3395 534 3438 καὶ
565 3391 816 3450 δεδεμένον
846 3386 974 3438 ἔστιν
1004 3387 1126 3438 εἶναι
1152 3389 1352 3450 βασιλέα
1382 3387 1713 3449 περιειγμένον
1741 3386 1867 3440 libri,
1899 3398 2015 3430 corr.
2046 3383 2215 3429 Reiske
2245 3382 2358 3438 (scil.

258 3464 306 3510 in
339 3464 583 3522 archetypo
615 3461 978 3523 περιειργμένον
1006 3474 1143 3520 supra.
1172 3462 1337 3507 lineam
1366 3461 1645 3517 adscriptum
1672 3458 1776 3514 fuit)
1927 3459 1977 3500 19
2010 3451 2051 3501 εἰ
2080 3467 2166 3499 om.
2198 3453 2249 3497 M

258 3539 313 3581 20
346 3539 445 3583 τῶν
473 3550 556 3593 pro
587 3537 676 3583 τοῦ
703 3535 753 3578 Μ
869 3532 974 3581 ἐστι
1000 3533 1131 3578 MBT
1220 3536 1271 3577 21
1303 3528 1536 3592 βούληται
1565 3531 1655 3576 ΜΤ
1753 3533 1807 3574 22
1841 3517 1925 3587 ὅγε
1959 3522 1984 3573 ὁ
2017 3527 2116 3572 τῶν
2144 3523 2277 3571 UBM

263 3612 317 3653 23
351 3603 378 3655 ὃ
410 3607 513 3653 add.
547 3607 584 3651 T
760 3611 812 3651 25
845 3605 1060 3665 λέγουσιν
1087 3605 1130 3651 U
1299 3600 1365 3662 μὰ
1398 3600 1450 3662 δὴ
1484 3599 1569 3662 οὐχ
1599 3602 1641 3648 Π
1669 3600 1737 3660 μά
1770 3594 1836 3647 δί’
1872 3592 1958 3658 οὖχ
1988 3596 2027 3641 Τ
2190 3598 2243 3639 26
2274 3609 2364 3640 πα-

266 3670 450 3723 θόντας
472 3675 805 3721 anacoluthiam
824 3674 1021 3719 defendit
1040 3673 1278 3718 Jacobsius
1421 3674 1473 3715 27
1498 3669 1544 3717 οἱ
1565 3670 1613 3717 δὲ
1633 3671 1804 3716 πολλοὶ
1824 3667 2064 3723 Reiskius;
2088 3670 2208 3712 errat
2229 3665 2363 3722 Emp.

263 3747 326 3802 (in
355 3740 549 3802 schedis)
582 3759 684 3793 cum
715 3746 846 3791 dicit:
878 3741 957 3803 „02
986 3743 1035 3790 δὲ
1062 3743 1127 3788 illi
1157 3747 1316 3789 contra
1345 3754 1457 3800 quos
1488 3740 1718 3800 disputat’'
1748 3739 1807 3787 cf.
1838 3752 1882 3796 p.
1907 3741 2006 3792 232,
2028 3740 2052 3782 3
