2684 4140
331 314 436 364 374

383 455 503 511 logia
554 455 708 511 mytho
757 454 1013 498 illustratur
1064 467 1130 501 or.
1173 453 1370 499 XXXVI

384 525 411 580 ἕ
440 527 626 569 42—60.
673 549 729 555 —
773 537 875 569 cum
914 524 1063 569 denuo
1103 531 1372 582 procreatus

383 594 515 651 quasi
543 606 603 638 ex
631 606 768 639 manu
798 594 985 640 artificis
1015 596 1242 653 provenit,
1274 599 1371 642 tum

379 664 735 721 perfectissimus
765 667 838 710 est
866 661 1053 724 (νήπιος
1081 666 1171 724 μὲν
1202 663 1370 716 οὐδένα

383 732 571 793 χρόνον
584 733 775 794 ἐγένετο
788 761 840 768 --
855 736 964 791 νέος
979 736 1029 784 δὲ
1042 741 1124 784 καὶ
1139 731 1371 797 άκμάζων

377 801 520 859 εὐθὺς
560 800 662 852 άπὸ
706 810 790 866 τῆς
830 801 995 868 οἷρχῆς)
1030 809 1077 854 II
1123 814 1281 867 16,11.
1312 836 1369 845 —

375 878 630 936 συνερείδει
654 876 971 937 πανταχόθεν
993 875 1124 942 αὑτῷ
1155 889 1258 936 τοῖς
1285 882 1366 939 μέ-

381 963 483 1008 ρεσι
514 948 561 992 11
594 952 663 1005 13,
702 954 748 994 17
783 950 904 995 circa
934 951 1130 996 medium
1160 947 1227 1006 ὡς
1256 956 1367 1013 περὶ

385 1015 566 1066 νύσσαν
595 1019 793 1080 φέρεται
822 1020 931 1066 ibid.
959 1026 1023 1066 19.
1047 1048 1099 1056 —
1124 1023 1364 1080 aliquando

372 1090 442 1134 vel
471 1090 565 1147 igni
594 1091 665 1136 vel
702 1103 824 1147 aqua
861 1105 978 1149 quae
1017 1093 1064 1137 in
1104 1096 1227 1138 terra
1258 1099 1366 1140 sunt

378 1160 585 1205 delentur
613 1161 726 1215 (NB.
749 1176 841 1208 non
860 1164 918 1207 ad
941 1160 1211 1224 ἐκπύρωσιν
1230 1180 1362 1223 quam

377 1236 544 1277 vocant
578 1231 668 1278 hoc
719 1233 1016 1290 referendum)
1063 1249 1129 1282 or.
1166 1237 1364 1285 XXXVI

376 1306 401 1357 ἓ
423 1307 608 1350 47-50,

318 1404 584 1461 Lupanaria
603 1418 711 1449 num
734 1405 906 1451 civitati
926 1406 1056 1452 utilia
1076 1407 1170 1453 sint
1196 1422 1261 1454 or.
1278 1409 1363 1456 VII

378 1475 406 1531 ξ
443 1478 678 1521 133—152.

318 1538 458 1605 Λύπη
497 1538 574 1592 ὅτι
614 1543 677 1606 μὴ
720 1549 955 1609 λυπητέον
991 1547 1093 1596 ἐστὶ
1132 1553 1242 1610 περὶ
1277 1569 1362 1610 μη-

376 1615 515 1670 δενός
572 1620 643 1680 τῷ
697 1623 813 1667 νοῦν
867 1617 1024 1679 ἔχοντι
1068 1621 1111 1664 11
1161 1625 1268 1679 242,
1312 1628 1360 1667 10

379 1701 445 1734 or.
477 1688 601 1734 XVI.

316 1802 614 1859 Metaphorae
630 1796 873 1862 ᾐσθάνετο
886 1831 941 1839 -
950 1801 1035 1865 τὴν
1046 1801 1201 1865 ψυχὴν
1212 1801 1363 1852 αὐτοῦ

373 1869 576 1933 ἄκριτον
615 1866 789 1959 οὖσανό
826 1867 991 1937 ὥσπερ
1031 1876 1120 1923 τὸν
1157 1871 1279 1937 άέρα
1309 1874 1362 1923 ἐν

374 1951 478 1999 ταῖς
507 1954 726 2004 τροπαῖς,
758 1965 879 1994 οταν
908 1946 963 1995 ἐκ
992 1951 1081 1995 τοῦ
1111 1942 1261 1995 αὐτοῦ
1292 1947 1359 1994 νέ-

374 2032 495 2072 φους
523 2008 581 2074 ῧῃ
611 2033 664 2063 τε
693 2021 774 2064 καὶ
794 2016 956 2077 λάμπῃ
977 2015 1003 2066 5
1035 2011 1167 2077 ἥλιος
1197 2023 1267 2075 68,
1291 2022 1358 2065 18.

377 2111 432 2119 -
453 2081 594 2134 κάκεῖ
622 2091 682 2147 τῇ
702 2094 830 2149 ψυχῇ
852 2083 969 2137 ὅλον
989 2090 1251 2150 τεταμένον
1279 2093 1360 2136 καὶ

376 2154 675 2218 φερόμενον,
715 2152 882 2220 ὥσπερ
913 2160 962 2209 αἱ
990 2161 1212 2223 γέρανοι,
1245 2153 1359 2208 ὅποι

373 2224 433 2275 ἄν
477 2223 778 2289 ὁρμήσωσιν,
825 2226 1144 2281 ἀποτείνασαι
1186 2230 1360 2286 ἑαυτάς

374 2299 603 2347 πέτονται
634 2305 703 2358 65,
724 2306 767 2347 4.
798 2327 854 2334 —
884 2303 1150 2349 Homines
1181 2304 1359 2349 stulti

373 2367 641 2428 κυκώμενοι
659 2374 742 2418 καὶ
763 2369 1028 2433 φερόμενοι
1048 2399 1106 2407 -
1125 2372 1178 2421 έν
1197 2369 1358 2436 ταύτῷ

373 2443 455 2487 καὶ
484 2444 595 2501 περὶ
624 2438 683 2489 τὰ
715 2437 836 2491 αύτά
873 2469 929 2477 -
965 2441 1193 2506 καθάπερ
1225 2441 1356 2503 οἶμαι

376 2509 435 2558 τὰ
467 2505 742 2569 ἐμπεσόντα
765 2514 831 2569 εἰς
850 2514 936 2570 τάς
957 2519 1085 2571 δίνας
1106 2513 1355 2574 εἱλούμενα

374 2585 455 2628 καὶ
492 2582 911 2645 περιστρεφόμενα
959 2590 1041 2634 καὶ
1090 2583 1176 2648 οὐχ
1220 2585 1356 2636 οἶάτε

376 2649 708 2715 άπαλλαγῆναι
738 2660 820 2715 τῆς
850 2656 1074 2716 δινήσεως
1096 2664 1194 2717 182,
1218 2664 1284 2707 19.
1304 2685 1351 2692 —

375 2725 515 2771 Urbs
536 2725 702 2771 Roma
723 2727 858 2773 nimi0
881 2728 992 2773 luxu
1012 2743 1232 2787 oppressa
1253 2744 1354 2776 cum

377 2809 490 2841 nave
545 2802 833 2855 comparatur
885 2801 1109 2848 mercibus
1165 2806 1355 2848 onerata

377 2871 471 2921 189,
494 2871 518 2911 5
551 2870 598 2912 et
627 2881 729 2913 oum
750 2869 948 2916 Patrocli
967 2885 1077 2929 rogo
1097 2873 1156 2919 ab
1177 2874 1355 2919 Achille

374 2943 511 2983 uncto
556 2942 660 2996 189,
699 2944 765 2986 10.
815 2966 873 2976 —-
918 2943 1213 3003 philosophus
1251 2959 1354 2990 cum

373 3013 590 3055 venatore
620 3017 910 3069 comparatur
939 3017 1038 3071 214,
1053 3019 1098 3060 4.

315 3080 468 3126 Mores
485 3082 593 3126 mali
609 3076 837 3131 οὐδέποτε
856 3088 956 3131 τῶν
972 3082 1210 3146 χειρόνων
1224 3084 1355 3133 ἐθῶν

375 3148 522 3199 οὐθὲν
551 3148 775 3213 εὑρήσετε
805 3153 1065 3213 ἱστάμενον
1106 3151 1216 3205 οὐδὲ
1257 3162 1353 3205 δια-

372 3222 543 3280 μένον,
588 3221 679 3279 ἕως
728 3222 790 3273 ἄν
837 3225 1114 3276 παντάπασι
1160 3233 1355 3290 κωλυθῇ

372 3298 471 3351 260,
502 3299 543 3340 5.

315 3364 493 3410 Musica
509 3369 771 3426 θεραπείας
790 3365 929 3417 ἕνεκα
952 3380 1054 3426 τοῖς
1074 3366 1354 3433 ἀνθρώποις

374 3433 608 3495 εὑρῆσθαι
630 3441 765 3485 δοκεῖ
774 3443 872 3486 τῶν
889 3442 1065 3487 παθῶν
1080 3442 1166 3486 etc.
1185 3444 1282 3496 283,
1300 3443 1353 3484 22

382 3520 449 3552 or.
480 3507 657 3552 xxxn
686 3510 714 3565 ς
735 3513 918 3555 56-58.

327 3579 589 3637 Μοναρχία
619 3601 674 3618 =
704 3579 908 3637 tyrannis
937 3583 1007 3636 91,
1033 3583 1082 3624 12
1114 3581 1353 3640 μόναρχοι

374 3652 446 3706 92,
467 3654 508 3694 4.
541 3654 612 3706 93,
629 3654 669 3694 τ.

317 3717 574 3779 Μόναρχοι
605 3733 761 3766 eorum
781 3720 955 3766 somnia
975 3724 1019 3765 et
1037 3723 1354 3778 phantasmata

371 3804 462 3837 non
497 3792 696 3838 innocua
733 3795 839 3837 suut
877 3795 929 3836 ut
964 3792 1239 3848 privatorum
1271 3795 1352 3838 ho-

1185 317 1191 321 ”
1251 312 1514 358 INDICES.

1469 452 1665 508 minum,
1704 454 1783 499 sed
1821 456 2082 511 gravissima
2110 461 2229 504 mala
2259 462 2444 518 pariunt

1470 523 1517 567 II
1548 527 1646 581 265,
1670 528 1722 568 22
1740 538 1805 582 sq.

1416 604 1588 666 Νόμου
1630 607 1871 669 ἐγκώμιον
1918 613 2036 671 quod
2079 627 2108 660 a
2146 615 2303 663 Dionis
2341 619 2440 675 phi-

1470 680 1681 737 losophia
1710 683 1846 738 plane
1883 684 2100 730 abhorret
2141 688 2344 733 continet
2373 703 2440 735 or.

1468 749 1651 796 LXXV.
1716 753 1764 798 II
1786 758 1883 799 202.
1926 780 1984 790 —
2021 757 2140 814 leges
2181 761 2227 804 et
2267 759 2442 806 iustitia

1469 823 1724 868 hominibus
1765 826 1906 870 multo
1953 828 2094 883 magis
2139 831 2438 888 necessariae,

1469 906 1603 950 quam
1633 896 1783 939 omnia
1813 897 1975 953 quibus
2015 898 2108 943 vita
2150 904 2338 945 externa
2367 914 2439 946 ex-

1468 963 1632 1008 colitur
1667 965 1711 1010 II
1753 969 1849 1023 176,
1878 971 1918 1012 9.
1961 993 2016 1000 -
2059 962 2086 1014 5
2131 971 2213 1029 τῆς
2251 967 2441 1029 φύσεως

1466 1031 1619 1092 νόμος
1636 1058 1686 1074 ==
1707 1031 1733 1082 5
1758 1039 1847 1084 τοῦ
1862 1035 1977 1092 Διὸς
1996 1037 2182 1096 θεσμός
2196 1041 2242 1084 II
2256 1045 2351 1096 223,
2369 1045 2437 1087 27.

1466 1130 1519 1137 -
1551 1105 1600 1152 οἳ
1628 1108 1951 1168 γεγραμμένοι
1981 1109 2034 1154 iis
2066 1124 2156 1155 non
2197 1113 2322 1168 eget,
2363 1113 2439 1169 qui

1465 1175 1698 1221 scientiam
1740 1191 1890 1224 rerum
1935 1181 2210 1237 agendarum
2256 1187 2301 1227 et
2345 1197 2436 1229 non

1464 1246 1738 1303 agendarum
1768 1249 1928 1308 habet3
1968 1252 2046 1309 qui
2074 1266 2166 1298 non
2195 1253 2359 1309 habet,
2399 1254 2438 1299 is

1463 1331 1714 1375 poenarum
1733 1321 1893 1366 timore
1915 1335 1943 1367 a
1962 1322 2136 1379 legibus
2158 1325 2436 1369 sancitarum

1463 1390 1634 1435 scelere
1679 1391 1904 1446 abstinet,
1946 1394 2168 1441 scelestus
2209 1407 2306 1441 esse
2345 1409 2437 1441 non

1463 1461 1597 1507 desiit
1626 1476 1692 1508 or.
1724 1463 1877 1508 LXIX
1908 1466 1934 1520 ξ
1958 1468 2084 1511 8-9.

1406 1561 1620 1607 Oratores
1650 1563 1744 1608 veri
1783 1567 1828 1607 et
1867 1563 1976 1608 boni
2017 1578 2118 1609 cum
2155 1566 2435 1624 philosophis

1461 1632 1604 1677 multa
1621 1634 1872 1679 communia
1883 1635 2054 1680 habent
2061 1635 2106 1680 II
2119 1639 2215 1682 271.
2227 1650 2292 1682 or.
2303 1637 2435 1681 XXII

1463 1704 1490 1758 ξ
1518 1707 1618 1760 lsq.

1404 1801 1662 1858 Paupertas
1702 1803 1760 1848 ad
1792 1804 1929 1849 vitam
1965 1805 2079 1850 bene
2115 1811 2160 1851 et
2188 1807 2435 1852 secundum

1461 1875 1672 1919 naturam
1713 1875 1961 1931 degendam
1989 1877 2156 1923 divitiis
2190 1878 2339 1935 aptior
2368 1891 2434 1923 or.

1461 1944 1548 1990 vn
1579 1945 1672 2000 §81
1708 1946 1855 2003 §10:3.

1405 2015 1500 2060 Pax
1529 2013 1583 2062 έν
1604 2041 1655 2048 -
1680 2013 1841 2077 εἰρήνῃ
1870 2020 1950 2064 καὶ
1972 2016 2185 2084 ῥαθυμίᾳ
2205 2022 2304 2066 τῶν
2333 2014 2435 2079 άρί-

1464 2103 1592 2133 στων
1621 2081 1813 2147 άνδρῶν
1844 2089 1911 2143 εἰς
1938 2091 2173 2148 μηδεμίαν
2210 2087 2435 2149 αἰσχύνην

1456 2158 1570 2216 μηδὲ
1601 2153 1803 2212 α’ταξίαν
1833 2158 2159 2219 ὑπενεχθῆναι
2190 2164 2286 2217 266,
2310 2163 2379 2206 24.

1402 2227 1667 2285 Philosophi
1682 2231 1792 2290 περὶ
1812 2233 1900 2277 τοῦ
1919 2228 2255 2292 προσήκοντος
2271 2235 2433 2276 vocant

1457 2299 1750 2355 quaestiones
1789 2300 1950 2346 hasce:
2004 2301 2050 2348 εἰ
2084 2302 2345 2363 γαμητέον,
2390 2302 2435 2349 εἰ

1457 2369 1782 2426 πολιτευτέον,
1813 2372 1857 2419 εἰ
1883 2374 2106 2437 βασιλείᾳ
2134 2371 2372 2432 χρηστέον
2400 2370 2431 2433 ἢ

1456 2443 1752 2507 δημοκρατία
1781 2439 1811 2501 ἢ
1850 2441 1969 2502 ἄλλῃ
2006 2446 2097 2490 τινὶ
2136 2440 2430 2491 καταστάσει

1456 2514 1701 2567 πολιτείας
1723 2539 1773 2546 —
1799 2514 1843 2562 εἰ
1860 2516 2159 2576 πολεμητέον
2178 2517 2224 2560 II
2244 2519 2340 2572 272,
2361 2521 2428 2560 15.

1455 2608 1510 2615 ——
1531 2584 1590 2628 ad
1621 2596 1697 2629 eos
1727 2599 1819 2631 non
1840 2587 2063 2632 accedunt
2082 2586 2169 2632 nisi
2189 2586 2325 2631 rebus
2345 2586 2425 2631 ad-

1454 2654 1594 2699 versis
1630 2656 1779 2701 vexati
1817 2657 1865 2702 II
1895 2661 2003 2715 284,
2035 2662 2103 2703 33.
2146 2671 2211 2703 or.
2251 2656 2426 2703 XXVII

1455 2727 1481 2780 ξ
1501 2729 1654 2772 7-10.
1679 2751 1736 2759 -
1757 2731 1857 2774 τῶν
1886 2725 2171 2788 φιλοσόφων
2189 2725 2274 2788 ἦδη
2303 2728 2426 2781 τινὲς

1455 2799 1668 2844 τοιοῦτοι
1696 2794 1968 2858 γεγόνασιν,
1999 2792 2125 2847 ὥστε
2158 2796 2334 2846 ὁποῖον
2363 2796 2425 2846 ἄν

1452 2871 1613 2926 μῦθον
1631 2864 1662 2928 ἢ
1682 2861 1833 2929 λόγον
1852 2866 2066 2930 λάβωσιν
2093 2867 2314 2924 ἕλκοντες
2342 2872 2423 2916 καὶ

1453 2937 1748 2995 πλάττοντες
1767 2958 1891 2989 κατα
1913 2939 2000 3001 τὴν
2031 2935 2190 2988 αὑτῶν
2209 2940 2422 2988 διάνοιαν

1455 3005 1699 3070 ὠφέλιμον
1733 3015 1814 3059 καὶ
1862 3013 2128 3076 φιλοσοφίᾳ
2173 3011 2421 3069 πρέποντα

1456 3079 1719 3137 ἀπέδειξαν.
1785 3084 1858 3128 Ea
1899 3084 2099 3129 Socratis
2142 3082 2421 3128 consuetudo

1453 3154 1563 3198 fuit:
1614 3148 1703 3201 οὐκ
1741 3154 1866 3202 ἰδίαν
1909 3154 2146 3213 εἰσφέρων
2187 3148 2423 3201 ὑπόθεσιν

1455 3220 1563 3273 οὐδὲ
1593 3223 1850 3285 πρόβλημα
1871 3223 2177 3283 ἐσκεμμένον,
2207 3218 2318 3272 α’λλ’
2348 3218 2422 3271 dez

1454 3300 1513 3357 τῇ
1558 3295 1779 3358 παρούσῃ
1821 3293 2072 3358 χρώμενος
2115 3297 2196 3342 καὶ
2248 3291 2423 3354 ταύτην

1453 3366 1716 3428 προσάγων
1747 3364 1873 3428 πρὸς
1905 3368 2212 3427 φιλοσοφίαν.
2259 3367 2422 3422 11136,

1455 3442 1524 3485 27.
1546 3465 1602 3471 —
1620 3436 1827 3498 φύλακες
1849 3442 1947 3485 τῶν
1968 3436 2086 3486 οἵων
2105 3454 2158 3484 τε
2179 3437 2420 3498 σῴζεσθαι

1454 3513 1551 3568 272,
1583 3514 1607 3554 2
1649 3507 1925 3569 φιλοσόφου
1962 3512 2117 3556 κακοῦ
2149 3505 2212 3567 μὴ
2243 3503 2418 3565 πικρὸν

1454 3577 1574 3628 εἶναι
1602 3581 1710 3627 ibid.
1730 3586 1770 3626 7.
1792 3606 1846 3614 -
1869 3581 2044 3627 diversa
2072 3593 2225 3625 eorum
2252 3590 2417 3634 genera

1456 3654 1497 3704 1)
1540 3650 1586 3698 οὶ
1621 3650 1710 3709 μὲν
1740 3676 1793 3684 -
1834 3644 1959 3705 ὅλως
1998 3650 2065 3704 εἰς
2107 3652 2291 3707 πλῆθος
2330 3643 2417 3694 οὐκ

1453 3718 1581 3768 ἴασιν
1621 3725 1664 3776 2)
1705 3720 1752 3768 οἳ
1791 3716 1838 3769 δ’
1875 3720 1928 3769 έν
1966 3728 2069 3774 τοῖς
2104 3718 2416 3775 καλουμένοις

1453 3789 1796 3853 ἀκροατηρίοις
1825 3793 2179 3851 φωνασκοῦσιν,
2216 3786 2416 3836 ἐνσπόν-
