<?xml version="1.0" encoding="UTF-8"?>
<!DOCTYPE html PUBLIC "-//W3C//DTD XHTML 1.0 Transitional//EN"
    "http://www.w3.org/TR/xhtml1/DTD/xhtml1-transitional.dtd">
<html xmlns="http://www.w3.org/1999/xhtml" xml:lang="en" lang="en">
 <head>
  <title>
</title>
<meta http-equiv="Content-Type" content="text/html;charset=utf-8" />
  <meta name='ocr-system' content='tesseract 3.04.00' />
  <meta name='ocr-capabilities' content='ocr_page ocr_carea ocr_par ocr_line ocrx_word'/>
</head>
<body>
  <div class='ocr_page' id='page_1' title='image "./dionisprusaensis02diocuoft_0371.png"; bbox 0 0 2684 4140; ppageno 0'>
   <div class='ocr_carea' id='block_1_1' title="bbox 9 2724 14 3346">
    <p class='ocr_par' dir='ltr' id='par_1_1' title="bbox 9 2724 14 3346">
     <span class='ocr_line' id='line_1_1' title="bbox 9 2724 14 3346; baseline 0 0"><span class='ocrx_word' id='word_1_1' title='bbox 9 2724 14 3346; x_wconf 95' lang='lat' dir='ltr'><em> </em></span> 
     </span>
    </p>
   </div>
   <div class='ocr_carea' id='block_1_2' title="bbox 0 280 31 4140">
    <p class='ocr_par' dir='ltr' id='par_1_2' title="bbox 0 280 31 4140">
     <span class='ocr_line' id='line_1_2' title="bbox 0 280 31 4140; baseline 0 0"><span class='ocrx_word' id='word_1_2' title='bbox 0 280 31 4140; x_wconf 95' lang='lat' dir='ltr'><em> </em></span> 
     </span>
    </p>
   </div>
   <div class='ocr_carea' id='block_1_3' title="bbox 781 261 1752 311">
    <p class='ocr_par' dir='ltr' id='par_1_3' title="bbox 781 261 1752 311">
     <span class='ocr_line' id='line_1_3' title="bbox 781 261 1752 311; baseline 0 -3"><span class='ocrx_word' id='word_1_3' title='bbox 781 267 821 311; x_wconf 88' lang='grc'><em>3.</em></span> <span class='ocrx_word' id='word_1_4' title='bbox 852 263 1139 310; x_wconf 87' lang='lat' dir='ltr'><strong>HISTORIA</strong></span> <span class='ocrx_word' id='word_1_5' title='bbox 1167 261 1430 310; x_wconf 87' lang='lat' dir='ltr'><strong>AETATIS</strong></span> <span class='ocrx_word' id='word_1_6' title='bbox 1461 261 1752 308; x_wconf 83' lang='lat' dir='ltr'><strong>DIONEAE.</strong></span> 
     </span>
    </p>
   </div>
   <div class='ocr_carea' id='block_1_4' title="bbox 270 394 1240 746">
    <p class='ocr_par' dir='ltr' id='par_1_4' title="bbox 270 394 1240 746">
     <span class='ocr_line' id='line_1_4' title="bbox 272 394 1237 467; baseline -0.001 -15"><span class='ocrx_word' id='word_1_7' title='bbox 272 401 402 464; x_wconf 81' lang='grc' dir='ltr'><em>παρὰ</em></span> <span class='ocrx_word' id='word_1_8' title='bbox 445 408 590 452; x_wconf 85' lang='grc' dir='ltr'><em>πᾶσιν</em></span> <span class='ocrx_word' id='word_1_9' title='bbox 611 394 799 464; x_wconf 77' lang='grc' dir='ltr'><em>Ἕλλησι</em></span> <span class='ocrx_word' id='word_1_10' title='bbox 837 407 917 451; x_wconf 83' lang='grc' dir='ltr'><em>καὶ</em></span> <span class='ocrx_word' id='word_1_11' title='bbox 952 403 1237 467; x_wconf 81' lang='grc' dir='ltr'><em>βαρβάροις,</em></span> 
     </span>
     <span class='ocr_line' id='line_1_5' title="bbox 272 470 1239 537; baseline 0.002 -15"><span class='ocrx_word' id='word_1_12' title='bbox 272 472 329 522; x_wconf 83' lang='grc' dir='ltr'><em>τὸ</em></span> <span class='ocrx_word' id='word_1_13' title='bbox 362 476 411 523; x_wconf 79' lang='grc' dir='ltr'><em>δὲ</em></span> <span class='ocrx_word' id='word_1_14' title='bbox 440 470 613 534; x_wconf 74' lang='grc' dir='ltr'><em>ἀληθὲς</em></span> <span class='ocrx_word' id='word_1_15' title='bbox 643 471 761 522; x_wconf 77' lang='grc' dir='ltr'><em>ὄντα</em></span> <span class='ocrx_word' id='word_1_16' title='bbox 792 477 996 532; x_wconf 85' lang='grc' dir='ltr'><em>δαίμονα</em></span> <span class='ocrx_word' id='word_1_17' title='bbox 1025 475 1239 537; x_wconf 90' lang='grc' dir='ltr'><em>πονηρόν</em></span> 
     </span>
     <span class='ocr_line' id='line_1_6' title="bbox 270 542 1240 603; baseline 0.003 -12"><span class='ocrx_word' id='word_1_18' title='bbox 270 547 315 591; x_wconf 95' lang='lat'><em>11</em></span> <span class='ocrx_word' id='word_1_19' title='bbox 333 550 402 603; x_wconf 84' lang='lat'><strong>71,</strong></span> <span class='ocrx_word' id='word_1_20' title='bbox 416 551 458 592; x_wconf 86' lang='lat'><em>4.</em></span> <span class='ocrx_word' id='word_1_21' title='bbox 474 571 530 580; x_wconf 89' lang='lat'><strong>—</strong></span> <span class='ocrx_word' id='word_1_22' title='bbox 545 546 602 591; x_wconf 95' lang='lat' dir='ltr'><em>D.</em></span> <span class='ocrx_word' id='word_1_23' title='bbox 621 550 666 591; x_wconf 88' lang='lat' dir='ltr'><em>et</em></span> <span class='ocrx_word' id='word_1_24' title='bbox 679 546 798 592; x_wconf 90' lang='lat' dir='ltr'>Nero</span> <span class='ocrx_word' id='word_1_25' title='bbox 821 542 889 593; x_wconf 75' lang='grc' dir='ltr'><em>ἔτι</em></span> <span class='ocrx_word' id='word_1_26' title='bbox 910 547 959 594; x_wconf 81' lang='grc' dir='ltr'><em>δὲ</em></span> <span class='ocrx_word' id='word_1_27' title='bbox 979 547 1093 594; x_wconf 86' lang='grc' dir='ltr'><em>ἰδεῖν</em></span> <span class='ocrx_word' id='word_1_28' title='bbox 1112 544 1240 594; x_wconf 72' lang='grc' dir='ltr'><em>ἔστιν</em></span> 
     </span>
     <span class='ocr_line' id='line_1_7' title="bbox 272 614 1239 676; baseline 0.002 -13"><span class='ocrx_word' id='word_1_29' title='bbox 272 614 442 676; x_wconf 74' lang='grc' dir='ltr'><em>ἑτέραν</em></span> <span class='ocrx_word' id='word_1_30' title='bbox 472 617 629 663; x_wconf 84' lang='grc' dir='ltr'><em>οἰκίαν</em></span> <span class='ocrx_word' id='word_1_31' title='bbox 659 621 990 676; x_wconf 80' lang='grc' dir='ltr'><em>συντριβεῖσαν</em></span> <span class='ocrx_word' id='word_1_32' title='bbox 1010 622 1239 665; x_wconf 83' lang='grc' dir='ltr'><em>πλουσιω-</em></span> 
     </span>
     <span class='ocr_line' id='line_1_8' title="bbox 275 684 1240 746; baseline 0.004 -15"><span class='ocrx_word' id='word_1_33' title='bbox 275 687 423 746; x_wconf 83' lang='grc' dir='ltr'><em>τέραν</em></span> <span class='ocrx_word' id='word_1_34' title='bbox 451 684 630 745; x_wconf 81' lang='grc' dir='ltr'><em>ἐκείνης</em></span> <span class='ocrx_word' id='word_1_35' title='bbox 659 687 770 740; x_wconf 82' lang='lat' dir='ltr'>(scil.</span> <span class='ocrx_word' id='word_1_36' title='bbox 802 687 1133 743; x_wconf 81' lang='lat' dir='ltr'>Pelopidarum)</span> <span class='ocrx_word' id='word_1_37' title='bbox 1161 691 1240 735; x_wconf 83' lang='grc' dir='ltr'><em>καὶ</em></span> 
     </span>
    </p>
   </div>
   <div class='ocr_carea' id='block_1_5' title="bbox 271 751 1239 882">
    <p class='ocr_par' dir='ltr' id='par_1_5' title="bbox 271 751 1239 882">
     <span class='ocr_line' id='line_1_9' title="bbox 271 751 1239 814; baseline 0.002 -13"><span class='ocrx_word' id='word_1_38' title='bbox 271 751 326 814; x_wconf 76' lang='grc' dir='ltr'><em>νὴ</em></span> <span class='ocrx_word' id='word_1_39' title='bbox 345 756 438 801; x_wconf 91' lang='grc' dir='ltr'><em>Δία</em></span> <span class='ocrx_word' id='word_1_40' title='bbox 455 753 625 814; x_wconf 70' lang='grc' dir='ltr'><em>ἑτέραν</em></span> <span class='ocrx_word' id='word_1_41' title='bbox 643 753 1004 804; x_wconf 69' lang='grc' dir='ltr'><em>κινδυνεύουσαν</em></span> <span class='ocrx_word' id='word_1_42' title='bbox 1034 759 1079 802; x_wconf 89' lang='lat'><em>11</em></span> <span class='ocrx_word' id='word_1_43' title='bbox 1103 762 1196 814; x_wconf 83' lang='lat'><strong>162,</strong></span> <span class='ocrx_word' id='word_1_44' title='bbox 1214 763 1239 803; x_wconf 88' lang='grc'><strong>9</strong></span> 
     </span>
     <span class='ocr_line' id='line_1_10' title="bbox 279 824 676 882; baseline 0.015 -14"><span class='ocrx_word' id='word_1_45' title='bbox 279 827 361 880; x_wconf 87' lang='lat' dir='ltr'>(or.</span> <span class='ocrx_word' id='word_1_46' title='bbox 393 824 542 871; x_wconf 87' lang='lat' dir='ltr'><strong>LXVI</strong></span> <span class='ocrx_word' id='word_1_47' title='bbox 571 828 597 882; x_wconf 67' lang='grc' dir='ltr'><em>ξ</em></span> <span class='ocrx_word' id='word_1_48' title='bbox 620 829 676 881; x_wconf 87' lang='grc'><strong>6).</strong></span> 
     </span>
    </p>
   </div>
   <div class='ocr_carea' id='block_1_6' title="bbox 213 938 1240 1061">
    <p class='ocr_par' dir='ltr' id='par_1_6' title="bbox 213 938 1240 1061">
     <span class='ocr_line' id='line_1_11' title="bbox 213 938 1240 998; baseline 0.002 -15"><span class='ocrx_word' id='word_1_49' title='bbox 213 938 544 994; x_wconf 84' lang='lat' dir='ltr'><strong>Imperatorum</strong></span> <span class='ocrx_word' id='word_1_50' title='bbox 606 942 786 983; x_wconf 78' lang='lat' dir='ltr'>statuae</span> <span class='ocrx_word' id='word_1_51' title='bbox 854 941 976 998; x_wconf 84' lang='lat' dir='ltr'>apud</span> <span class='ocrx_word' id='word_1_52' title='bbox 1040 940 1240 985; x_wconf 87' lang='lat' dir='ltr'>Rhodios</span> 
     </span>
     <span class='ocr_line' id='line_1_12' title="bbox 275 1009 471 1061; baseline 0 -11"><span class='ocrx_word' id='word_1_53' title='bbox 275 1009 371 1061; x_wconf 82' lang='lat'><strong>250,</strong></span> <span class='ocrx_word' id='word_1_54' title='bbox 406 1011 471 1052; x_wconf 85' lang='lat'><strong>13.</strong></span> 
     </span>
    </p>
   </div>
   <div class='ocr_carea' id='block_1_7' title="bbox 214 1106 1240 1167">
    <p class='ocr_par' dir='ltr' id='par_1_7' title="bbox 214 1106 1240 1167">
     <span class='ocr_line' id='line_1_13' title="bbox 214 1106 1240 1167; baseline 0.002 -16"><span class='ocrx_word' id='word_1_55' title='bbox 214 1106 338 1151; x_wconf 84' lang='lat' dir='ltr'>Nero</span> <span class='ocrx_word' id='word_1_56' title='bbox 355 1106 598 1163; x_wconf 86' lang='lat' dir='ltr'>imperator</span> <span class='ocrx_word' id='word_1_57' title='bbox 608 1107 838 1152; x_wconf 87' lang='lat' dir='ltr'>victoriam</span> <span class='ocrx_word' id='word_1_58' title='bbox 853 1108 1068 1166; x_wconf 87' lang='lat' dir='ltr'>Olympiis</span> <span class='ocrx_word' id='word_1_59' title='bbox 1084 1121 1240 1167; x_wconf 87' lang='lat' dir='ltr'>repor-</span> 
     </span>
    </p>
   </div>
   <div class='ocr_carea' id='block_1_8' title="bbox 275 1178 1751 1250">
    <p class='ocr_par' dir='ltr' id='par_1_8' title="bbox 275 1178 1751 1250">
     <span class='ocr_line' id='line_1_14' title="bbox 275 1178 1751 1250; baseline 0.01 -30"><span class='ocrx_word' id='word_1_60' title='bbox 275 1180 374 1220; x_wconf 87' lang='lat' dir='ltr'>tare</span> <span class='ocrx_word' id='word_1_61' title='bbox 403 1178 623 1232; x_wconf 74' lang='lat' dir='ltr'>gestiebat</span> <span class='ocrx_word' id='word_1_62' title='bbox 662 1181 759 1235; x_wconf 86' lang='lat'><strong>251,</strong></span> <span class='ocrx_word' id='word_1_63' title='bbox 793 1182 857 1223; x_wconf 90' lang='lat'><strong>13.</strong></span> <span class='ocrx_word' id='word_1_64' title='bbox 897 1205 948 1211; x_wconf 89' lang='lat'><em>-—</em></span> <span class='ocrx_word' id='word_1_65' title='bbox 993 1183 1242 1224; x_wconf 84' lang='lat' dir='ltr'>statuarum</span> <span class='ocrx_word' id='word_1_66' title='bbox 1284 1203 1386 1248; x_wconf 68' lang='lat' dir='ltr'><em>Rex</em></span> <span class='ocrx_word' id='word_1_67' title='bbox 1414 1203 1560 1248; x_wconf 72' lang='lat' dir='ltr'>bonus</span> <span class='ocrx_word' id='word_1_68' title='bbox 1589 1204 1751 1250; x_wconf 66' lang='lat' dir='ltr'>milites</span> 
     </span>
    </p>
   </div>
   <div class='ocr_carea' id='block_1_9' title="bbox 217 1247 1251 3820">
    <p class='ocr_par' dir='ltr' id='par_1_9' title="bbox 270 1247 1250 3060">
     <span class='ocr_line' id='line_1_15' title="bbox 274 1247 1243 1307; baseline 0.004 -17"><span class='ocrx_word' id='word_1_69' title='bbox 274 1247 603 1292; x_wconf 85' lang='lat' dir='ltr'>amantissimus</span> <span class='ocrx_word' id='word_1_70' title='bbox 644 1249 831 1304; x_wconf 81' lang='lat' dir='ltr'>Delphis</span> <span class='ocrx_word' id='word_1_71' title='bbox 869 1252 914 1293; x_wconf 87' lang='lat' dir='ltr'><em>et</em></span> <span class='ocrx_word' id='word_1_72' title='bbox 956 1250 1159 1307; x_wconf 84' lang='lat' dir='ltr'>Olympia</span> <span class='ocrx_word' id='word_1_73' title='bbox 1199 1254 1243 1294; x_wconf 87' lang='lat' dir='ltr'><em>et</em></span> 
     </span>
     <span class='ocr_line' id='line_1_16' title="bbox 273 1315 1243 1382; baseline 0.006 -22"><span class='ocrx_word' id='word_1_74' title='bbox 273 1329 329 1360; x_wconf 85' lang='lat' dir='ltr'><em>ex</em></span> <span class='ocrx_word' id='word_1_75' title='bbox 359 1330 466 1361; x_wconf 88' lang='lat' dir='ltr'>arce</span> <span class='ocrx_word' id='word_1_76' title='bbox 486 1317 765 1363; x_wconf 81' lang='lat' dir='ltr'>Athenarum</span> <span class='ocrx_word' id='word_1_77' title='bbox 785 1322 831 1363; x_wconf 90' lang='lat' dir='ltr'><em>et</em></span> <span class='ocrx_word' id='word_1_78' title='bbox 850 1319 1065 1374; x_wconf 84' lang='lat' dir='ltr'>Pergamo</span> <span class='ocrx_word' id='word_1_79' title='bbox 1096 1315 1243 1382; x_wconf 79' lang='grc' dir='ltr'><em>(αὐτῷ</em></span> 
     </span>
     <span class='ocr_line' id='line_1_17' title="bbox 275 1384 1242 1446; baseline 0.003 -13"><span class='ocrx_word' id='word_1_80' title='bbox 275 1384 609 1446; x_wconf 85' lang='grc' dir='ltr'><em>προσήκοντος</em></span> <span class='ocrx_word' id='word_1_81' title='bbox 644 1386 832 1434; x_wconf 81' lang='grc' dir='ltr'><em>ἐκείνου</em></span> <span class='ocrx_word' id='word_1_82' title='bbox 879 1393 966 1436; x_wconf 87' lang='grc' dir='ltr'><em>τοῦ</em></span> <span class='ocrx_word' id='word_1_83' title='bbox 1002 1390 1242 1445; x_wconf 81' lang='grc' dir='ltr'><em>τεμένους)</em></span> 
     </span>
     <span class='ocr_line' id='line_1_18' title="bbox 271 1458 1242 1515; baseline 0.004 -14"><span class='ocrx_word' id='word_1_84' title='bbox 271 1458 510 1514; x_wconf 87' lang='lat' dir='ltr'>plerasque</span> <span class='ocrx_word' id='word_1_85' title='bbox 535 1463 753 1515; x_wconf 85' lang='lat' dir='ltr'>asportat,</span> <span class='ocrx_word' id='word_1_86' title='bbox 774 1458 934 1505; x_wconf 89' lang='lat' dir='ltr'>Rhodo</span> <span class='ocrx_word' id='word_1_87' title='bbox 956 1460 1124 1504; x_wconf 86' lang='lat' dir='ltr'>nullam</span> <span class='ocrx_word' id='word_1_88' title='bbox 1145 1464 1242 1515; x_wconf 85' lang='lat'><strong>261,</strong></span> 
     </span>
     <span class='ocr_line' id='line_1_19' title="bbox 277 1527 1243 1587; baseline 0.006 -16"><span class='ocrx_word' id='word_1_89' title='bbox 277 1530 346 1572; x_wconf 87' lang='lat'><strong>24.</strong></span> <span class='ocrx_word' id='word_1_90' title='bbox 368 1552 423 1560; x_wconf 91' lang='lat'><strong>—</strong></span> <span class='ocrx_word' id='word_1_91' title='bbox 442 1527 643 1573; x_wconf 84' lang='lat' dir='ltr'>musicae</span> <span class='ocrx_word' id='word_1_92' title='bbox 672 1541 829 1574; x_wconf 86' lang='lat' dir='ltr'>amans</span> <span class='ocrx_word' id='word_1_93' title='bbox 853 1533 949 1587; x_wconf 90' lang='lat'><strong>284,</strong></span> <span class='ocrx_word' id='word_1_94' title='bbox 972 1533 1040 1576; x_wconf 87' lang='lat'><em>24.</em></span> <span class='ocrx_word' id='word_1_95' title='bbox 1064 1556 1117 1564; x_wconf 91' lang='lat'><em>—-</em></span> <span class='ocrx_word' id='word_1_96' title='bbox 1147 1532 1243 1577; x_wconf 89' lang='lat' dir='ltr'>eius</span> 
     </span>
     <span class='ocr_line' id='line_1_20' title="bbox 271 1596 1244 1653; baseline 0.011 -13"><span class='ocrx_word' id='word_1_97' title='bbox 271 1596 432 1642; x_wconf 88' lang='lat' dir='ltr'>domus</span> <span class='ocrx_word' id='word_1_98' title='bbox 462 1609 599 1642; x_wconf 83' lang='lat' dir='ltr'>aurea</span> <span class='ocrx_word' id='word_1_99' title='bbox 627 1598 672 1642; x_wconf 92' lang='grc' dir='ltr'><em>ΙΙ</em></span> <span class='ocrx_word' id='word_1_100' title='bbox 693 1602 761 1653; x_wconf 87' lang='lat'><strong>84,</strong></span> <span class='ocrx_word' id='word_1_101' title='bbox 788 1603 854 1645; x_wconf 89' lang='grc'><em>12.</em></span> <span class='ocrx_word' id='word_1_102' title='bbox 876 1627 928 1634; x_wconf 83' lang='lat'><em>—</em></span> <span class='ocrx_word' id='word_1_103' title='bbox 956 1604 1117 1649; x_wconf 86' lang='grc' dir='ltr'><em>καίτοι</em></span> <span class='ocrx_word' id='word_1_104' title='bbox 1147 1607 1244 1650; x_wconf 78' lang='grc' dir='ltr'><em>τῶν</em></span> 
     </span>
     <span class='ocr_line' id='line_1_21' title="bbox 274 1667 1244 1733; baseline 0.007 -19"><span class='ocrx_word' id='word_1_105' title='bbox 274 1671 358 1715; x_wconf 86' lang='grc' dir='ltr'><em>νῦν</em></span> <span class='ocrx_word' id='word_1_106' title='bbox 372 1667 611 1728; x_wconf 90' lang='grc' dir='ltr'><em>βασιλέων</em></span> <span class='ocrx_word' id='word_1_107' title='bbox 627 1686 697 1723; x_wconf 89' lang='grc' dir='ltr'><em>τις</em></span> <span class='ocrx_word' id='word_1_108' title='bbox 710 1668 936 1728; x_wconf 77' lang='grc' dir='ltr'><em>ἐπεθύμει</em></span> <span class='ocrx_word' id='word_1_109' title='bbox 954 1673 1111 1733; x_wconf 82' lang='grc' dir='ltr'><em>σοφὸς</em></span> <span class='ocrx_word' id='word_1_110' title='bbox 1125 1671 1244 1721; x_wconf 81' lang='grc' dir='ltr'><em>εἶναι</em></span> 
     </span>
     <span class='ocr_line' id='line_1_22' title="bbox 277 1735 1242 1800; baseline 0.006 -15"><span class='ocrx_word' id='word_1_111' title='bbox 277 1735 362 1796; x_wconf 79' lang='grc' dir='ltr'><em>τὴν</em></span> <span class='ocrx_word' id='word_1_112' title='bbox 381 1736 604 1794; x_wconf 85' lang='grc' dir='ltr'><em>τοιαύτην</em></span> <span class='ocrx_word' id='word_1_113' title='bbox 624 1742 818 1800; x_wconf 84' lang='grc' dir='ltr'><em>σοφίαν,</em></span> <span class='ocrx_word' id='word_1_114' title='bbox 840 1737 905 1796; x_wconf 79' lang='grc' dir='ltr'><em>ὡς</em></span> <span class='ocrx_word' id='word_1_115' title='bbox 926 1747 1124 1790; x_wconf 88' lang='grc' dir='ltr'><em>πλεῖστα</em></span> <span class='ocrx_word' id='word_1_116' title='bbox 1144 1742 1242 1790; x_wconf 82' lang='grc' dir='ltr'><em>ἐπι·</em></span> 
     </span>
     <span class='ocr_line' id='line_1_23' title="bbox 276 1802 1244 1873; baseline 0.003 -18"><span class='ocrx_word' id='word_1_117' title='bbox 276 1802 513 1866; x_wconf 85' lang='grc' dir='ltr'><em>στάμενος</em></span> <span class='ocrx_word' id='word_1_118' title='bbox 542 1814 628 1854; x_wconf 88' lang='lat' dir='ltr'>etc.</span> <span class='ocrx_word' id='word_1_119' title='bbox 658 1811 704 1855; x_wconf 92' lang='lat' dir='ltr'><em>II</em></span> <span class='ocrx_word' id='word_1_120' title='bbox 738 1815 830 1873; x_wconf 82' lang='grc'><strong>183,</strong></span> <span class='ocrx_word' id='word_1_121' title='bbox 853 1816 921 1858; x_wconf 90' lang='grc'><em>26.</em></span> <span class='ocrx_word' id='word_1_122' title='bbox 944 1838 999 1845; x_wconf 92' lang='grc'><em>--</em></span> <span class='ocrx_word' id='word_1_123' title='bbox 1029 1815 1244 1858; x_wconf 84' lang='lat' dir='ltr'>amasium</span> 
     </span>
     <span class='ocr_line' id='line_1_24' title="bbox 275 1879 1246 1929; baseline 0.006 -6"><span class='ocrx_word' id='word_1_124' title='bbox 275 1894 406 1924; x_wconf 91' lang='lat' dir='ltr'>suum</span> <span class='ocrx_word' id='word_1_125' title='bbox 427 1879 633 1925; x_wconf 85' lang='lat' dir='ltr'>muliebri</span> <span class='ocrx_word' id='word_1_126' title='bbox 653 1881 831 1927; x_wconf 93' lang='lat' dir='ltr'>nomine</span> <span class='ocrx_word' id='word_1_127' title='bbox 851 1887 897 1927; x_wconf 86' lang='lat' dir='ltr'><em>et</em></span> <span class='ocrx_word' id='word_1_128' title='bbox 917 1886 1080 1928; x_wconf 84' lang='lat' dir='ltr'>ornatu</span> <span class='ocrx_word' id='word_1_129' title='bbox 1100 1884 1246 1929; x_wconf 84' lang='lat' dir='ltr'>induit</span> 
     </span>
     <span class='ocr_line' id='line_1_25' title="bbox 273 1949 1245 2013; baseline 0.005 -20"><span class='ocrx_word' id='word_1_130' title='bbox 273 1949 318 1994; x_wconf 96' lang='lat' dir='ltr'><em>II</em></span> <span class='ocrx_word' id='word_1_131' title='bbox 349 1954 446 2007; x_wconf 85' lang='grc'><strong>267,</strong></span> <span class='ocrx_word' id='word_1_132' title='bbox 477 1953 531 1994; x_wconf 89' lang='grc'><em>28</em></span> <span class='ocrx_word' id='word_1_133' title='bbox 562 1951 761 2007; x_wconf 89' lang='lat' dir='ltr'>praemia</span> <span class='ocrx_word' id='word_1_134' title='bbox 802 1952 843 1997; x_wconf 93' lang='lat' dir='ltr'><em>ei</em></span> <span class='ocrx_word' id='word_1_135' title='bbox 885 1955 1127 2013; x_wconf 90' lang='lat' dir='ltr'>promittit,</span> <span class='ocrx_word' id='word_1_136' title='bbox 1168 1954 1245 2012; x_wconf 89' lang='lat' dir='ltr'><em>qui</em></span> 
     </span>
     <span class='ocr_line' id='line_1_26' title="bbox 270 2020 1243 2079; baseline 0.006 -16"><span class='ocrx_word' id='word_1_137' title='bbox 270 2020 395 2064; x_wconf 89' lang='lat' dir='ltr'>illum</span> <span class='ocrx_word' id='word_1_138' title='bbox 432 2021 663 2065; x_wconf 88' lang='lat' dir='ltr'>mulierem</span> <span class='ocrx_word' id='word_1_139' title='bbox 694 2022 854 2068; x_wconf 84' lang='lat' dir='ltr'>fecerit</span> <span class='ocrx_word' id='word_1_140' title='bbox 889 2024 934 2067; x_wconf 94' lang='lat' dir='ltr'><em>II</em></span> <span class='ocrx_word' id='word_1_141' title='bbox 973 2028 1079 2079; x_wconf 84' lang='lat'><strong>268,</strong></span> <span class='ocrx_word' id='word_1_142' title='bbox 1122 2029 1160 2069; x_wconf 89' lang='grc'><em>8.</em></span> <span class='ocrx_word' id='word_1_143' title='bbox 1190 2052 1243 2058; x_wconf 91' lang='lat'><em>——</em></span> 
     </span>
     <span class='ocr_line' id='line_1_27' title="bbox 274 2085 1243 2153; baseline 0.006 -17"><span class='ocrx_word' id='word_1_144' title='bbox 274 2085 424 2144; x_wconf 71' lang='grc' dir='ltr'><em>οὐδεὶς</em></span> <span class='ocrx_word' id='word_1_145' title='bbox 444 2116 498 2123; x_wconf 95' lang='lat'><em>—-</em></span> <span class='ocrx_word' id='word_1_146' title='bbox 520 2085 757 2138; x_wconf 82' lang='grc' dir='ltr'><em>άδύνατον</em></span> <span class='ocrx_word' id='word_1_147' title='bbox 787 2089 875 2153; x_wconf 68' lang='grc' dir='ltr'><em>ἔφη</em></span> <span class='ocrx_word' id='word_1_148' title='bbox 896 2090 1015 2140; x_wconf 82' lang='grc' dir='ltr'><em>εἶναι</em></span> <span class='ocrx_word' id='word_1_149' title='bbox 1039 2090 1066 2140; x_wconf 74' lang='grc' dir='ltr'>ὃ</span> <span class='ocrx_word' id='word_1_150' title='bbox 1087 2092 1243 2142; x_wconf 83' lang='grc' dir='ltr'><em>κελεύ-</em></span> 
     </span>
     <span class='ocr_line' id='line_1_28' title="bbox 272 2156 1244 2221; baseline 0.007 -15"><span class='ocrx_word' id='word_1_151' title='bbox 272 2177 409 2213; x_wconf 88' lang='grc' dir='ltr'><em>σειεν,</em></span> <span class='ocrx_word' id='word_1_152' title='bbox 442 2156 544 2207; x_wconf 67' lang='grc' dir='ltr'><em>οὔδ’</em></span> <span class='ocrx_word' id='word_1_153' title='bbox 575 2162 619 2208; x_wconf 87' lang='grc' dir='ltr'><em>εἰ</em></span> <span class='ocrx_word' id='word_1_154' title='bbox 645 2163 874 2210; x_wconf 77' lang='grc' dir='ltr'><em>πέτεσθαι</em></span> <span class='ocrx_word' id='word_1_155' title='bbox 904 2161 1087 2211; x_wconf 80' lang='grc' dir='ltr'><em>κελεύοι</em></span> <span class='ocrx_word' id='word_1_156' title='bbox 1124 2163 1244 2221; x_wconf 87' lang='grc' dir='ltr'><em>τινά,</em></span> 
     </span>
     <span class='ocr_line' id='line_1_29' title="bbox 270 2226 1247 2298; baseline 0.006 -20"><span class='ocrx_word' id='word_1_157' title='bbox 270 2226 450 2287; x_wconf 80' lang='grc' dir='ltr'><em>&lt;άλλὰ&gt;</em></span> <span class='ocrx_word' id='word_1_158' title='bbox 469 2234 550 2277; x_wconf 86' lang='grc' dir='ltr'><em>καὶ</em></span> <span class='ocrx_word' id='word_1_159' title='bbox 571 2236 715 2279; x_wconf 84' lang='grc' dir='ltr'><em>τοῦτο</em></span> <span class='ocrx_word' id='word_1_160' title='bbox 737 2229 970 2293; x_wconf 80' lang='grc' dir='ltr'><em>ὑπέσχετο</em></span> <span class='ocrx_word' id='word_1_161' title='bbox 995 2233 1137 2298; x_wconf 81' lang='grc' dir='ltr'><em>αὐτῷ,</em></span> <span class='ocrx_word' id='word_1_162' title='bbox 1166 2241 1247 2283; x_wconf 81' lang='grc' dir='ltr'><em>καὶ</em></span> 
     </span>
     <span class='ocr_line' id='line_1_30' title="bbox 274 2298 1246 2368; baseline 0.008 -22"><span class='ocrx_word' id='word_1_163' title='bbox 274 2298 451 2360; x_wconf 87' lang='grc' dir='ltr'><em>συχνὸν</em></span> <span class='ocrx_word' id='word_1_164' title='bbox 476 2299 661 2361; x_wconf 88' lang='grc' dir='ltr'><em>χρόνον</em></span> <span class='ocrx_word' id='word_1_165' title='bbox 695 2302 925 2363; x_wconf 78' lang='grc' dir='ltr'><em>ἐτρέφετο</em></span> <span class='ocrx_word' id='word_1_166' title='bbox 959 2302 1096 2353; x_wconf 75' lang='grc' dir='ltr'><em>ἔνδον</em></span> <span class='ocrx_word' id='word_1_167' title='bbox 1125 2302 1246 2368; x_wconf 82' lang='grc' dir='ltr'><em>παρ’</em></span> 
     </span>
     <span class='ocr_line' id='line_1_31' title="bbox 277 2368 1245 2437; baseline 0.007 -19"><span class='ocrx_word' id='word_1_168' title='bbox 277 2368 407 2434; x_wconf 77' lang='grc' dir='ltr'><em>αὐτῷ</em></span> <span class='ocrx_word' id='word_1_169' title='bbox 436 2371 488 2418; x_wconf 78' lang='grc' dir='ltr'><em>ἐν</em></span> <span class='ocrx_word' id='word_1_170' title='bbox 517 2381 619 2427; x_wconf 87' lang='grc' dir='ltr'><em>τοῖς</em></span> <span class='ocrx_word' id='word_1_171' title='bbox 647 2377 931 2434; x_wconf 84' lang='grc' dir='ltr'><em>βασιλείοις,</em></span> <span class='ocrx_word' id='word_1_172' title='bbox 977 2375 1042 2432; x_wconf 81' lang='grc' dir='ltr'><em>ὦς</em></span> <span class='ocrx_word' id='word_1_173' title='bbox 1073 2375 1245 2437; x_wconf 89' lang='grc' dir='ltr'><em>πτησό-</em></span> 
     </span>
     <span class='ocr_line' id='line_1_32' title="bbox 278 2442 1246 2507; baseline 0.007 -19"><span class='ocrx_word' id='word_1_174' title='bbox 278 2459 424 2499; x_wconf 87' lang='grc' dir='ltr'><em>μενος</em></span> <span class='ocrx_word' id='word_1_175' title='bbox 454 2443 500 2487; x_wconf 89' lang='lat'><em>11</em></span> <span class='ocrx_word' id='word_1_176' title='bbox 521 2446 618 2500; x_wconf 88' lang='grc'><strong>268,</strong></span> <span class='ocrx_word' id='word_1_177' title='bbox 642 2449 709 2490; x_wconf 88' lang='grc'><em>18.</em></span> <span class='ocrx_word' id='word_1_178' title='bbox 731 2471 784 2476; x_wconf 91' lang='grc'><strong>-</strong></span> <span class='ocrx_word' id='word_1_179' title='bbox 807 2442 880 2493; x_wconf 81' lang='grc' dir='ltr'><em>διὰ</em></span> <span class='ocrx_word' id='word_1_180' title='bbox 902 2443 1055 2507; x_wconf 87' lang='grc' dir='ltr'><em>μόνην</em></span> <span class='ocrx_word' id='word_1_181' title='bbox 1082 2448 1246 2505; x_wconf 82' lang='grc' dir='ltr'><em>μέντοι</em></span> 
     </span>
     <span class='ocr_line' id='line_1_33' title="bbox 272 2506 1249 2576; baseline 0.007 -18"><span class='ocrx_word' id='word_1_182' title='bbox 272 2510 447 2572; x_wconf 84' lang='grc' dir='ltr'><em>ταύτην</em></span> <span class='ocrx_word' id='word_1_183' title='bbox 483 2509 570 2572; x_wconf 82' lang='grc' dir='ltr'><em>τὴν</em></span> <span class='ocrx_word' id='word_1_184' title='bbox 607 2506 747 2575; x_wconf 74' lang='grc' dir='ltr'><em>ῧβριν</em></span> <span class='ocrx_word' id='word_1_185' title='bbox 788 2520 868 2563; x_wconf 82' lang='grc' dir='ltr'><em>καὶ</em></span> <span class='ocrx_word' id='word_1_186' title='bbox 908 2512 1124 2565; x_wconf 83' lang='grc' dir='ltr'><em>οἷπέθανε</em></span> <span class='ocrx_word' id='word_1_187' title='bbox 1164 2518 1249 2576; x_wconf 76' lang='grc' dir='ltr'><em>τὴν</em></span> 
     </span>
     <span class='ocr_line' id='line_1_34' title="bbox 274 2579 1248 2649; baseline 0.007 -20"><span class='ocrx_word' id='word_1_188' title='bbox 274 2583 341 2637; x_wconf 83' lang='grc' dir='ltr'><em>εἷς</em></span> <span class='ocrx_word' id='word_1_189' title='bbox 394 2580 483 2630; x_wconf 87' lang='grc' dir='ltr'><em>τὸν</em></span> <span class='ocrx_word' id='word_1_190' title='bbox 527 2579 770 2643; x_wconf 79' lang='grc' dir='ltr'><em>εὐνοῦχον.</em></span> <span class='ocrx_word' id='word_1_191' title='bbox 865 2581 1107 2647; x_wconf 82' lang='grc' dir='ltr'><em>ὀργισθεὶς</em></span> <span class='ocrx_word' id='word_1_192' title='bbox 1154 2586 1248 2649; x_wconf 84' lang='grc' dir='ltr'><em>γὰρ</em></span> 
     </span>
     <span class='ocr_line' id='line_1_35' title="bbox 277 2649 1249 2717; baseline 0.007 -18"><span class='ocrx_word' id='word_1_193' title='bbox 277 2651 523 2713; x_wconf 77' lang='grc' dir='ltr'><em>ἐξήνεγκεν</em></span> <span class='ocrx_word' id='word_1_194' title='bbox 555 2649 701 2703; x_wconf 70' lang='grc' dir='ltr'><em>αὐτοῦ</em></span> <span class='ocrx_word' id='word_1_195' title='bbox 729 2654 789 2703; x_wconf 80' lang='grc' dir='ltr'><em>τὰ</em></span> <span class='ocrx_word' id='word_1_196' title='bbox 812 2652 1116 2717; x_wconf 71' lang='grc' dir='ltr'><em>βουλεύματα</em></span> <span class='ocrx_word' id='word_1_197' title='bbox 1148 2668 1249 2714; x_wconf 90' lang='grc' dir='ltr'><em>τοῖς</em></span> 
     </span>
     <span class='ocr_line' id='line_1_36' title="bbox 276 2720 1250 2790; baseline 0.008 -21"><span class='ocrx_word' id='word_1_198' title='bbox 276 2727 384 2781; x_wconf 83' lang='grc' dir='ltr'><em>περὶ</em></span> <span class='ocrx_word' id='word_1_199' title='bbox 436 2720 600 2771; x_wconf 74' lang='grc' dir='ltr'><em>αὐτόν·</em></span> <span class='ocrx_word' id='word_1_200' title='bbox 647 2730 729 2772; x_wconf 80' lang='grc' dir='ltr'><em>καὶ</em></span> <span class='ocrx_word' id='word_1_201' title='bbox 777 2721 930 2783; x_wconf 65' lang='grc' dir='ltr'><em>οὕτως</em></span> <span class='ocrx_word' id='word_1_202' title='bbox 974 2725 1250 2790; x_wconf 84' lang='grc' dir='ltr'><em>άπέστησαν</em></span> 
     </span>
     <span class='ocr_line' id='line_1_37' title="bbox 276 2788 1249 2862; baseline 0.01 -23"><span class='ocrx_word' id='word_1_203' title='bbox 276 2788 366 2839; x_wconf 74' lang='grc' dir='ltr'><em>ἄπ’</em></span> <span class='ocrx_word' id='word_1_204' title='bbox 398 2789 546 2841; x_wconf 76' lang='grc' dir='ltr'><em>αὐτοῦ</em></span> <span class='ocrx_word' id='word_1_205' title='bbox 574 2799 654 2842; x_wconf 84' lang='grc' dir='ltr'><em>καὶ</em></span> <span class='ocrx_word' id='word_1_206' title='bbox 683 2795 966 2857; x_wconf 75' lang='grc' dir='ltr'><em>ἠνάγκασαν</em></span> <span class='ocrx_word' id='word_1_207' title='bbox 1003 2793 1100 2862; x_wconf 69' lang='grc' dir='ltr'><em>ὅτῳ</em></span> <span class='ocrx_word' id='word_1_208' title='bbox 1130 2802 1249 2849; x_wconf 80' lang='grc' dir='ltr'><em>ποτὲ</em></span> 
     </span>
     <span class='ocr_line' id='line_1_38' title="bbox 276 2860 1249 2931; baseline 0.011 -22"><span class='ocrx_word' id='word_1_209' title='bbox 276 2860 443 2926; x_wconf 89' lang='grc' dir='ltr'><em>τρόπῳ</em></span> <span class='ocrx_word' id='word_1_210' title='bbox 464 2861 734 2914; x_wconf 85' lang='grc' dir='ltr'><em>άπολέσθαι</em></span> <span class='ocrx_word' id='word_1_211' title='bbox 756 2866 924 2915; x_wconf 76' lang='grc' dir='ltr'><em>αὐτόν·</em></span> <span class='ocrx_word' id='word_1_212' title='bbox 950 2867 1134 2919; x_wconf 78' lang='grc' dir='ltr'><em>οὐδέπω</em></span> <span class='ocrx_word' id='word_1_213' title='bbox 1155 2869 1249 2931; x_wconf 76' lang='grc' dir='ltr'><em>γὰρ</em></span> 
     </span>
     <span class='ocr_line' id='line_1_39' title="bbox 275 2933 1248 2997; baseline 0.007 -18"><span class='ocrx_word' id='word_1_214' title='bbox 275 2937 356 2980; x_wconf 82' lang='grc' dir='ltr'><em>καὶ</em></span> <span class='ocrx_word' id='word_1_215' title='bbox 386 2939 468 2981; x_wconf 81' lang='grc' dir='ltr'><em>νῦν</em></span> <span class='ocrx_word' id='word_1_216' title='bbox 497 2934 642 2983; x_wconf 81' lang='grc' dir='ltr'><em>τοῦτό</em></span> <span class='ocrx_word' id='word_1_217' title='bbox 674 2955 728 2997; x_wconf 91' lang='grc' dir='ltr'><em>γε</em></span> <span class='ocrx_word' id='word_1_218' title='bbox 760 2933 903 2997; x_wconf 84' lang='grc' dir='ltr'><em>δῆλόν</em></span> <span class='ocrx_word' id='word_1_219' title='bbox 931 2942 1061 2989; x_wconf 76' lang='grc' dir='ltr'><em>ἐστιν</em></span> <span class='ocrx_word' id='word_1_220' title='bbox 1090 2948 1173 2987; x_wconf 84' lang='lat' dir='ltr'>etc.</span> <span class='ocrx_word' id='word_1_221' title='bbox 1205 2943 1248 2986; x_wconf 88' lang='lat'><em>11</em></span> 
     </span>
     <span class='ocr_line' id='line_1_40' title="bbox 277 3008 474 3060; baseline 0.01 -13"><span class='ocrx_word' id='word_1_222' title='bbox 277 3008 374 3060; x_wconf 86' lang='lat'><strong>268,</strong></span> <span class='ocrx_word' id='word_1_223' title='bbox 406 3009 474 3049; x_wconf 84' lang='lat'><em>23.</em></span> 
     </span>
    </p>

    <p class='ocr_par' dir='ltr' id='par_1_10' title="bbox 217 3072 1251 3820">
     <span class='ocr_line' id='line_1_41' title="bbox 217 3072 1250 3135; baseline 0.005 -18"><span class='ocrx_word' id='word_1_224' title='bbox 217 3072 424 3119; x_wconf 86' lang='lat' dir='ltr'>Nerones</span> <span class='ocrx_word' id='word_1_225' title='bbox 460 3075 593 3131; x_wconf 82' lang='lat' dir='ltr'>falsi,</span> <span class='ocrx_word' id='word_1_226' title='bbox 640 3077 865 3122; x_wconf 85' lang='lat' dir='ltr'>Neronem</span> <span class='ocrx_word' id='word_1_227' title='bbox 915 3078 1117 3135; x_wconf 89' lang='lat' dir='ltr'>plerique</span> <span class='ocrx_word' id='word_1_228' title='bbox 1160 3091 1250 3122; x_wconf 91' lang='lat' dir='ltr'><em>non</em></span> 
     </span>
     <span class='ocr_line' id='line_1_42' title="bbox 276 3145 1251 3201; baseline 0.006 -15"><span class='ocrx_word' id='word_1_229' title='bbox 276 3145 617 3201; x_wconf 81' lang='lat' dir='ltr'>solum&#39;optant,</span> <span class='ocrx_word' id='word_1_230' title='bbox 640 3147 719 3190; x_wconf 88' lang='lat' dir='ltr'><em>sed</em></span> <span class='ocrx_word' id='word_1_231' title='bbox 740 3148 876 3191; x_wconf 89' lang='lat' dir='ltr'>etiam</span> <span class='ocrx_word' id='word_1_232' title='bbox 894 3148 1084 3192; x_wconf 86' lang='lat' dir='ltr'>credunt</span> <span class='ocrx_word' id='word_1_233' title='bbox 1104 3150 1251 3192; x_wconf 88' lang='lat' dir='ltr'>vivere</span> 
     </span>
     <span class='ocr_line' id='line_1_43' title="bbox 276 3209 1250 3274; baseline 0.006 -16"><span class='ocrx_word' id='word_1_234' title='bbox 276 3215 452 3272; x_wconf 86' lang='grc' dir='ltr'><em>καίπερ</em></span> <span class='ocrx_word' id='word_1_235' title='bbox 474 3211 662 3273; x_wconf 83' lang='grc' dir='ltr'><em>τρόπον</em></span> <span class='ocrx_word' id='word_1_236' title='bbox 689 3213 793 3263; x_wconf 82' lang='grc' dir='ltr'><em>τινὰ</em></span> <span class='ocrx_word' id='word_1_237' title='bbox 827 3211 913 3274; x_wconf 77' lang='grc' dir='ltr'><em>οὐχ</em></span> <span class='ocrx_word' id='word_1_238' title='bbox 946 3209 1076 3271; x_wconf 70' lang='grc' dir='ltr'><em>ἅπαξ</em></span> <span class='ocrx_word' id='word_1_239' title='bbox 1104 3216 1250 3264; x_wconf 84' lang='grc' dir='ltr'><em>αὐτοῦ</em></span> 
     </span>
     <span class='ocr_line' id='line_1_44' title="bbox 275 3279 1251 3344; baseline 0.005 -15"><span class='ocrx_word' id='word_1_240' title='bbox 275 3281 580 3343; x_wconf 81' lang='grc' dir='ltr'><em>τεθνηκότος,</em></span> <span class='ocrx_word' id='word_1_241' title='bbox 602 3279 722 3331; x_wconf 79' lang='grc' dir='ltr'><em>άλλὰ</em></span> <span class='ocrx_word' id='word_1_242' title='bbox 753 3284 981 3340; x_wconf 78' lang='grc' dir='ltr'><em>πολλάκις</em></span> <span class='ocrx_word' id='word_1_243' title='bbox 999 3283 1121 3344; x_wconf 79' lang='grc' dir='ltr'><em>μετὰ</em></span> <span class='ocrx_word' id='word_1_244' title='bbox 1152 3289 1251 3334; x_wconf 82' lang='grc' dir='ltr'><em>τῶν</em></span> 
     </span>
     <span class='ocr_line' id='line_1_45' title="bbox 277 3350 1249 3415; baseline 0.003 -16"><span class='ocrx_word' id='word_1_245' title='bbox 277 3351 462 3414; x_wconf 85' lang='grc' dir='ltr'><em>σφόδρα</em></span> <span class='ocrx_word' id='word_1_246' title='bbox 482 3355 743 3413; x_wconf 76' lang='grc' dir='ltr'><em>οἰηθέντων</em></span> <span class='ocrx_word' id='word_1_247' title='bbox 755 3350 904 3402; x_wconf 72' lang='grc' dir='ltr'><em>αὐτὸν</em></span> <span class='ocrx_word' id='word_1_248' title='bbox 921 3358 1057 3415; x_wconf 87' lang='grc' dir='ltr'>ζῆνΙΙ</span> <span class='ocrx_word' id='word_1_249' title='bbox 1071 3362 1168 3413; x_wconf 87' lang='lat'><strong>268,</strong></span> <span class='ocrx_word' id='word_1_250' title='bbox 1182 3361 1249 3402; x_wconf 83' lang='lat'><em>29.</em></span> 
     </span>
     <span class='ocr_line' id='line_1_46' title="bbox 219 3418 1250 3485; baseline 0.005 -17"><span class='ocrx_word' id='word_1_251' title='bbox 219 3424 369 3469; x_wconf 88' lang='lat' dir='ltr'>Nerva</span> <span class='ocrx_word' id='word_1_252' title='bbox 390 3425 574 3481; x_wconf 83' lang='lat' dir='ltr'>scripsit</span> <span class='ocrx_word' id='word_1_253' title='bbox 593 3425 730 3469; x_wconf 91' lang='lat' dir='ltr'>Dioni</span> <span class='ocrx_word' id='word_1_254' title='bbox 754 3418 827 3471; x_wconf 77' lang='grc' dir='ltr'><em>ὅτι</em></span> <span class='ocrx_word' id='word_1_255' title='bbox 847 3425 1072 3485; x_wconf 86' lang='grc' dir='ltr'><em>βούλεται</em></span> <span class='ocrx_word' id='word_1_256' title='bbox 1093 3423 1250 3473; x_wconf 86' lang='grc' dir='ltr'><em>πάντα</em></span> 
     </span>
     <span class='ocr_line' id='line_1_47' title="bbox 277 3491 1250 3554; baseline 0.001 -14"><span class='ocrx_word' id='word_1_257' title='bbox 277 3492 463 3553; x_wconf 88' lang='grc' dir='ltr'><em>τρόπον</em></span> <span class='ocrx_word' id='word_1_258' title='bbox 522 3491 748 3550; x_wconf 70' lang='grc' dir='ltr'><em>αὔξεσθαι</em></span> <span class='ocrx_word' id='word_1_259' title='bbox 800 3493 886 3554; x_wconf 76' lang='grc' dir='ltr'><em>τὴν</em></span> <span class='ocrx_word' id='word_1_260' title='bbox 944 3493 1085 3542; x_wconf 89' lang='grc' dir='ltr'><em>πόλιν</em></span> <span class='ocrx_word' id='word_1_261' title='bbox 1135 3497 1250 3549; x_wconf 85' lang='lat' dir='ltr'>(scil.</span> 
     </span>
     <span class='ocr_line' id='line_1_48' title="bbox 275 3565 1073 3623; baseline 0.003 -15"><span class='ocrx_word' id='word_1_262' title='bbox 275 3565 484 3619; x_wconf 86' lang='lat' dir='ltr'>Prusam)</span> <span class='ocrx_word' id='word_1_263' title='bbox 516 3566 562 3610; x_wconf 92' lang='lat' dir='ltr'><em>II</em></span> <span class='ocrx_word' id='word_1_264' title='bbox 594 3570 662 3622; x_wconf 81' lang='lat'><strong>84,</strong></span> <span class='ocrx_word' id='word_1_265' title='bbox 694 3570 716 3610; x_wconf 89' lang='grc'><strong>3</strong></span> <span class='ocrx_word' id='word_1_266' title='bbox 749 3567 806 3610; x_wconf 84' lang='lat' dir='ltr'><strong>cf.</strong></span> <span class='ocrx_word' id='word_1_267' title='bbox 829 3567 874 3610; x_wconf 95' lang='lat' dir='ltr'><em>II</em></span> <span class='ocrx_word' id='word_1_268' title='bbox 906 3571 974 3623; x_wconf 95' lang='grc'><em>70,</em></span> <span class='ocrx_word' id='word_1_269' title='bbox 1010 3571 1073 3610; x_wconf 86' lang='grc'><em>19.</em></span> 
     </span>
     <span class='ocr_line' id='line_1_49' title="bbox 221 3632 1249 3691; baseline 0.001 -10"><span class='ocrx_word' id='word_1_270' title='bbox 221 3632 393 3690; x_wconf 87' lang='grc' dir='ltr'><em>Πόλεις</em></span> <span class='ocrx_word' id='word_1_271' title='bbox 414 3645 518 3691; x_wconf 85' lang='grc' dir='ltr'><em>ταῖς</em></span> <span class='ocrx_word' id='word_1_272' title='bbox 539 3637 706 3683; x_wconf 87' lang='grc' dir='ltr'><em>πόλεσι</em></span> <span class='ocrx_word' id='word_1_273' title='bbox 729 3663 781 3668; x_wconf 86' lang='grc'><strong>-</strong></span> <span class='ocrx_word' id='word_1_274' title='bbox 804 3641 876 3683; x_wconf 85' lang='grc' dir='ltr'><em>δεῖ</em></span> <span class='ocrx_word' id='word_1_275' title='bbox 893 3640 972 3683; x_wconf 83' lang='grc' dir='ltr'><em>καὶ</em></span> <span class='ocrx_word' id='word_1_276' title='bbox 996 3641 1090 3683; x_wconf 80' lang='grc' dir='ltr'><em>τῶν</em></span> <span class='ocrx_word' id='word_1_277' title='bbox 1110 3641 1249 3683; x_wconf 89' lang='grc' dir='ltr'><em>πλου-</em></span> 
     </span>
     <span class='ocr_line' id='line_1_50' title="bbox 278 3704 1229 3768; baseline 0.001 -18"><span class='ocrx_word' id='word_1_278' title='bbox 278 3707 423 3760; x_wconf 85' lang='grc' dir='ltr'><em>σίων,</em></span> <span class='ocrx_word' id='word_1_279' title='bbox 457 3704 536 3754; x_wconf 74' lang='grc' dir='ltr'><em>ἵνα</em></span> <span class='ocrx_word' id='word_1_280' title='bbox 575 3711 655 3755; x_wconf 85' lang='grc' dir='ltr'><em>καὶ</em></span> <span class='ocrx_word' id='word_1_281' title='bbox 692 3712 934 3768; x_wconf 77' lang='grc' dir='ltr'><em>χορηγῶσι</em></span> <span class='ocrx_word' id='word_1_282' title='bbox 963 3711 1041 3754; x_wconf 82' lang='grc' dir='ltr'><em>καὶ</em></span> <span class='ocrx_word' id='word_1_283' title='bbox 1072 3711 1229 3766; x_wconf 88' lang='grc' dir='ltr'><em>φιλοτι</em></span> 
     </span>
     <span class='ocr_line' id='line_1_51' title="bbox 306 3783 472 3820; baseline 0.012 -3"><span class='ocrx_word' id='word_1_284' title='bbox 306 3783 401 3820; x_wconf 89' lang='lat' dir='ltr'><strong>DIO.</strong></span> <span class='ocrx_word' id='word_1_285' title='bbox 425 3783 472 3819; x_wconf 84' lang='lat' dir='ltr'><em>II.</em></span> 
     </span>
    </p>
   </div>
   <div class='ocr_carea' id='block_1_10' title="bbox 2206 266 2310 316">
    <p class='ocr_par' dir='ltr' id='par_1_11' title="bbox 2206 266 2310 316">
     <span class='ocr_line' id='line_1_52' title="bbox 2206 266 2310 316; baseline 0.019 -2"><span class='ocrx_word' id='word_1_286' title='bbox 2206 266 2310 316; x_wconf 86' lang='lat'><em>353</em></span> 
     </span>
    </p>
   </div>
   <div class='ocr_carea' id='block_1_11' title="bbox 1337 399 2314 1028">
    <p class='ocr_par' dir='ltr' id='par_1_12' title="bbox 1337 399 2314 1028">
     <span class='ocr_line' id='line_1_53' title="bbox 1337 399 2312 464; baseline 0.01 -17"><span class='ocrx_word' id='word_1_287' title='bbox 1337 405 1516 460; x_wconf 82' lang='grc' dir='ltr'><em>μῶνται</em></span> <span class='ocrx_word' id='word_1_288' title='bbox 1549 407 1683 450; x_wconf 81' lang='grc' dir='ltr'><em>ταυτὶ</em></span> <span class='ocrx_word' id='word_1_289' title='bbox 1712 399 1772 453; x_wconf 80' lang='grc' dir='ltr'><em>τὰ</em></span> <span class='ocrx_word' id='word_1_290' title='bbox 1814 406 2129 464; x_wconf 86' lang='grc' dir='ltr'><em>νενομισμένα</em></span> <span class='ocrx_word' id='word_1_291' title='bbox 2159 411 2312 456; x_wconf 84' lang='grc' dir='ltr'><em>δαπα-</em></span> 
     </span>
     <span class='ocr_line' id='line_1_54' title="bbox 1338 470 2312 534; baseline 0.006 -16"><span class='ocrx_word' id='word_1_292' title='bbox 1338 470 1522 532; x_wconf 90' lang='grc' dir='ltr'><em>νήματα</em></span> <span class='ocrx_word' id='word_1_293' title='bbox 1542 474 1587 518; x_wconf 92' lang='grc' dir='ltr'><em>ΙΙ</em></span> <span class='ocrx_word' id='word_1_294' title='bbox 1608 477 1676 531; x_wconf 87' lang='grc'><em>30,</em></span> <span class='ocrx_word' id='word_1_295' title='bbox 1698 478 1738 519; x_wconf 87' lang='grc'><strong>6.</strong></span> <span class='ocrx_word' id='word_1_296' title='bbox 1758 499 1815 508; x_wconf 92' lang='lat'><em>——</em></span> <span class='ocrx_word' id='word_1_297' title='bbox 1841 475 1897 520; x_wconf 89' lang='lat' dir='ltr'><em>de</em></span> <span class='ocrx_word' id='word_1_298' title='bbox 1925 477 2182 534; x_wconf 90' lang='lat' dir='ltr'>principatu</span> <span class='ocrx_word' id='word_1_299' title='bbox 2204 491 2312 524; x_wconf 90' lang='lat' dir='ltr'>con-</span> 
     </span>
     <span class='ocr_line' id='line_1_55' title="bbox 1337 544 2313 610; baseline 0.01 -23"><span class='ocrx_word' id='word_1_300' title='bbox 1337 544 1561 588; x_wconf 87' lang='lat' dir='ltr'>tentiones</span> <span class='ocrx_word' id='word_1_301' title='bbox 1601 556 1629 588; x_wconf 86' lang='lat' dir='ltr'>a</span> <span class='ocrx_word' id='word_1_302' title='bbox 1659 545 1875 592; x_wconf 88' lang='lat' dir='ltr'>Romanis</span> <span class='ocrx_word' id='word_1_303' title='bbox 1915 553 2135 594; x_wconf 86' lang='lat' dir='ltr'>vocantur</span> <span class='ocrx_word' id='word_1_304' title='bbox 2156 545 2313 610; x_wconf 86' lang='grc' dir='ltr'><em>’Ἐλλη-</em></span> 
     </span>
     <span class='ocr_line' id='line_1_56' title="bbox 1340 610 2314 674; baseline 0.007 -14"><span class='ocrx_word' id='word_1_305' title='bbox 1340 613 1445 661; x_wconf 84' lang='grc' dir='ltr'><em>νικά</em></span> <span class='ocrx_word' id='word_1_306' title='bbox 1487 610 1807 674; x_wconf 74' lang='grc' dir='ltr'><em>ἁμαρτήματα</em></span> <span class='ocrx_word' id='word_1_307' title='bbox 1847 610 1894 662; x_wconf 87' lang='lat' dir='ltr'><em>II</em></span> <span class='ocrx_word' id='word_1_308' title='bbox 1923 621 1999 673; x_wconf 97' lang='grc'><em>40,</em></span> <span class='ocrx_word' id='word_1_309' title='bbox 2045 624 2082 665; x_wconf 93' lang='grc'><em>1.</em></span> <span class='ocrx_word' id='word_1_310' title='bbox 2127 645 2179 652; x_wconf 86' lang='grc'><strong>-</strong></span> <span class='ocrx_word' id='word_1_311' title='bbox 2212 628 2314 674; x_wconf 88' lang='grc' dir='ltr'><em>τοῖς</em></span> 
     </span>
     <span class='ocr_line' id='line_1_57' title="bbox 1341 684 2312 748; baseline 0.007 -18"><span class='ocrx_word' id='word_1_312' title='bbox 1341 684 1688 744; x_wconf 85' lang='grc' dir='ltr'><em>οἰκοδομήμασι</em></span> <span class='ocrx_word' id='word_1_313' title='bbox 1723 690 1804 733; x_wconf 85' lang='grc' dir='ltr'><em>καὶ</em></span> <span class='ocrx_word' id='word_1_314' title='bbox 1852 696 1956 743; x_wconf 89' lang='grc' dir='ltr'><em>ταῖς</em></span> <span class='ocrx_word' id='word_1_315' title='bbox 2000 687 2192 748; x_wconf 75' lang='grc' dir='ltr'><em>ἑορταῖς</em></span> <span class='ocrx_word' id='word_1_316' title='bbox 2231 694 2312 737; x_wconf 82' lang='grc' dir='ltr'><em>καὶ</em></span> 
     </span>
     <span class='ocr_line' id='line_1_58' title="bbox 1340 752 2313 822; baseline 0.007 -21"><span class='ocrx_word' id='word_1_317' title='bbox 1340 759 1410 817; x_wconf 80' lang='grc' dir='ltr'><em>τῷ</em></span> <span class='ocrx_word' id='word_1_318' title='bbox 1446 752 1650 813; x_wconf 84' lang='grc' dir='ltr'><em>δικάζειν</em></span> <span class='ocrx_word' id='word_1_319' title='bbox 1691 753 1827 805; x_wconf 78' lang='grc' dir='ltr'><em>αὐτοὶ</em></span> <span class='ocrx_word' id='word_1_320' title='bbox 1864 762 1945 805; x_wconf 85' lang='grc' dir='ltr'><em>καὶ</em></span> <span class='ocrx_word' id='word_1_321' title='bbox 1984 763 2053 822; x_wconf 79' lang='grc' dir='ltr'><em>τῷ</em></span> <span class='ocrx_word' id='word_1_322' title='bbox 2089 756 2151 819; x_wconf 74' lang='grc' dir='ltr'><em>μὴ</em></span> <span class='ocrx_word' id='word_1_323' title='bbox 2189 756 2313 820; x_wconf 77' lang='grc' dir='ltr'><em>παρ’</em></span> 
     </span>
     <span class='ocr_line' id='line_1_59' title="bbox 1342 824 2314 889; baseline 0.007 -18"><span class='ocrx_word' id='word_1_324' title='bbox 1342 824 1523 885; x_wconf 74' lang='grc' dir='ltr'><em>ἑτέροις</em></span> <span class='ocrx_word' id='word_1_325' title='bbox 1561 824 1866 884; x_wconf 80' lang='grc' dir='ltr'><em>ἐξετάζεσθαι</em></span> <span class='ocrx_word' id='word_1_326' title='bbox 1912 831 2026 889; x_wconf 81' lang='grc' dir='ltr'><em>μηδὲ</em></span> <span class='ocrx_word' id='word_1_327' title='bbox 2075 836 2314 878; x_wconf 82' lang='grc' dir='ltr'><em>συντελεῖν</em></span> 
     </span>
     <span class='ocr_line' id='line_1_60' title="bbox 1340 893 2312 960; baseline 0.006 -19"><span class='ocrx_word' id='word_1_328' title='bbox 1340 893 1503 950; x_wconf 74' lang='grc' dir='ltr'><em>ἄλλοις</em></span> <span class='ocrx_word' id='word_1_329' title='bbox 1554 897 1779 957; x_wconf 88' lang='grc' dir='ltr'><em>καθάπερ</em></span> <span class='ocrx_word' id='word_1_330' title='bbox 1831 895 1962 957; x_wconf 80' lang='grc' dir='ltr'><em>οἶμαι</em></span> <span class='ocrx_word' id='word_1_331' title='bbox 2012 898 2196 960; x_wconf 81' lang='grc' dir='ltr'><em>κώμην,</em></span> <span class='ocrx_word' id='word_1_332' title='bbox 2242 902 2312 948; x_wconf 89' lang='lat' dir='ltr'><em>his</em></span> 
     </span>
     <span class='ocr_line' id='line_1_61' title="bbox 1340 966 2310 1028; baseline 0.008 -19"><span class='ocrx_word' id='word_1_333' title='bbox 1340 966 1475 1014; x_wconf 86' lang='lat' dir='ltr'>rebus</span> <span class='ocrx_word' id='word_1_334' title='bbox 1498 968 1643 1011; x_wconf 87' lang='lat' dir='ltr'>honor</span> <span class='ocrx_word' id='word_1_335' title='bbox 1663 968 1854 1013; x_wconf 86' lang='lat' dir='ltr'>civitatis</span> <span class='ocrx_word' id='word_1_336' title='bbox 1875 974 2066 1026; x_wconf 87' lang='lat' dir='ltr'>augetur</span> <span class='ocrx_word' id='word_1_337' title='bbox 2086 971 2129 1015; x_wconf 90' lang='lat'><em>11</em></span> <span class='ocrx_word' id='word_1_338' title='bbox 2150 976 2219 1028; x_wconf 88' lang='grc'><strong>48,</strong></span> <span class='ocrx_word' id='word_1_339' title='bbox 2241 976 2310 1017; x_wconf 87' lang='grc'><em>27.</em></span> 
     </span>
    </p>
   </div>
   <div class='ocr_carea' id='block_1_12' title="bbox 1285 1035 2310 1095">
    <p class='ocr_par' dir='ltr' id='par_1_13' title="bbox 1285 1035 2310 1095">
     <span class='ocr_line' id='line_1_62' title="bbox 1285 1035 2310 1095; baseline 0.007 -17"><span class='ocrx_word' id='word_1_340' title='bbox 1285 1035 1582 1081; x_wconf 89' lang='lat' dir='ltr'>Proconsules</span> <span class='ocrx_word' id='word_1_341' title='bbox 1598 1037 1644 1081; x_wconf 92' lang='lat' dir='ltr'><em>in</em></span> <span class='ocrx_word' id='word_1_342' title='bbox 1660 1037 1872 1095; x_wconf 83' lang='lat' dir='ltr'>Bithynia</span> <span class='ocrx_word' id='word_1_343' title='bbox 1891 1040 2048 1085; x_wconf 89' lang='lat' dir='ltr'>iniusti</span> <span class='ocrx_word' id='word_1_344' title='bbox 2063 1048 2108 1087; x_wconf 92' lang='lat' dir='ltr'><em>et</em></span> <span class='ocrx_word' id='word_1_345' title='bbox 2127 1042 2310 1087; x_wconf 86' lang='lat' dir='ltr'>violenti</span> 
     </span>
    </p>
   </div>
   <div class='ocr_carea' id='block_1_13' title="bbox 1339 1105 1641 1163">
    <p class='ocr_par' dir='ltr' id='par_1_14' title="bbox 1339 1105 1641 1163">
     <span class='ocr_line' id='line_1_63' title="bbox 1339 1105 1641 1163; baseline 0.01 -15"><span class='ocrx_word' id='word_1_346' title='bbox 1339 1105 1386 1148; x_wconf 94' lang='lat'><em>11</em></span> <span class='ocrx_word' id='word_1_347' title='bbox 1417 1109 1485 1161; x_wconf 86' lang='lat'><strong>39,</strong></span> <span class='ocrx_word' id='word_1_348' title='bbox 1511 1110 1559 1149; x_wconf 86' lang='lat'><em>17</em></span> <span class='ocrx_word' id='word_1_349' title='bbox 1574 1119 1641 1163; x_wconf 81' lang='lat' dir='ltr'><em>sq.</em></span> 
     </span>
    </p>
   </div>
   <div class='ocr_carea' id='block_1_14' title="bbox 1342 1207 2317 1756">
    <p class='ocr_par' dir='ltr' id='par_1_15' title="bbox 1342 1207 2317 1756">
     <span class='ocr_line' id='line_1_64' title="bbox 1783 1207 2310 1255; baseline 0.009 -5"><span class='ocrx_word' id='word_1_350' title='bbox 1783 1207 2136 1254; x_wconf 87' lang='lat' dir='ltr'>‘commilitones&#39;</span> <span class='ocrx_word' id='word_1_351' title='bbox 2175 1215 2310 1255; x_wconf 85' lang='lat' dir='ltr'>vocat</span> 
     </span>
     <span class='ocr_line' id='line_1_65' title="bbox 1343 1275 2314 1334; baseline 0.008 -18"><span class='ocrx_word' id='word_1_352' title='bbox 1343 1277 1383 1326; x_wconf 87' lang='lat'><em>4,</em></span> <span class='ocrx_word' id='word_1_353' title='bbox 1408 1277 1459 1316; x_wconf 88' lang='lat'><em>22</em></span> <span class='ocrx_word' id='word_1_354' title='bbox 1491 1275 1635 1329; x_wconf 87' lang='lat' dir='ltr'>‘pater</span> <span class='ocrx_word' id='word_1_355' title='bbox 1654 1275 1842 1331; x_wconf 84' lang='lat' dir='ltr'>patriae’</span> <span class='ocrx_word' id='word_1_356' title='bbox 1863 1280 2052 1322; x_wconf 89' lang='lat' dir='ltr'>vocatur</span> <span class='ocrx_word' id='word_1_357' title='bbox 2072 1283 2113 1334; x_wconf 88' lang='lat'><strong>4,</strong></span> <span class='ocrx_word' id='word_1_358' title='bbox 2135 1282 2188 1323; x_wconf 88' lang='lat'><em>24</em></span> <span class='ocrx_word' id='word_1_359' title='bbox 2219 1281 2314 1324; x_wconf 89' lang='lat' dir='ltr'>‘do—</span> 
     </span>
     <span class='ocr_line' id='line_1_66' title="bbox 1342 1342 2312 1402; baseline 0.008 -16"><span class='ocrx_word' id='word_1_360' title='bbox 1342 1342 1504 1387; x_wconf 86' lang='lat' dir='ltr'>minus&#39;</span> <span class='ocrx_word' id='word_1_361' title='bbox 1536 1345 1687 1388; x_wconf 88' lang='lat' dir='ltr'>vocari</span> <span class='ocrx_word' id='word_1_362' title='bbox 1717 1358 1807 1389; x_wconf 92' lang='lat' dir='ltr'><em>non</em></span> <span class='ocrx_word' id='word_1_363' title='bbox 1827 1346 1919 1391; x_wconf 85' lang='lat' dir='ltr'>volt</span> <span class='ocrx_word' id='word_1_364' title='bbox 1940 1351 1981 1402; x_wconf 88' lang='lat'><strong>4,</strong></span> <span class='ocrx_word' id='word_1_365' title='bbox 2003 1350 2071 1391; x_wconf 87' lang='lat'><strong>25.</strong></span> <span class='ocrx_word' id='word_1_366' title='bbox 2093 1373 2150 1379; x_wconf 95' lang='lat'><strong>—</strong></span> <span class='ocrx_word' id='word_1_367' title='bbox 2169 1349 2312 1394; x_wconf 87' lang='lat' dir='ltr'>malus</span> 
     </span>
     <span class='ocr_line' id='line_1_67' title="bbox 1344 1408 2314 1474; baseline 0.006 -15"><span class='ocrx_word' id='word_1_368' title='bbox 1344 1408 1431 1459; x_wconf 88' lang='grc' dir='ltr'><em>τὸν</em></span> <span class='ocrx_word' id='word_1_369' title='bbox 1451 1408 1688 1473; x_wconf 85' lang='grc' dir='ltr'><em>οἷνόνητον</em></span> <span class='ocrx_word' id='word_1_370' title='bbox 1707 1418 1787 1461; x_wconf 85' lang='grc' dir='ltr'><em>καὶ</em></span> <span class='ocrx_word' id='word_1_371' title='bbox 1808 1412 2023 1463; x_wconf 73' lang='grc' dir='ltr'><em>ἄνοπλον</em></span> <span class='ocrx_word' id='word_1_372' title='bbox 2051 1414 2199 1474; x_wconf 75' lang='grc' dir='ltr'><em>ὄχλον</em></span> <span class='ocrx_word' id='word_1_373' title='bbox 2219 1423 2314 1465; x_wconf 91' lang='grc' dir='ltr'><em>δια-</em></span> 
     </span>
     <span class='ocr_line' id='line_1_68' title="bbox 1343 1482 2317 1546; baseline 0.007 -17"><span class='ocrx_word' id='word_1_374' title='bbox 1343 1487 1470 1529; x_wconf 89' lang='grc' dir='ltr'><em>τελεῖ</em></span> <span class='ocrx_word' id='word_1_375' title='bbox 1497 1482 1734 1532; x_wconf 75' lang='grc' dir='ltr'><em>θωπεύων</em></span> <span class='ocrx_word' id='word_1_376' title='bbox 1766 1492 1807 1543; x_wconf 86' lang='grc'><em>5,</em></span> <span class='ocrx_word' id='word_1_377' title='bbox 1829 1490 1896 1530; x_wconf 88' lang='grc'><em>27.</em></span> <span class='ocrx_word' id='word_1_378' title='bbox 1935 1513 1990 1519; x_wconf 93' lang='grc'><strong>-</strong></span> <span class='ocrx_word' id='word_1_379' title='bbox 2026 1483 2057 1546; x_wconf 77' lang='grc' dir='ltr'><em>ἢ</em></span> <span class='ocrx_word' id='word_1_380' title='bbox 2087 1485 2317 1545; x_wconf 81' lang='grc' dir='ltr'><em>στρατιὰν</em></span> 
     </span>
     <span class='ocr_line' id='line_1_69' title="bbox 1343 1552 2316 1617; baseline 0.005 -17"><span class='ocrx_word' id='word_1_381' title='bbox 1343 1552 1557 1609; x_wconf 79' lang='grc' dir='ltr'><em>ἐξέταξεν</em></span> <span class='ocrx_word' id='word_1_382' title='bbox 1586 1552 1615 1613; x_wconf 79' lang='grc' dir='ltr'><em>ἢ</em></span> <span class='ocrx_word' id='word_1_383' title='bbox 1640 1554 1809 1615; x_wconf 77' lang='grc' dir='ltr'><em>χώραν</em></span> <span class='ocrx_word' id='word_1_384' title='bbox 1837 1552 2083 1617; x_wconf 77' lang='grc' dir='ltr'><em>ἡμέρωσεν</em></span> <span class='ocrx_word' id='word_1_385' title='bbox 2117 1555 2147 1617; x_wconf 81' lang='grc' dir='ltr'><em>ἢ</em></span> <span class='ocrx_word' id='word_1_386' title='bbox 2177 1557 2316 1606; x_wconf 88' lang='grc' dir='ltr'><em>πόλιν</em></span> 
     </span>
     <span class='ocr_line' id='line_1_70' title="bbox 1345 1621 2316 1689; baseline 0.006 -19"><span class='ocrx_word' id='word_1_387' title='bbox 1345 1621 1517 1687; x_wconf 77' lang='grc' dir='ltr'><em>(ῤ’κισεν</em></span> <span class='ocrx_word' id='word_1_388' title='bbox 1563 1622 1594 1685; x_wconf 76' lang='grc' dir='ltr'><em>ἢ</em></span> <span class='ocrx_word' id='word_1_389' title='bbox 1640 1626 1888 1684; x_wconf 73' lang='grc' dir='ltr'><em>ποταμοὺς</em></span> <span class='ocrx_word' id='word_1_390' title='bbox 1931 1626 2114 1684; x_wconf 75' lang='grc' dir='ltr'><em>ἔζευξεν</em></span> <span class='ocrx_word' id='word_1_391' title='bbox 2158 1626 2187 1688; x_wconf 78' lang='grc' dir='ltr'><em>ἢ</em></span> <span class='ocrx_word' id='word_1_392' title='bbox 2229 1634 2316 1689; x_wconf 87' lang='grc' dir='ltr'><em>γῆν</em></span> 
     </span>
     <span class='ocr_line' id='line_1_71' title="bbox 1347 1692 1995 1756; baseline 0.003 -15"><span class='ocrx_word' id='word_1_393' title='bbox 1347 1692 1543 1755; x_wconf 75' lang='grc' dir='ltr'><em>ὁδευτὴν</em></span> <span class='ocrx_word' id='word_1_394' title='bbox 1571 1695 1797 1756; x_wconf 81' lang='grc' dir='ltr'><em>ἐποίησεν</em></span> <span class='ocrx_word' id='word_1_395' title='bbox 1827 1702 1894 1754; x_wconf 85' lang='grc'><em>55,</em></span> <span class='ocrx_word' id='word_1_396' title='bbox 1930 1703 1995 1743; x_wconf 87' lang='lat'><em>15.</em></span> 
     </span>
    </p>
   </div>
   <div class='ocr_carea' id='block_1_15' title="bbox 1288 1807 2316 1940">
    <p class='ocr_par' dir='ltr' id='par_1_16' title="bbox 1288 1807 2316 1940">
     <span class='ocr_line' id='line_1_72' title="bbox 1288 1807 2312 1867; baseline 0.004 -15"><span class='ocrx_word' id='word_1_397' title='bbox 1288 1807 1496 1853; x_wconf 79' lang='lat' dir='ltr'>Tiberius</span> <span class='ocrx_word' id='word_1_398' title='bbox 1527 1809 1720 1854; x_wconf 83' lang='lat' dir='ltr'>fortasse</span> <span class='ocrx_word' id='word_1_399' title='bbox 1760 1810 2038 1866; x_wconf 87' lang='lat' dir='ltr'>significatur</span> <span class='ocrx_word' id='word_1_400' title='bbox 2067 1811 2110 1855; x_wconf 90' lang='lat'><em>11</em></span> <span class='ocrx_word' id='word_1_401' title='bbox 2144 1815 2210 1867; x_wconf 90' lang='lat'><strong>87,</strong></span> <span class='ocrx_word' id='word_1_402' title='bbox 2246 1816 2312 1858; x_wconf 90' lang='lat'><strong>16.</strong></span> 
     </span>
     <span class='ocr_line' id='line_1_73' title="bbox 1290 1875 2316 1940; baseline 0.006 -18"><span class='ocrx_word' id='word_1_403' title='bbox 1290 1879 1512 1924; x_wconf 82' lang='lat' dir='ltr'>Traianus</span> <span class='ocrx_word' id='word_1_404' title='bbox 1529 1880 1770 1936; x_wconf 86' lang='lat' dir='ltr'>imperator</span> <span class='ocrx_word' id='word_1_405' title='bbox 1787 1875 2003 1939; x_wconf 70' lang='grc' dir='ltr'><em>ἀνδρεῖος</em></span> <span class='ocrx_word' id='word_1_406' title='bbox 2017 1879 2316 1940; x_wconf 86' lang='grc' dir='ltr'><em>βουλόμενος</em></span> 
     </span>
    </p>
   </div>
   <div class='ocr_carea' id='block_1_16' title="bbox 1345 1945 2320 3682">
    <p class='ocr_par' dir='ltr' id='par_1_17' title="bbox 1345 1945 2320 3682">
     <span class='ocr_line' id='line_1_74' title="bbox 1346 1945 2316 2010; baseline 0.003 -15"><span class='ocrx_word' id='word_1_407' title='bbox 1346 1945 1465 1995; x_wconf 83' lang='grc' dir='ltr'><em>εἶναι</em></span> <span class='ocrx_word' id='word_1_408' title='bbox 1494 1953 1573 1995; x_wconf 85' lang='grc' dir='ltr'><em>καὶ</em></span> <span class='ocrx_word' id='word_1_409' title='bbox 1605 1946 1807 2007; x_wconf 87' lang='grc' dir='ltr'><em>νόμιμος</em></span> <span class='ocrx_word' id='word_1_410' title='bbox 1836 1947 2028 2010; x_wconf 77' lang='grc' dir='ltr'><em>ἡγεμών</em></span> <span class='ocrx_word' id='word_1_411' title='bbox 2064 1957 2098 2008; x_wconf 91' lang='grc'><em>1,</em></span> <span class='ocrx_word' id='word_1_412' title='bbox 2125 1956 2178 1996; x_wconf 88' lang='grc'><strong>20</strong></span> <span class='ocrx_word' id='word_1_413' title='bbox 2209 1953 2316 1998; x_wconf 84' lang='lat' dir='ltr'>boni</span> 
     </span>
     <span class='ocr_line' id='line_1_75' title="bbox 1345 2020 2314 2078; baseline 0.004 -15"><span class='ocrx_word' id='word_1_414' title='bbox 1345 2020 1461 2074; x_wconf 88' lang='lat' dir='ltr'>regis</span> <span class='ocrx_word' id='word_1_415' title='bbox 1496 2021 1673 2077; x_wconf 86' lang='lat' dir='ltr'>qualem</span> <span class='ocrx_word' id='word_1_416' title='bbox 1694 2021 1783 2065; x_wconf 91' lang='lat' dir='ltr'><em>Dio</em></span> <span class='ocrx_word' id='word_1_417' title='bbox 1816 2022 2007 2078; x_wconf 85' lang='lat' dir='ltr'>dipinxit</span> <span class='ocrx_word' id='word_1_418' title='bbox 2027 2022 2180 2067; x_wconf 89' lang='lat' dir='ltr'>similis</span> <span class='ocrx_word' id='word_1_419' title='bbox 2204 2028 2242 2077; x_wconf 89' lang='grc'><em>7,</em></span> <span class='ocrx_word' id='word_1_420' title='bbox 2267 2028 2314 2067; x_wconf 90' lang='grc'><em>10</em></span> 
     </span>
     <span class='ocr_line' id='line_1_76' title="bbox 1347 2084 2318 2150; baseline 0.002 -14"><span class='ocrx_word' id='word_1_421' title='bbox 1347 2084 1467 2148; x_wconf 68' lang='grc' dir='ltr'><em>ἀνὴρ</em></span> <span class='ocrx_word' id='word_1_422' title='bbox 1496 2087 1734 2150; x_wconf 86' lang='grc' dir='ltr'><em>καρτερός</em></span> <span class='ocrx_word' id='word_1_423' title='bbox 1759 2095 1823 2147; x_wconf 92' lang='grc'><em>10,</em></span> <span class='ocrx_word' id='word_1_424' title='bbox 1846 2094 1898 2136; x_wconf 88' lang='grc'><em>25</em></span> <span class='ocrx_word' id='word_1_425' title='bbox 1920 2092 2159 2136; x_wconf 84' lang='lat' dir='ltr'>Herculem</span> <span class='ocrx_word' id='word_1_426' title='bbox 2179 2094 2318 2138; x_wconf 87' lang='lat' dir='ltr'>habet</span> 
     </span>
     <span class='ocr_line' id='line_1_77' title="bbox 1347 2161 2316 2218; baseline 0.005 -16"><span class='ocrx_word' id='word_1_427' title='bbox 1347 2161 1474 2214; x_wconf 86' lang='lat' dir='ltr'>regni</span> <span class='ocrx_word' id='word_1_428' title='bbox 1503 2165 1742 2216; x_wconf 86' lang='lat' dir='ltr'>patronum</span> <span class='ocrx_word' id='word_1_429' title='bbox 1777 2166 1842 2218; x_wconf 89' lang='lat'><strong>16,</strong></span> <span class='ocrx_word' id='word_1_430' title='bbox 1869 2167 1933 2207; x_wconf 89' lang='grc'><em>10.</em></span> <span class='ocrx_word' id='word_1_431' title='bbox 1957 2188 2008 2193; x_wconf 89' lang='grc'><strong>-</strong></span> <span class='ocrx_word' id='word_1_432' title='bbox 2032 2163 2316 2208; x_wconf 84' lang='lat' dir='ltr'>adulationes</span> 
     </span>
     <span class='ocr_line' id='line_1_78' title="bbox 1347 2232 2316 2286; baseline 0.002 -12"><span class='ocrx_word' id='word_1_433' title='bbox 1347 2234 1618 2286; x_wconf 83' lang='lat' dir='ltr'>aspernatur</span> <span class='ocrx_word' id='word_1_434' title='bbox 1649 2235 1717 2283; x_wconf 82' lang='grc'><em>34,</em></span> <span class='ocrx_word' id='word_1_435' title='bbox 1753 2236 1797 2275; x_wconf 88' lang='grc'><em>11</em></span> <span class='ocrx_word' id='word_1_436' title='bbox 1833 2232 2085 2277; x_wconf 77' lang='lat' dir='ltr'>laboriosus</span> <span class='ocrx_word' id='word_1_437' title='bbox 2122 2233 2230 2277; x_wconf 90' lang='lat' dir='ltr'>ibid.</span> <span class='ocrx_word' id='word_1_438' title='bbox 2268 2238 2316 2276; x_wconf 84' lang='lat'><em>13</em></span> 
     </span>
     <span class='ocr_line' id='line_1_79' title="bbox 1348 2300 2319 2358; baseline 0.003 -15"><span class='ocrx_word' id='word_1_439' title='bbox 1348 2300 1633 2357; x_wconf 85' lang='lat' dir='ltr'>antiquorum</span> <span class='ocrx_word' id='word_1_440' title='bbox 1672 2302 1940 2358; x_wconf 90' lang='lat' dir='ltr'>scriptorum</span> <span class='ocrx_word' id='word_1_441' title='bbox 1981 2303 2160 2346; x_wconf 82' lang='lat' dir='ltr'>lectioni</span> <span class='ocrx_word' id='word_1_442' title='bbox 2190 2309 2319 2347; x_wconf 89' lang='lat' dir='ltr'>vacat</span> 
     </span>
     <span class='ocr_line' id='line_1_80' title="bbox 1349 2365 2316 2434; baseline 0.005 -20"><span class='ocrx_word' id='word_1_443' title='bbox 1349 2374 1418 2426; x_wconf 88' lang='lat'><strong>34,</strong></span> <span class='ocrx_word' id='word_1_444' title='bbox 1454 2375 1518 2415; x_wconf 88' lang='lat'><em>15.</em></span> <span class='ocrx_word' id='word_1_445' title='bbox 1551 2397 1605 2403; x_wconf 87' lang='lat'>—</span> <span class='ocrx_word' id='word_1_446' title='bbox 1637 2365 1775 2434; x_wconf 85' lang='grc' dir='ltr'><em>πόσῳ</em></span> <span class='ocrx_word' id='word_1_447' title='bbox 1813 2380 2034 2433; x_wconf 85' lang='grc' dir='ltr'><em>κρεῖττον</em></span> <span class='ocrx_word' id='word_1_448' title='bbox 2071 2378 2316 2429; x_wconf 88' lang='grc' dir='ltr'><em>μιμεῖσθαι</em></span> 
     </span>
     <span class='ocr_line' id='line_1_81' title="bbox 1348 2437 2318 2506; baseline 0.002 -19"><span class='ocrx_word' id='word_1_449' title='bbox 1348 2437 1437 2487; x_wconf 87' lang='grc' dir='ltr'><em>τὸν</em></span> <span class='ocrx_word' id='word_1_450' title='bbox 1473 2445 1557 2488; x_wconf 82' lang='grc' dir='ltr'><em>νῦν</em></span> <span class='ocrx_word' id='word_1_451' title='bbox 1595 2438 1809 2501; x_wconf 68' lang='grc' dir='ltr'><em>ἄρχοντα</em></span> <span class='ocrx_word' id='word_1_452' title='bbox 1848 2445 2032 2506; x_wconf 77' lang='grc' dir='ltr'><em>παιδεία</em></span> <span class='ocrx_word' id='word_1_453' title='bbox 2067 2447 2146 2489; x_wconf 81' lang='grc' dir='ltr'><em>καὶ</em></span> <span class='ocrx_word' id='word_1_454' title='bbox 2191 2440 2318 2505; x_wconf 84' lang='grc' dir='ltr'><em>λόγῳ</em></span> 
     </span>
     <span class='ocr_line' id='line_1_82' title="bbox 1349 2513 2318 2572; baseline 0 -13"><span class='ocrx_word' id='word_1_455' title='bbox 1349 2513 1654 2572; x_wconf 83' lang='grc' dir='ltr'><em>προσέχοντα</em></span> <span class='ocrx_word' id='word_1_456' title='bbox 1687 2517 1782 2569; x_wconf 74' lang='grc'><strong>284,</strong></span> <span class='ocrx_word' id='word_1_457' title='bbox 1814 2517 1883 2559; x_wconf 90' lang='lat'><em>26.</em></span> <span class='ocrx_word' id='word_1_458' title='bbox 1921 2540 1976 2545; x_wconf 90' lang='lat'><strong>—</strong></span> <span class='ocrx_word' id='word_1_459' title='bbox 2014 2517 2156 2559; x_wconf 86' lang='lat' dir='ltr'>multa</span> <span class='ocrx_word' id='word_1_460' title='bbox 2186 2516 2318 2560; x_wconf 85' lang='lat' dir='ltr'>bene·</span> 
     </span>
     <span class='ocr_line' id='line_1_83' title="bbox 1348 2583 2319 2641; baseline 0.005 -14"><span class='ocrx_word' id='word_1_461' title='bbox 1348 2583 1453 2627; x_wconf 88' lang='lat' dir='ltr'>ficia</span> <span class='ocrx_word' id='word_1_462' title='bbox 1483 2584 1647 2628; x_wconf 87' lang='lat' dir='ltr'>obtulit</span> <span class='ocrx_word' id='word_1_463' title='bbox 1676 2585 1990 2630; x_wconf 86' lang='lat' dir='ltr'>Alexandrinis</span> <span class='ocrx_word' id='word_1_464' title='bbox 2023 2588 2118 2641; x_wconf 83' lang='lat'><strong>295,</strong></span> <span class='ocrx_word' id='word_1_465' title='bbox 2152 2589 2175 2629; x_wconf 92' lang='lat'><strong>8</strong></span> <span class='ocrx_word' id='word_1_466' title='bbox 2207 2583 2319 2639; x_wconf 75' lang='grc' dir='ltr'><em>ἴσως</em></span> 
     </span>
     <span class='ocr_line' id='line_1_84' title="bbox 1349 2647 2316 2715; baseline 0.001 -14"><span class='ocrx_word' id='word_1_467' title='bbox 1349 2649 1410 2701; x_wconf 71' lang='grc' dir='ltr'><em>ἄν</em></span> <span class='ocrx_word' id='word_1_468' title='bbox 1441 2647 1571 2714; x_wconf 77' lang='grc' dir='ltr'><em>αὐτῷ</em></span> <span class='ocrx_word' id='word_1_469' title='bbox 1601 2658 1682 2713; x_wconf 87' lang='grc' dir='ltr'><em>τῆς</em></span> <span class='ocrx_word' id='word_1_470' title='bbox 1720 2652 1892 2701; x_wconf 81' lang='grc' dir='ltr'><em>ἐνθάδε</em></span> <span class='ocrx_word' id='word_1_471' title='bbox 1929 2651 2134 2714; x_wconf 82' lang='grc' dir='ltr'><em>άφίξεως</em></span> <span class='ocrx_word' id='word_1_472' title='bbox 2164 2653 2316 2715; x_wconf 89' lang='grc' dir='ltr'><em>παρά-</em></span> 
     </span>
     <span class='ocr_line' id='line_1_85' title="bbox 1351 2721 2317 2783; baseline 0.002 -13"><span class='ocrx_word' id='word_1_473' title='bbox 1351 2741 1513 2782; x_wconf 92' lang='grc' dir='ltr'><em>σχοιτε</em></span> <span class='ocrx_word' id='word_1_474' title='bbox 1543 2724 1705 2771; x_wconf 87' lang='grc' dir='ltr'><em>πόθον</em></span> <span class='ocrx_word' id='word_1_475' title='bbox 1737 2730 1832 2780; x_wconf 85' lang='grc'><strong>295,</strong></span> <span class='ocrx_word' id='word_1_476' title='bbox 1867 2731 1930 2770; x_wconf 87' lang='grc'><em>15.</em></span> <span class='ocrx_word' id='word_1_477' title='bbox 1963 2751 2017 2757; x_wconf 88' lang='lat'><em>—</em></span> <span class='ocrx_word' id='word_1_478' title='bbox 2054 2730 2197 2772; x_wconf 86' lang='grc' dir='ltr'><em>τοῦτο</em></span> <span class='ocrx_word' id='word_1_479' title='bbox 2232 2721 2317 2783; x_wconf 78' lang='grc' dir='ltr'><em>οὐχ</em></span> 
     </span>
     <span class='ocr_line' id='line_1_86' title="bbox 1353 2791 2317 2854; baseline 0 -13"><span class='ocrx_word' id='word_1_480' title='bbox 1353 2791 1456 2853; x_wconf 81' lang='grc' dir='ltr'><em>ὁρῶ</em></span> <span class='ocrx_word' id='word_1_481' title='bbox 1478 2799 1560 2841; x_wconf 83' lang='grc' dir='ltr'><em>νῦν</em></span> <span class='ocrx_word' id='word_1_482' title='bbox 1580 2791 1688 2851; x_wconf 77' lang='grc' dir='ltr'><em>ὑμῖν</em></span> <span class='ocrx_word' id='word_1_483' title='bbox 1703 2796 1815 2848; x_wconf 85' lang='lat' dir='ltr'>(scil.</span> <span class='ocrx_word' id='word_1_484' title='bbox 1834 2796 2145 2847; x_wconf 90' lang='lat' dir='ltr'>Tarsensibus)</span> <span class='ocrx_word' id='word_1_485' title='bbox 2167 2791 2317 2854; x_wconf 68' lang='grc' dir='ltr'><em>ὑπάρ-</em></span> 
     </span>
     <span class='ocr_line' id='line_1_87' title="bbox 1348 2860 2318 2924; baseline 0 -14"><span class='ocrx_word' id='word_1_486' title='bbox 1348 2881 1461 2923; x_wconf 84' lang='grc' dir='ltr'><strong>χον,</strong></span> <span class='ocrx_word' id='word_1_487' title='bbox 1520 2861 1576 2911; x_wconf 89' lang='grc' dir='ltr'><em>τὸ</em></span> <span class='ocrx_word' id='word_1_488' title='bbox 1626 2864 1872 2924; x_wconf 80' lang='grc' dir='ltr'><em>ἐξαίρετον</em></span> <span class='ocrx_word' id='word_1_489' title='bbox 1920 2860 2193 2923; x_wconf 82' lang='grc' dir='ltr'><em>εὐεργεσίαν</em></span> <span class='ocrx_word' id='word_1_490' title='bbox 2238 2868 2318 2910; x_wconf 80' lang='grc' dir='ltr'><em>καὶ</em></span> 
     </span>
     <span class='ocr_line' id='line_1_88' title="bbox 1346 2931 2318 2994; baseline 0 -14"><span class='ocrx_word' id='word_1_491' title='bbox 1346 2931 1488 2993; x_wconf 90' lang='grc' dir='ltr'><em>χάριν</em></span> <span class='ocrx_word' id='word_1_492' title='bbox 1499 2934 1799 2980; x_wconf 88' lang='grc' dir='ltr'><em>καταθέσθαι</em></span> <span class='ocrx_word' id='word_1_493' title='bbox 1812 2937 1881 2994; x_wconf 76' lang='grc' dir='ltr'><em>τῷ</em></span> <span class='ocrx_word' id='word_1_494' title='bbox 1893 2937 2161 2992; x_wconf 84' lang='grc' dir='ltr'><em>κρατοῦντι,</em></span> <span class='ocrx_word' id='word_1_495' title='bbox 2177 2938 2318 2992; x_wconf 83' lang='grc' dir='ltr'><em>δῆλον</em></span> 
     </span>
     <span class='ocr_line' id='line_1_89' title="bbox 1353 2996 2319 3065; baseline 0.002 -17"><span class='ocrx_word' id='word_1_496' title='bbox 1353 2996 1427 3049; x_wconf 73' lang='grc' dir='ltr'><em>ὅτι</em></span> <span class='ocrx_word' id='word_1_497' title='bbox 1468 3006 1535 3065; x_wconf 77' lang='grc' dir='ltr'><em>τῷ</em></span> <span class='ocrx_word' id='word_1_498' title='bbox 1574 3000 1636 3061; x_wconf 76' lang='grc' dir='ltr'><em>μὴ</em></span> <span class='ocrx_word' id='word_1_499' title='bbox 1679 3007 1896 3062; x_wconf 81' lang='grc' dir='ltr'><em>δεηθῆναι</em></span> <span class='ocrx_word' id='word_1_500' title='bbox 1938 3004 2134 3062; x_wconf 85' lang='grc' dir='ltr'><em>μηδενὸς</em></span> <span class='ocrx_word' id='word_1_501' title='bbox 2172 2999 2319 3050; x_wconf 68' lang='grc' dir='ltr'><em>αὐτὸν</em></span> 
     </span>
     <span class='ocr_line' id='line_1_90' title="bbox 1351 3066 2317 3132; baseline 0.001 -14"><span class='ocrx_word' id='word_1_502' title='bbox 1351 3070 1592 3119; x_wconf 75' lang='grc' dir='ltr'><em>τοιούτου·</em></span> <span class='ocrx_word' id='word_1_503' title='bbox 1611 3070 1731 3132; x_wconf 75' lang='grc' dir='ltr'><em>πλὴν</em></span> <span class='ocrx_word' id='word_1_504' title='bbox 1744 3066 1818 3120; x_wconf 70' lang='grc' dir='ltr'><em>ὅτι</em></span> <span class='ocrx_word' id='word_1_505' title='bbox 1833 3091 1886 3132; x_wconf 91' lang='grc' dir='ltr'><em>γε</em></span> <span class='ocrx_word' id='word_1_506' title='bbox 1901 3075 2042 3132; x_wconf 82' lang='grc' dir='ltr'><em>μηδὲν</em></span> <span class='ocrx_word' id='word_1_507' title='bbox 2054 3078 2149 3120; x_wconf 76' lang='grc' dir='ltr'><em>τῶν</em></span> <span class='ocrx_word' id='word_1_508' title='bbox 2160 3071 2317 3120; x_wconf 71' lang='grc' dir='ltr'><em>ἄλλων</em></span> 
     </span>
     <span class='ocr_line' id='line_1_91' title="bbox 1351 3139 2317 3202; baseline 0 -14"><span class='ocrx_word' id='word_1_509' title='bbox 1351 3139 1483 3200; x_wconf 72' lang='grc' dir='ltr'><em>ἔχετε</em></span> <span class='ocrx_word' id='word_1_510' title='bbox 1514 3147 1681 3189; x_wconf 73' lang='grc' dir='ltr'><em>πλεῖον</em></span> <span class='ocrx_word' id='word_1_511' title='bbox 1712 3140 1834 3202; x_wconf 85' lang='grc' dir='ltr'><em>πρὸς</em></span> <span class='ocrx_word' id='word_1_512' title='bbox 1865 3139 2012 3190; x_wconf 74' lang='grc' dir='ltr'><em>αὐτόν</em></span> <span class='ocrx_word' id='word_1_513' title='bbox 2044 3148 2138 3195; x_wconf 88' lang='grc'><strong>322,</strong></span> <span class='ocrx_word' id='word_1_514' title='bbox 2171 3147 2238 3188; x_wconf 88' lang='lat'><strong>27.</strong></span> <span class='ocrx_word' id='word_1_515' title='bbox 2262 3169 2317 3176; x_wconf 89' lang='lat'>—</span> 
     </span>
     <span class='ocr_line' id='line_1_92' title="bbox 1354 3206 2317 3274; baseline 0.002 -15"><span class='ocrx_word' id='word_1_516' title='bbox 1354 3206 1428 3259; x_wconf 78' lang='grc' dir='ltr'><em>ὅτι</em></span> <span class='ocrx_word' id='word_1_517' title='bbox 1458 3221 1559 3265; x_wconf 85' lang='grc' dir='ltr'><em>τοῖς</em></span> <span class='ocrx_word' id='word_1_518' title='bbox 1591 3216 1882 3274; x_wconf 80' lang='grc' dir='ltr'><em>Σμυρναίοις</em></span> <span class='ocrx_word' id='word_1_519' title='bbox 1916 3213 2203 3271; x_wconf 85' lang='grc' dir='ltr'><em>παμπόλλας</em></span> <span class='ocrx_word' id='word_1_520' title='bbox 2233 3218 2317 3261; x_wconf 88' lang='grc' dir='ltr'><em>δω-</em></span> 
     </span>
     <span class='ocr_line' id='line_1_93' title="bbox 1354 3279 2317 3345; baseline 0.002 -16"><span class='ocrx_word' id='word_1_521' title='bbox 1354 3279 1466 3343; x_wconf 79' lang='grc' dir='ltr'><em>ρεὰς</em></span> <span class='ocrx_word' id='word_1_522' title='bbox 1495 3286 1598 3342; x_wconf 88' lang='grc' dir='ltr'><em>δοίη</em></span> <span class='ocrx_word' id='word_1_523' title='bbox 1618 3287 1697 3330; x_wconf 83' lang='grc' dir='ltr'><em>καὶ</em></span> <span class='ocrx_word' id='word_1_524' title='bbox 1715 3285 1934 3345; x_wconf 82' lang='grc' dir='ltr'><em>χρήματα</em></span> <span class='ocrx_word' id='word_1_525' title='bbox 1964 3279 2181 3344; x_wconf 81' lang='grc' dir='ltr'><em>οἷμύθητα</em></span> <span class='ocrx_word' id='word_1_526' title='bbox 2204 3285 2317 3342; x_wconf 88' lang='grc' dir='ltr'><em>πέμ·</em></span> 
     </span>
     <span class='ocr_line' id='line_1_94' title="bbox 1354 3351 2317 3413; baseline 0 -13"><span class='ocrx_word' id='word_1_527' title='bbox 1354 3368 1460 3413; x_wconf 84' lang='grc' dir='ltr'><em>ψειε</em></span> <span class='ocrx_word' id='word_1_528' title='bbox 1489 3351 1609 3411; x_wconf 80' lang='grc' dir='ltr'><em>μετὰ</em></span> <span class='ocrx_word' id='word_1_529' title='bbox 1633 3359 1730 3401; x_wconf 80' lang='grc' dir='ltr'><em>τῶν</em></span> <span class='ocrx_word' id='word_1_530' title='bbox 1747 3355 2003 3413; x_wconf 74' lang='grc' dir='ltr'><em>,Νεμέσεων</em></span> <span class='ocrx_word' id='word_1_531' title='bbox 2022 3356 2067 3398; x_wconf 85' lang='grc' dir='ltr'><em>ΙΙ</em></span> <span class='ocrx_word' id='word_1_532' title='bbox 2086 3360 2154 3411; x_wconf 84' lang='grc'><em>49,</em></span> <span class='ocrx_word' id='word_1_533' title='bbox 2175 3360 2241 3400; x_wconf 90' lang='lat'><em>31.</em></span> <span class='ocrx_word' id='word_1_534' title='bbox 2266 3380 2317 3387; x_wconf 89' lang='lat'>-</span> 
     </span>
     <span class='ocr_line' id='line_1_95' title="bbox 1356 3420 2317 3484; baseline 0.001 -13"><span class='ocrx_word' id='word_1_535' title='bbox 1356 3420 1478 3482; x_wconf 81' lang='grc' dir='ltr'><em>ὁμοῦ</em></span> <span class='ocrx_word' id='word_1_536' title='bbox 1507 3420 1972 3484; x_wconf 83' lang='grc' dir='ltr'><em>φιλανθρωπότατος</em></span> <span class='ocrx_word' id='word_1_537' title='bbox 2011 3422 2080 3471; x_wconf 67' lang='grc' dir='ltr'><em>ὢν</em></span> <span class='ocrx_word' id='word_1_538' title='bbox 2119 3421 2143 3472; x_wconf 82' lang='grc' dir='ltr'>ὁ</span> <span class='ocrx_word' id='word_1_539' title='bbox 2179 3420 2317 3472; x_wconf 80' lang='grc' dir='ltr'><em>αὖτο-</em></span> 
     </span>
     <span class='ocr_line' id='line_1_96' title="bbox 1351 3493 2320 3553; baseline 0.001 -12"><span class='ocrx_word' id='word_1_540' title='bbox 1351 3493 1547 3553; x_wconf 85' lang='grc' dir='ltr'><em>κράτωρ</em></span> <span class='ocrx_word' id='word_1_541' title='bbox 1596 3500 1677 3542; x_wconf 85' lang='grc' dir='ltr'><em>καὶ</em></span> <span class='ocrx_word' id='word_1_542' title='bbox 1722 3493 2047 3550; x_wconf 81' lang='grc' dir='ltr'><em>συνετώτατος</em></span> <span class='ocrx_word' id='word_1_543' title='bbox 2093 3493 2320 3542; x_wconf 79' lang='grc' dir='ltr'><em>ἁπάντων</em></span> 
     </span>
     <span class='ocr_line' id='line_1_97' title="bbox 1352 3566 2319 3624; baseline 0.001 -15"><span class='ocrx_word' id='word_1_544' title='bbox 1352 3566 1395 3609; x_wconf 95' lang='lat' dir='ltr'><em>II</em></span> <span class='ocrx_word' id='word_1_545' title='bbox 1435 3571 1507 3622; x_wconf 89' lang='grc'><em>50,</em></span> <span class='ocrx_word' id='word_1_546' title='bbox 1552 3571 1614 3611; x_wconf 91' lang='grc'><em>10.</em></span> <span class='ocrx_word' id='word_1_547' title='bbox 1652 3590 1711 3600; x_wconf 88' lang='grc'><em>·-</em></span> <span class='ocrx_word' id='word_1_548' title='bbox 1757 3568 1873 3613; x_wconf 89' lang='lat' dir='ltr'>idem</span> <span class='ocrx_word' id='word_1_549' title='bbox 1922 3568 2041 3624; x_wconf 91' lang='lat' dir='ltr'>quod</span> <span class='ocrx_word' id='word_1_550' title='bbox 2086 3567 2257 3611; x_wconf 85' lang='lat' dir='ltr'>Prusae</span> <span class='ocrx_word' id='word_1_551' title='bbox 2292 3579 2319 3610; x_wconf 89' lang='lat' dir='ltr'>a</span> 
     </span>
     <span class='ocr_line' id='line_1_98' title="bbox 1353 3636 2318 3682; baseline 0.001 -2"><span class='ocrx_word' id='word_1_552' title='bbox 1353 3637 1548 3682; x_wconf 86' lang='lat' dir='ltr'>Traiano</span> <span class='ocrx_word' id='word_1_553' title='bbox 1573 3636 1835 3682; x_wconf 90' lang='lat' dir='ltr'>beneficium</span> <span class='ocrx_word' id='word_1_554' title='bbox 1859 3637 2011 3681; x_wconf 86' lang='lat' dir='ltr'>datum</span> <span class='ocrx_word' id='word_1_555' title='bbox 2033 3642 2099 3681; x_wconf 88' lang='lat' dir='ltr'><em>est</em></span> <span class='ocrx_word' id='word_1_556' title='bbox 2120 3639 2197 3681; x_wconf 91' lang='lat' dir='ltr'><em>uni</em></span> <span class='ocrx_word' id='word_1_557' title='bbox 2220 3637 2318 3681; x_wconf 89' lang='lat' dir='ltr'>urbi</span> 
     </span>
    </p>
   </div>
   <div class='ocr_carea' id='block_1_17' title="bbox 1349 3704 2313 3820">
    <p class='ocr_par' dir='ltr' id='par_1_18' title="bbox 1349 3704 2313 3820">
     <span class='ocr_line' id='line_1_99' title="bbox 1349 3704 2313 3766; baseline -0.001 -14"><span class='ocrx_word' id='word_1_558' title='bbox 1349 3710 1429 3753; x_wconf 82' lang='grc' dir='ltr'><em>καὶ</em></span> <span class='ocrx_word' id='word_1_559' title='bbox 1460 3704 1605 3765; x_wconf 78' lang='grc' dir='ltr'><em>ταύτῃ</em></span> <span class='ocrx_word' id='word_1_560' title='bbox 1637 3704 1808 3766; x_wconf 86' lang='grc' dir='ltr'><em>σχεδόν</em></span> <span class='ocrx_word' id='word_1_561' title='bbox 1849 3725 1891 3753; x_wconf 92' lang='grc' dir='ltr'><em>τι</em></span> <span class='ocrx_word' id='word_1_562' title='bbox 1933 3710 2030 3754; x_wconf 80' lang='grc' dir='ltr'><em>τῶν</em></span> <span class='ocrx_word' id='word_1_563' title='bbox 2065 3705 2313 3765; x_wconf 83' lang='grc' dir='ltr'><em>ἐλλογιμω-</em></span> 
     </span>
     <span class='ocr_line' id='line_1_100' title="bbox 1929 3781 1980 3820; baseline 0 0"><span class='ocrx_word' id='word_1_564' title='bbox 1929 3781 1980 3820; x_wconf 81' lang='lat'><em>23</em></span> 
     </span>
    </p>
   </div>
  </div>
 </body>
</html>
