2684 4140
354 285 457 333 266
964 278 1170 325 DIONIS
1199 276 1285 321 DE
1315 275 1820 325 PULCHRITUDINE

355 430 482 488 σίας
517 443 576 475 τε
612 424 706 474 καὶ
740 419 949 488 μίξεως
986 423 1242 491 ἄρρενος,
1283 421 1318 471 οἳ
1354 419 1622 474 καλοῦσιν
1659 425 1960 495 ὑπηνέμια,
2000 429 2077 490 ὡς
2113 423 2216 480 ὑπ’
2261 430 2445 498 ἀνέμῳ

353 510 744 580 προσπεσόντι
780 508 1092 574 γιγνόμενα.
1189 506 1328 557 ὅθεν
1369 503 1432 578 δὴ
1483 509 1577 559 καὶ
1599 501 1869 580 Ὅμηρος,
1918 513 2046 577 ἐμοὶ
2093 511 2301 579 δοκεῖν,
2355 516 2452 566 οὐκ

356 593 630 645 ἀδύνατον
685 592 1037 661 ἡγησάμενος
1093 588 1221 642 οὐδὲ
1279 592 1574 644 ἀπίθανον
1628 599 1751 656 τοῖς
1807 597 2146 666 ἀνθρώποις
2205 607 2674 671 φανῆναι(5οοΒΙ’

357 680 554 729 ἵππων
580 678 892 746 ὑπηνέμιον
919 680 1094 744 γένος,
1133 678 1230 728 τὸν
1255 678 1476 748 Βορρᾶν
1504 679 1614 749 ἔφη
1641 681 1961 750 ἐρασθέντα
1993 687 2260 754 Τρωικῶν
2286 703 2454 737 τινων

355 766 553 815 ἵππων
590 759 883 833 ἐμπλῆσαί
918 780 977 813 τε
1017 763 1191 824 αὐτὰς
1227 770 1394 834 γονῆς
1429 766 1524 816 καὶ
1559 769 1719 832 γένος
1758 768 1955 819 ἵππων
1993 766 2055 832 ἐξ
2092 771 2274 822 αὐτῶν
2311 774 2459 838 γενέ·
2496 782 2520 823 5
2546 783 2647 828 (2691

359 850 519 899 σθαι.
626 841 922 916 [πολλάκις
970 848 1030 899 ἐκ
1076 865 1231 910 τινος
1280 850 1681 921 ἐνθυμήματος
1728 851 1977 920 ψευδοῦς
2024 856 2119 905 καὶ
2178 850 2457 906 ἀδυνάτου
2655 859 2659 913 l

270 937 338 989 26
359 934 648 1004 ἀποβῆναι
685 939 913 1003 πρᾶγμα
953 929 1207 1004 ἀληθές]
1269 933 1491 1006 εἴρηται
1519 934 1582 987 δέ
1615 953 1717 1002 μοι
1755 936 1945 989 πάντα
1971 945 2146 990 ταῦτα
2174 933 2280 989 ἀπ’
2325 941 2463 991 ἐκεί-

355 1038 453 1090 νης
478 1027 578 1091 τῆς
604 1021 776 1091 ἀρχῆς
799 1021 894 1071 καὶ
919 1021 1213 1092 ἐκτροπῆς,
1253 1023 1342 1072 ὅτι
1381 1019 1476 1072 δεῖ
1493 1024 1591 1093 τήν
1617 1025 1802 1094 ψυχὴν
1829 1020 2140 1087 ἐθίζεσθαι
2164 1024 2233 1074 τὰ
2263 1021 2462 1075 δέοντα

356 1103 630 1176 πράττειν
667 1107 762 1157 καὶ
801 1103 1169 1158 διανοεῖσθαι
1207 1114 1500 1173 πανταχοῦ
1521 1125 1582 1159 τε
1627 1110 1806 1160 καὶέν
1846 1111 2060 1162 ἅπαντι
2098 1110 2330 1180 θορύβῳ
2370 1111 2465 1161 καὶ

357 1194 415 1244 ἐν
454 1187 651 1261 ἁπάσῃ
679 1193 896 1261 ἠσυχίᾳ.
962 1193 1014 1243 εἰ
1053 1190 1112 1243 δὲ
1150 1194 1244 1263 μή,
1283 1195 1347 1243 τὸ
1388 1201 1486 1265 τῆς
1523 1182 1858 1264 ἐρημίαςτε
1893 1197 1988 1247 καὶ
2023 1197 2257 1264 ἡσυχίας
2297 1193 2456 1246 οὐδὲν
2498 1207 2544 1249 10

357 1274 547 1342 μεῖζον
584 1279 678 1329 καὶ
716 1275 1142 1349 ἀσφαλέστερον
1191 1282 1314 1340 τοῖς
1352 1280 1616 1350 ἀνοήτοις
1664 1286 1775 1331 τῶν
1825 1281 2154 1349 ἀνθρώπων
2205 1283 2351 1351 πρὸς
2400 1282 2464 1331 τὸ

359 1367 433 1436 μὴ
475 1361 661 1415 πολλὰ
698 1364 793 1414 καὶ
830 1365 1021 1414 ἄτοπα
1063 1361 1433 1415 διανοεῖσθαί
1469 1381 1529 1415 τε
1566 1367 1660 1416 καὶ
1697 1361 2057 1436 ἁμαρτάνειν.

1249 1549 1581 1556 ———

907 1717 1028 1781 (71)
1078 1714 1335 1784 ΠΕΡΙ
1386 1714 1930 1783 ΚΑΛΛΟΥΣ.

1334 1859 1498 1867 ———⁴

302 1971 327 2021 1
512 1959 580 2010 A.
615 1951 706 2020 Ὡς
742 1956 964 2029 ὑψηλὸς
1003 1961 1035 2009 0‘
1072 1961 1362 2022 νεανίσκος
1398 1961 1493 2012 καὶ
1523 1962 1761 2031 ὡραῖος·
1802 1963 1888 2013 ἔτι
1929 1960 1987 2014 δὲ
2027 1964 2260 2034 ἀρχαῖον
2301 1964 2476 2015 αὐτοῦ’

367 2047 431 2096 τὸ
472 2043 649 2109 εἶδος,
691 2045 812 2096 οἷον
851 2046 958 2113 ἐγὼ
1000 2046 1097 2111 οὐχ
1135 2048 1354 2116 ἑώρακα
1393 2053 1505 2098 τῶν
1543 2053 1653 2111 νῦν,
1703 2040 1830 2097 ἀλλ’
1872 2049 1904 2117 ἢ
1945 2053 2057 2099 τῶν
2090 2041 2468 2116 Ὀλυμπίασιν

369 2133 746 2197 ἀνακειμένων
784 2137 896 2182 τῶν
945 2129 1094 2182 πάνυ
1144 2129 1432 2183 παλαιῶν·
1482 2134 1543 2183 αἱ
1588 2130 1646 2183 δὲ
1695 2139 1806 2184 τῶν
1855 2134 2089 2203 ὕστερον
2138 2136 2347 2196 εἰκόνες
2384 2135 2474 2186 ἀεὶ
2510 2146 2556 2187 15

292 2224 297 2227 “
366 2219 590 2286 χείρους
625 2218 720 2267 καὶ
758 2217 1164 2286 ἀγεννεστέρων
1205 2218 1524 2287 φαίνονται,
1570 2219 1634 2268 τὸ
1672 2221 1775 2284 μέν
1813 2236 1885 2295 τιῃ
1907 2220 2020 2270 ὑπὸ
2060 2225 2171 2270 τῶν
2211 2217 2476 2290 δημιουρ-

371 2309 501 2371 γῶν,
539 2304 603 2353 τὸ
645 2299 704 2352 δὲ
745 2299 919 2353 πλέον
956 2304 1050 2353 καὶ
1089 2302 1249 2353 αὐτοὶ
1285 2304 1539 2353 τοιοῦτοί
1575 2304 1736 2354 εἰσιν.
1763 2331 1837 2338 --
1868 2295 1938 2354 'H
1971 2301 2154 2355 δεινὸν
2194 2301 2387 2372 λέγεις,
2429 2306 2480 2355 εἰ

374 2390 567 2457 ὥσπερ
610 2390 785 2458 φυτόν
824 2406 879 2439 τι
916 2389 947 2458 ἢ
991 2384 1132 2455 ζῴον
1171 2385 1538 2439 ἐκλελοίπασι
1574 2387 1653 2456 τῷ
1688 2392 1868 2456 χρόνῳ
1912 2390 1968 2439 οἱ
2003 2386 2192 2452 καλοί,
2246 2388 2368 2439 οἷον
2408 2386 2473 2459 δή
2494 2402 2672 2445 (δοιΒΠ

377 2482 531 2545 φασι
561 2476 692 2536 τοὺς
732 2472 962 2536 λέοντας
1001 2475 1218 2525 παθεῖν
1257 2477 1389 2536 τοὺς
1427 2476 1485 2526 ἐν
1523 2482 1592 2544 τῇ
1621 2475 1894 2544 Εὐρώπῃ·
1936 2476 1999 2524 οὐ
2037 2474 2140 2543 γὰρ
2181 2474 2266 2525 ἔτι
2296 2475 2479 2526 αὐτῶν

375 2560 523 2612 εἶναι
570 2562 634 2610 τὸ
686 2564 872 2627 γένος·
919 2563 1196 2629 πρότερον
1247 2558 1306 2611 δὲ
1355 2557 1499 2630 ἦσαν
1546 2562 1640 2611 καὶ
1688 2561 1821 2629 περὶ
1859 2556 2223 2610 Μακεδονίαν
2267 2561 2362 2611 καὶ
2416 2562 2475 2612 ἐν
2514 2569 2564 2611 20

314 2649 348 2700 2
386 2644 582 2707 ἀλλοις
619 2648 850 2707 τόποις·
890 2647 941 2696 εἰ
982 2647 1160 2706 οὕτως
1187 2644 1402 2711 οἴχεται
1430 2643 1494 2716 δὴ
1515 2643 1720 2707 κάλλος
1747 2642 1808 2708 ἐξ
1833 2646 2178 2712 ἀνθρώπων.
2204 2673 2278 2680 --
2301 2647 2370 2697 Δ.
2405 2649 2484 2696 Τό

379 2750 439 2801 γε
491 2730 775 2801 ἀνδρεῖον,
826 2731 869 2781 ὦ
920 2729 1207 2799 βέλτιστε·
1256 2734 1320 2782 τὸ
1370 2736 1568 2798 μέντοι
1615 2735 1930 2799 γυναικεῖον
1981 2730 2122 2792 ἴσως
2169 2726 2483 2793 πλεονάζει.

381 2821 517 2890 ἀνὴρ
559 2817 618 2869 δὲ
656 2815 826 2879 καλὸς
866 2820 1110 2869 σπάνιον
1147 2820 1248 2884 μὲν
1285 2814 1396 2886 <εἰ>
1433 2819 1680 2886 γίγνεται
1719 2824 1841 2881 νῦν,
1889 2817 1984 2868 καὶ
2020 2818 2317 2884 γενόμενος
2354 2817 2486 2876 τοὺς

380 2902 685 2965 πλείστους
725 2901 1025 2967 λανθάνει,
1076 2901 1272 2971 πολλῷ
1310 2901 1524 2970 μᾶλλον
1562 2904 1594 2973 ἢ
1635 2904 1692 2953 οἱ
1726 2899 1890 2954 καλοὶ
1927 2903 2106 2952 ἵπποι
2143 2902 2275 2961 τούς
2314 2901 2483 2970 ὀρεω-

378 2993 601 3056 κόμους.
678 2991 729 3040 εἰ
770 2982 823 3040 δ’
867 2990 977 3058 ἄρα
1013 2991 1107 3040 καὶ
1156 2991 1406 3058 ἅψαιντο
1455 2995 1566 3040 τῶν
1605 2990 1905 3051 τοιούτων,
1954 2979 2094 3053 μεθ’
2137 2986 2351 3055 ὕβρεως
2386 2985 2481 3035 καὶ
2517 2996 2566 3037 25

383 3078 528 3146 πρὸς
568 3074 728 3127 οὐδὲν
767 3076 1019 3144 ἀγαθόν·
1061 3077 1205 3126 ὥστε
1237 3092 1339 3141 μοι
1367 3073 1595 3126 δοκοῦσι
1621 3076 1716 3125 καὶ
1741 3076 1798 3124 οἱ
1820 3076 2110 3142 γενόμενοι
2136 3072 2271 3136 ταχυ
2301 3068 2484 3140 λήγειν

383 3166 477 3215 καὶ
514 3159 918 3232 ἀφανίζεσθαι.
998 3162 1059 3212 οὐ
1097 3161 1200 3229 γάρ
1251 3163 1424 3227 μόνον
1470 3165 1502 3230 ἠ
1554 3162 1718 3231 ἀρετὴ
1770 3160 1986 3226 ἐπαίνῳ
2039 3155 2294 3221 αὔξεται,
2345 3151 2486 3204 ἀλλά

531 3346 557 3388 2
587 3342 898 3405 περιπεσόντι
927 3345 966 3388 Β
1083 3348 1110 3388 4
1140 3342 1333 3406 βορρᾶν
1362 3343 1413 3388 Μ
1549 3347 1574 3387 6
1605 3337 1835 3395 πολλάκις
1865 3365 1920 3372 -
1952 3344 1974 3383 7
2008 3332 2184 3398 ἀληθὲς
2213 3338 2301 3382 del.
2331 3336 2487 3392 Emp.;

388 3420 470 3461 aut
499 3422 715 3473 corrupta
745 3418 853 3462 sunt
882 3420 962 3461 aut
990 3417 1210 3462 lacunosa
1241 3416 1385 3472 (Wil.)
1502 3418 1524 3458 7
1558 3417 1709 3461 ταῦτα
1739 3409 1898 3460 πάντα
1930 3410 1971 3456 U
2071 3413 2123 3455 13
2156 3405 2327 3469 ὄραῖος
2353 3406 2405 3451 Μ

392 3492 446 3534 14
477 3487 661 3551 ἑόρακα
691 3489 740 3532 Μ
885 3492 936 3533 15
967 3491 1188 3535 παλαιῶν
1216 3491 1403 3536 παίδων
1434 3487 1512 3533 UB
1660 3489 1710 3529 17
1744 3481 1774 3543 ἢ
1804 3497 1886 3541 pro
1919 3479 1961 3530 εἰ
1989 3481 2040 3525 Μ
2234 3480 2285 3522 18
2314 3475 2490 3558 1119.Ιὶωῇ

389 3561 636 3610 ἐκλέλοιπε
665 3565 734 3624 τῷ
760 3559 937 3621 χρόνῳ,
966 3560 1122 3605 deletis
1154 3559 1200 3607 οἳ
1228 3560 1373 3606 καλοί
1501 3561 1554 3602 23
1587 3554 1792 3604 σπάνιον
1821 3555 1910 3611 μὲν
1937 3554 2151 3613 γίγνεται
2179 3547 2230 3630 Μ
2258 3549 2340 3594 καὶ
2370 3561 2493 3593 σπα-

391 3651 496 3682 νιον
524 3634 612 3691 μὲν
639 3636 721 3679 καὶ
749 3635 962 3692 γίγνεται
992 3632 1086 3687 UB,
1117 3628 1323 3679 σπάνιον
1350 3631 1440 3689 μὲν
1469 3630 1513 3677 εἰ
1539 3630 1752 3689 γίγνεται
1784 3626 1914 3682 Emp.
2087 3633 2371 3680 γιγνομενος
2400 3615 2495 3662 ΠΜ

390 3701 644 3764 γινόμενος
672 3704 734 3760 Β,
775 3715 888 3748 corr.
919 3703 1053 3759 Emp.
1257 3706 1311 3747 24
1344 3697 1647 3759 ὀρεοκόμους
1675 3699 1714 3744 Β
1919 3697 1972 3738 25
2003 3684 2185 3751 ἅψαιτο
2217 3688 2344 3741 libri,
2377 3699 2494 3732 corr.

392 3775 604 3821 Reiskius
