2684 4140
969 254 1197 301 ORATIO
1227 253 1410 299 XLVII.
2160 253 2230 302 83

157 416 283 468 την,
329 400 475 451 ὥστε
522 406 620 470 τῆς
668 396 944 468 πατρίδος
995 399 1243 468 οἰκιστὴν
1289 399 1574 466 γενέσθαι.
1668 395 1874 464 μεταξὺ
1925 396 1984 448 δὲ
2034 393 2229 468 πρῴην

155 486 407 548 ἐνέτυχον
452 481 729 553 ἐπιστολῇ
777 501 918 547 τινι,
967 485 1025 534 ἐν
1071 475 1109 552 ᾗ
1156 485 1279 535 ἐστι
1315 490 1600 549 μετανοῶν
1637 485 1731 534 καὶ
1768 481 2104 552 ὀδυρόμενος
2129 479 2233 541 Δκαὶ

161 565 332 634 λέγων
378 570 466 619 ὅτι
513 571 723 619 τούτων
760 570 908 629 τινες
943 570 1036 619 καὶ
1071 570 1167 619 τὸν
1205 566 1441 635 βασιλέα
1477 570 1571 619 καὶ
1613 570 1743 629 τοὺς
1791 569 2233 638 ἀφικνουμένους

162 654 457 719 σατράπας
495 650 950 723 διαφθείρουσιν,
990 654 1135 703 ὥστε
1170 650 1343 722 μηδὲν
1377 654 1601 720 ἀγαθὸν
1626 653 1896 720 γενέσθαι
1919 650 2059 722 μηδὲ
2090 650 2233 714 ὅλως

0 728 72 813 {R
95 741 118 780 5
154 737 588 806 κατοικισθῆναι
625 739 722 807 τὴν
760 735 945 788 πόλιν.
982 761 984 763 >
1020 739 1164 788 ὅπου
1206 735 1264 788 δὲ
1306 731 1390 805 [τὸ
1429 738 1863 807 κατοικισθῆναι
1909 742 2030 799 τοῖς
2067 740 2227 788 ἑκπεσ
2251 737 2315 789 10

160 815 341 888 σοῦσι]
387 822 481 871 καὶ
526 827 689 871 τοῦτο
739 819 936 872 ἐλύπει
982 823 1166 884 τινάς,
1228 823 1279 872 εἰ
1329 819 1572 891 φυγάδες
1622 823 1776 882 ὄντες
1821 823 1914 872 καὶ
1963 819 2236 883 ἀπόλιδες

157 902 405 972 πατρίδα
463 902 654 968 ἕξουσι
707 907 800 956 καὶ
854 903 1287 957 πολιτεύσονται
1344 906 1484 956 κατὰ
1540 908 1744 970 νόμους
1812 906 1869 956 ἐν
1920 903 2235 975 ἐλευθερίᾳ,

155 986 364 1054 μᾶλλον
399 983 522 1056 <δ’>
556 982 792 1058 ᾑροῦντο
821 987 1130 1056 διῳκίσθαι
1151 990 1292 1039 κατὰ
1314 991 1508 1053 κώμας
1546 990 2001 1058 τοῖς-βαρβάροις
2028 992 2238 1056 ὁμοίως

156 1075 188 1143 ἢ
244 1081 422 1143 σχῆμα
462 1072 684 1135 πόλεως
718 1076 811 1125 καὶ
848 1077 1023 1138 ὄνομα
1062 1074 1232 1137 ἔχειν·
1280 1070 1429 1142 ἦπου
1471 1075 1754 1142 προσήκει
1791 1069 2105 1138 θαυμάζειν
2142 1076 2236 1124 καὶ

82 1164 130 1207 10
164 1160 216 1209 εἰ
252 1156 391 1208 ἄλλο
416 1177 473 1210 τι
500 1157 674 1210 λυπεῖ
688 1176 877 1220 τινας,
913 1158 946 1208 ὃ
971 1151 1025 1208 δ’
1058 1158 1153 1208 οὖν
1173 1150 1565 1226 Ἀριστοτέλης
1591 1155 1939 1208 ἐπιστέλλων
1964 1162 2238 1228 γέγραφεν

161 1245 238 1305 ὡς
274 1249 395 1306 τοῖς
432 1246 756 1313 πράγμασιν
806 1243 1149 1310 ἀπειρηκώς·
1204 1243 1347 1311 φησὶ
1381 1242 1484 1310 γὰρ
1525 1240 1705 1308 αἴρειν
1741 1244 1872 1302 τοὺς
1911 1239 2238 1303 δακτύλους”

161 1330 292 1389 τοὺς
332 1322 567 1389 Ἰδαίους
624 1328 762 1391 κάμὲ
811 1322 1060 1391 νομίζετε
1104 1327 1199 1376 καὶ
1235 1325 1295 1376 εἴ
1323 1330 1472 1387 τινές
1512 1327 1658 1377 εἰσιν
1720 1329 1919 1396 ἕτεροι.
2003 1328 2098 1377 καὶ
2133 1328 2236 1395 γὰρ
2262 1330 2321 1379 11

4 1419 137 1462 ΒΒΠ)
163 1409 227 1483 δὴ
279 1411 475 1465 πλεῖον
522 1410 743 1475 ἴσχυσεν
801 1414 834 1480 ἠ
885 1416 996 1464 τῶν
1045 1410 1373 1479 ἀνθρώπων
1418 1412 1643 1461 ἐκείνων
1689 1409 2094 1477 κακοδαιμονία
2139 1407 2244 1481 ’τῆς

162 1503 265 1547 τοῦ
291 1488 711 1565 Ἀριστοτέλους
749 1492 1017 1565 σπουδῆς,
1060 1496 1205 1547 ὥστε
1241 1496 1340 1545 οὐκ
1378 1494 1574 1547 εἴασαν
1613 1497 1896 1567 προβῆναι
1932 1498 1995 1547 τὸ
2032 1497 2244 1562 κωμίον

83 1586 128 1629 15
156 1582 237 1641 εἰς
273 1578 493 1646 ἀξίωμα
542 1576 791 1642 πόλεως,
839 1581 932 1631 καὶ
969 1586 1063 1631 νῦν
1103 1581 1189 1632 ἔτι
1226 1581 1488 1650 ἀοίκητόν
1539 1583 1709 1631 ἐστιν.
1793 1574 1919 1631 ἀλλ’
1973 1583 2131 1642 ὅπως
2168 1582 2240 1650 μὴ

159 1666 252 1715 καὶ
286 1667 451 1715 τοῦτό
487 1681 594 1730 μου
630 1662 873 1734 διαβάλῃ
902 1683 1005 1728 τις,
1046 1667 1123 1726 ὡς
1160 1667 1267 1732 ἐγὼ
1305 1668 1580 1735 Στάγειρα
1617 1668 1711 1717 καὶ
1743 1668 1932 1736 κώμην
1953 1663 2105 1716 καλῶ
2145 1667 2243 1735 τὴν

160 1747 329 1800 πόλιν
366 1752 597 1819 ταύτην·
644 1748 885 1816 δύναμαι
932 1751 1035 1820 γὰρ
1076 1753 1290 1817 ὀμόσας
1326 1753 1511 1802 εἰπεῖν
1549 1750 1826 1821 μηδεμίαν
1864 1749 2036 1821 ἄλλην
2076 1748 2244 1801 πόλιν

160 1837 288 1901 ἐμοὶ
332 1836 563 1904 κρείττω
618 1840 959 1906 πεφηνέναι,
1004 1837 1105 1889 κᾶν
1153 1838 1205 1887 εἰ
1251 1839 1423 1902 μόνον
1471 1836 1582 1902 εἶχε
1627 1840 1691 1904 τὸ
1738 1835 1998 1902 χαλκεῖον
2044 1837 2107 1886 τὸ
2147 1841 2249 1885 τοῦ

162 1917 361 1982 δεῖνος,
401 1920 432 1970 ὅ
461 1922 567 1988 ἐγὼ
607 1919 881 1972 κατέλυσα
921 1923 955 1972 ὁ
991 1923 1092 1983 τὰς
1131 1919 1330 1983 πόλεις
1355 1923 1597 1991 πορθῶν
1623 1923 1717 1973 καὶ
1742 1923 1843 1984 τὰς
1869 1918 2242 1991 νεκροπόλεις.

15 2012 128 2057 low
163 2005 253 2055 ἵνα
304 1997 358 2055 δ’
416 2005 509 2056 οὖν
556 2008 628 2077 μη
680 2004 1055 2073 ἐπιλάθωμαι
1107 2006 1176 2057 οὗ
1215 2010 1379 2077 χάριν
1429 2009 1694 2078 ἀνέστην,
1754 2009 2053 2077 ἁμάρτημα
2104 2005 2242 2067 ἴσως
2266 2007 2330 2057 12

162 2091 409 2159 ἥμαρτον
447 2092 831 2160 ἀνθρώπινον.
896 2099 990 2144 νῦν
1031 2093 1126 2143 οὖν
1164 2095 1288 2144 τίνα
1326 2110 1395 2158 με
1421 2091 1702 2159 βούλεσθε
1739 2094 2009 2158 ὑποσχεῖν
2047 2088 2247 2162 ζημίαν

160 2175 286 2226 ἀντὶ
322 2178 520 2227 τούτου
559 2183 661 2227 τοῦ
684 2178 1084 2247 ἁμαρτήματος
1120 2179 1152 2248 ἢ
1191 2180 1250 2228 τί
1287 2181 1504 2240 ποιεῖν;
1542 2175 1682 2241 ἀξιῶ
1725 2175 2073 2245 συμβούλους
2108 2178 2249 2242 ὑμᾶς

162 2262 456 2327 γενέσθαι·
504 2265 744 2331 πότερον
789 2261 1055 2317 καθελεῖν
1103 2281 1172 2330 με
1220 2266 1283 2314 τὸ
1323 2265 1482 2333 ἔργον
1518 2268 1646 2325 ταῖς
1684 2266 1930 2330 ἐμαυτοῦ
1966 2260 2249 2322 δαπάναις

163 2347 227 2396 τὸ
265 2348 489 2414 γεγονὸς
523 2350 618 2398 καὶ
655 2355 898 2419 ποιῆσαι
935 2351 1121 2402 πάντα
1163 2351 1336 2400 ὁποῖα
1375 2347 1440 2419 ἧν
1479 2352 1756 2419 πρότερον
1770 2368 1789 2412 ,·
1827 2346 2147 2408 ἄλλά“ὶ’σως
2186 2347 2248 2396 ού

85 2437 135 2479 25
171 2429 496 2501 δυνήσομαι.
557 2434 590 2503 ἢ
631 2435 688 2484 τί
724 2436 869 2503 πρὸς
905 2435 1060 2486 θεῶν
1071 2453 1091 2497 ,·
1129 2434 1331 2486 εἴπατέ
1353 2452 1468 2501 μοι.
1531 2437 1637 2503 ἐγὼ
1665 2437 1765 2501 μὲν
1791 2436 1893 2505 γὰρ
1923 2426 2077 2503 ᾤμην
2104 2434 2246 2501 ὁρῶν
2272 2431 2335 2481 13

167 2517 235 2566 τὰ
274 2523 507 2568 τοιαῦτα
546 2516 743 2580 πόλεις
776 2516 953 2581 ἄλλας
990 2518 1485 2590 φιλοτιμουμένας,
1527 2522 1589 2570 ού
1627 2523 1799 2586 μόνον
1836 2520 1937 2581 τὰς
1972 2518 2113 2569 κατὰ
2153 2518 2251 2587 τὴν

163 2594 357 2652 Ἀσίαν
404 2599 543 2669 λέγω
592 2605 686 2654 καὶ
722 2605 928 2673 Συρίαν
963 2607 1057 2657 καὶ
1094 2603 1385 2669 Κιλικίαν,
1435 2603 1574 2656 ἀλλὰ
1613 2608 1822 2667 ταύτας
1859 2605 1960 2665 τὰς
1997 2602 2250 2669 ἀστυγεί-

169 2701 335 2746 τονας
371 2688 463 2737 καὶ
500 2685 771 2758 πλησίον,
810 2691 907 2760 τὴν
945 2696 1055 2741 τῶν
1093 2688 1477 2760 Νικομηδέων,
1516 2692 1615 2760 τὴν
1653 2696 1763 2740 τῶν
1801 2692 2085 2750 Νικαέων,
2123 2687 2253 2746 τοὺς

171 2771 482 2840 Καισαρεῖς
519 2775 765 2836 τούτους,
806 2775 1042 2841 εὐγενεῖς
1078 2777 1179 2840 μὲν
1219 2776 1565 2844 ἀνθρώπους
1588 2776 1682 2825 καὶ
1722 2771 1944 2844 σφόδρα
1970 2766 2251 2840 Ἕλληνας,

91 2861 141 2903 30
177 2853 321 2905 πολὺ
361 2854 421 2907 δὲ
458 2862 791 2927 μικροτέραν
828 2867 927 2929 τῆς
961 2863 1234 2929 ἡμετέρας
1265 2862 1555 2920 οἰκοῦντας
1581 2857 1766 2922 πόλιν,
1803 2859 1898 2908 καὶ
1923 2858 2054 2916 τοὺς
2093 2851 2254 2904 πολι-

314 3083 338 3124 2
363 3076 650 3137 ὀδυνόμενος
666 3080 716 3123 Μ
777 3085 801 3125 3
824 3081 1011 3128 τούτων
1031 3080 1231 3125 defendit
1246 3081 1395 3135 Emp„
1415 3079 1473 3122 ad
1495 3075 1552 3124 τὸ
1573 3079 1758 3136 χωρίον
1786 3090 1831 3133 p.
1851 3079 1975 3130 82,31
1997 3074 2198 3119 referens
2234 3079 2237 3081 ’

175 3156 200 3195 5
230 3147 288 3197 τὸ
308 3163 396 3196 om.
418 3150 456 3194 T
572 3151 631 3198 τὸ
657 3155 1024 3210 ,κατοικισθῆναι
1050 3177 1102 3183 -
1123 3150 1378 3197 ἐκπεσοῦσι
1408 3150 1514 3194 secl.
1537 3148 1712 3204 Pflugk‚
1743 3154 1846 3201 τοῖς
1869 3142 2124 3193 ἐκπεσοῦσι
2153 3147 2257 3201 post

174 3220 398 3279 γενέσθαι
426 3220 585 3266 inserit
611 3222 744 3278 Wi1.;
772 3223 983 3267 lacunam
1002 3224 1108 3278 post
1123 3220 1381 3268 ἐκπεσοῦσι
1410 3221 1568 3264 statuit
1587 3219 1720 3276 Emp.
1840 3222 1866 3262 6
1894 3215 2054 3265 ἐλύπει
2073 3216 2256 3269 Reiske‚

177 3295 313 3338 λυπεῖ
339 3289 470 3336 UMT
497 3291 626 3347 (quid
645 3292 683 3337 B
701 3292 877 3348 ignoro)
965 3296 988 3334 7
1020 3290 1175 3348 νόμου
1195 3291 1233 3335 Τ
1321 3294 1345 3335 8
1377 3284 1422 3336 δ’
1451 3290 1555 3335 add.
1580 3289 1709 3346 Emp.
1792 3283 1999 3348 ἡγοῦντο
2020 3288 2104 3335 καὶ
2122 3288 2171 3332 Μ

177 3365 425 3425 διῳκίσθαι
453 3361 634 3416 Reiske‚
666 3366 947 3409 διοικεῖσθαι
975 3363 1080 3407 libri
1195 3367 1221 3407 9
1252 3364 1465 3422 προσῆκε
1490 3361 1612 3414 libri,
1642 3374 1758 3406 corr.
1789 3360 1965 3406 Selden.
2056 3364 2108 3404 10
2133 3354 2257 3406 ἄλλό

177 3451 228 3482 τε
259 3435 297 3478 Τ
444 3430 474 3481 ὅ
504 3430 546 3480 δ’
581 3427 665 3481 οὖν
694 3434 841 3491 Εωρ.,
873 3429 901 3481 ὃ
934 3428 979 3480 δ’
1011 3427 1097 3481 οὖν
1125 3433 1228 3478 libri
1374 3436 1422 3477 11
1456 3435 1573 3490 φασὶ
1601 3432 1640 3476 Β
1785 3428 1938 3492 α’ίρειν
1966 3429 2007 3475 U
2149 3426 2260 3482 τους

177 3502 432 3560 δακτύλους
461 3501 651 3559 Ἰδαίους
679 3509 782 3557 (om.
815 3502 944 3559 τοὺς)
974 3505 1012 3549 Τ
1179 3508 1227 3548 12
1258 3502 1372 3558 τοὺς
1400 3498 1592 3558 Ἰδαίους
1619 3504 1727 3548 secl.
1757 3502 1891 3559 Emp.
2035 3502 2116 3547 καὶ
2144 3496 2259 3552 τοὺς

178 3575 354 3630 ἰδαίους
382 3574 638 3631 δακτύλους
668 3574 820 3636 αἴρειν
850 3576 954 3622 add.
987 3576 1036 3620 M
1066 3580 1170 3632 post
1199 3576 1421 3631 νομίζετε
1564 3571 1720 3632 ἕτεροι
1752 3576 1968 3620 τοιοῦτοι
1995 3572 2065 3616 vel
2096 3562 2255 3627 ὅμοιοι

178 3646 390 3693 Reiskius
507 3652 559 3692 16
583 3645 811 3708 διαβάλλῃ
832 3648 870 3691 Β
957 3643 1099 3693 πόλιν
1126 3660 1208 3703 pro
1229 3644 1393 3705 κώμην
1411 3645 1493 3691 UT
1613 3649 1662 3689 19
1684 3640 1974 3705 ἀκροπόλεις
1991 3642 2110 3706 libri?
2142 3652 2259 3685 eorr.

180 3717 285 3763 Wil.
403 3722 456 3763 20
486 3715 678 3766 ἅνεστιν
706 3719 754 3761 Μ
843 3722 895 3763 30
928 3717 1219 3778 πικροτέραν
1248 3717 1296 3760 Μ
1328 3716 1647 3777 σμικροτέραν
1673 3716 1712 3760 Β
1813 3717 1895 3773 τῆς
1923 3711 2152 3770 ὑμετέρας
2179 3710 2260 3756 ΠΤ

1861 3787 1924 3830 6*
