2684 4140
453 274 518 321 76
1270 253 1414 299 DION
1419 252 1474 297 IS
1504 248 1811 294 DEFENSIO

369 417 430 467 16
444 409 714 480 βούλευσα
738 405 829 455 καὶ
853 398 1205 467 ἐνεδειξάμην
1230 401 1351 457 τοῖς
1377 396 1642 461 ἀγνοοῦσι
1667 393 1730 441 τὸ
1758 395 2000 459 πρᾶγμα.
2052 389 2145 439 καὶ
2169 388 2309 453 μετὰ
2336 392 2511 438 ταῦτα

445 491 540 556 οὐχ
578 492 609 539 ὁ
642 490 741 553 μὲν
781 484 952 555 δῆμος
988 485 1145 548 ὑμεῖς
1181 479 1582 547 ἐπεθυμήσατε
1620 480 1731 525 τῶν
1769 475 1969 542 ἔργων,
2019 477 2132 522 τῶν
2171 470 2230 523 δὲ
2269 474 2327 523 ἐν
2364 469 2514 523 τέλει

439 592 524 636 τις
570 574 854 631 ἀντεῖπεν,
904 560 1031 616 οὐδὲ
1080 566 1308 614 ἀντεῖπε
1354 563 1455 627 μὲν
1506 556 1716 622 οὐδείς,
1767 558 1828 608 οὑ
1878 554 1986 627 μὴν
2035 557 2512 626 προθυμούμενος
2535 565 2683 610 (518Μ]

437 657 636 726 εὑρέθη
683 655 776 704 καὶ
824 651 1223 718 συμπράττων,
1274 644 1414 696 ἀλλὰ
1465 646 1673 705 πάντες
1711 645 1788 704 ὡς
1826 636 1922 693 ἐπ’
1967 642 2214 709 ἀγαθοῖς
2254 641 2382 692 οὖσι
2416 643 2511 692 καὶ

437 742 810 808 συμφέρουσιν
860 735 922 784 οὐ
972 731 1111 800 λόγῳ
1159 730 1331 798 μόνον
1382 731 1838 798 συμπράττοντες
1882 729 1976 779 καὶ
2015 730 2507 797 συνεισφέροντες·
2545 736 2569 777 5
2597 709 2684 797 ffiffj

431 825 523 874 καὶ
558 824 620 872 τὸ
662 826 890 887 πρᾶγμα
929 820 1006 879 ὡς
1029 814 1196 868 καλὸν
1222 817 1316 867 καὶ
1339 811 1769 884 μεγαλοπρεπὲς
1793 815 1887 864 καὶ
1912 819 1980 883 τῇ
2006 810 2176 864 πόλει
2205 815 2507 882 συμφέρον,

431 904 623 975 [οὕτως
659 898 891 972 ἐγένετο]
918 919 944 950 *
977 918 1004 949 *
1037 919 1064 949 *
1446 903 1454 911 ”

497 1283 611 1348 (29)
648 1277 833 1345 ΠΡΟ
869 1277 1048 1345 TOY
1089 1279 1650 1346 ΦΙΛΟΣΟΦΕΙΝ
1685 1278 1814 1346 ΕΝ
1851 1279 2021 1345 ΤΗΙ
2057 1277 2451 1345 ΠΑΤΡΙΔΙ.

2204 1509 2229 1518 αν

365 1517 387 1565 1
563 1504 689 1576 Ἐγώ
748 1510 842 1574 οὐχ
900 1510 1076 1569 οὕτως
1131 1506 1525 1579 ἐκπέπληγμαι
1582 1503 1680 1579 ἐφ’
1744 1510 1829 1571 οἷς
1885 1513 2130 1573 ποιεῖτε,
2189 1517 2231 1559 ὠ
2292 1507 2506 1574 ἄνδρες,

422 1597 702 1655 τοιούτοις
733 1594 904 1654 οὖσιν,
945 1586 1078 1643 ἀλλ’
1120 1594 1248 1643 ἐπεὶ
1275 1591 1540 1660 οὐδεμίαν
1568 1595 1756 1645 αἰτίαν
1784 1596 1895 1663 ὁρῶ
1923 1602 2022 1665 τῆς
2045 1596 2316 1664 ὑμετέρας
2343 1595 2509 1664 ὀργῆς

426 1682 567 1748 πρὸς
603 1682 714 1745 ἐμέ,
755 1681 919 1730 τοῦτό
957 1680 1079 1729 ἐστι
1116 1680 1179 1728 τὸ
1219 1679 1302 1739 εἰς
1328 1679 1576 1748 ἀπορίαν
1604 1680 1753 1746 ἄγον.
1820 1679 1984 1749 ὀργὴν
2009 1682 2110 1744 μὲν
2148 1680 2251 1749 γὰρ
2281 1677 2502 1730 δικαίαν
2541 1687 2587 1729 10

425 1766 544 1815 ἔστι
570 1765 1045 1834 παραιτήσασθαι
1071 1764 1415 1832 ἀνθρώπων,
1455 1767 1624 1830 μῖσος
1665 1762 1723 1814 δὲ
1766 1761 1960 1815 ἄδικον
1998 1765 2085 1825 τίς
2123 1765 2190 1814 ἂν
2223 1765 2509 1830 θεραπεύ-

427 1864 549 1911 σαι,·
599 1847 734 1912 ἀξιῶ
788 1847 845 1899 δὲ
883 1851 1023 1914 ὑμᾶς
1061 1849 1300 1899 ἀκοῦσαί
1334 1864 1442 1914 μου
1484 1846 1742 1917 λέγοντος
1782 1849 1878 1898 οὐκ
1916 1850 2056 1913 ἐμοῦ
2102 1851 2257 1899 ἕνεκα
2296 1845 2508 1913 μᾶλλον

423 1937 453 2005 ἢ
482 1937 632 2000 ὑμῶν
660 1936 853 1985 αὐτῶν.
904 1935 952 1984 εἰ
978 1935 1077 1999 μὲν
1102 1934 1205 2001 γὰρ
1241 1927 1402 1985 οὐδὲν
1441 1932 1635 1998 ἀδικῶ,
1676 1926 1803 1985 οὐδὲ
1830 1936 1989 2000 ὑμεῖς
2014 1931 2297 2000 βούλεσθε
2326 1931 2508 2003 δήπου

425 2021 688 2080 ἀναιτίως
729 2024 915 2084 μισεῖν
952 2037 1077 2070 τινα
1116 2025 1226 2070 τῶν
1264 2021 1545 2089 ὑμετέρων
1586 2018 1862 2071 πολιτῶν·
1913 2021 1963 2071 εἰ
2015 2017 2072 2070 δὲ
2123 2017 2329 2083 ἀδικῶ,
2377 2015 2505 2070 κατ’

425 2107 562 2169 ἐμοῦ
610 2106 638 2154 ὁ
691 2102 850 2171 λόγος
898 2106 1083 2167 ἔσται,
1136 2099 1231 2169 οὐχ
1277 2106 1421 2174 ὑπὲρ
1471 2107 1632 2171 ἐμοῦ·
1687 2107 1781 2156 καὶ
1830 2107 2008 2166 οὑτως
2055 2121 2114 2172 γε
2161 2100 2334 2170 μείζω
2371 2105 2502 2170 ὑμῖν
2539 2112 2587 2154 15

425 2186 610 2258 ὑφέξω
649 2190 920 2257 τιμωρίαν
957 2191 988 2258 ἢ
1030 2183 1189 2241 αὐτοὶ
1235 2177 1488 2260 ζητεῖτε’
1551 2193 1614 2241 τὸ
1653 2192 1756 2260 γὰρ
1807 2188 2205 2261 ἐξελεγχθῆναι
2255 2193 2505 2260 πονηρὸν
2660 2185 2669 2191 ’

360 2274 392 2323 2
433 2276 562 2324 ὄντα
613 2273 689 2341 τῴ
741 2276 910 2326 παντὶ
957 2273 1268 2343 δεινότερον
1316 2283 1419 2326 τοῦ
1465 2274 1844 2347 λευσθῆναιῆ
1894 2273 2327 2347 καταφλεγῆναι.
2413 2278 2507 2328 καὶ
2525 2286 2680 2330 (21331

426 2365 648 2427 πρῶτον
684 2362 782 2425 μὲν
820 2361 1034 2425 μάθετε
1073 2363 1160 2412 ὅτι
1195 2356 1294 2429 <οἳ>
1333 2359 1493 2412 δοκεῖ
1530 2363 1660 2428 ὑμῖν
1702 2363 1946 2432 φοβερά,
2001 2362 2057 2411 οἱ
2107 2359 2269 2412 λίθοι
2311 2363 2406 2413 καὶ
2443 2364 2507 2412 τὸ

427 2450 551 2511 πῦρ,
594 2437 772 2495 οὐδενὶ
812 2446 1023 2515 φοβερά
1050 2448 1219 2510 ἐστιν,
1261 2438 1383 2498 οὐδ’
1425 2449 1555 2498 ἐστέ
1577 2463 1637 2516 γε
1664 2450 1889 2509 τούτοις
1917 2449 2151 2516 ἰσχυροί,
2193 2445 2334 2497 ἀλλὰ
2362 2449 2505 2498 πάν-

426 2544 534 2578 των
585 2530 1017 2594 ἀσθενέστατοι,
1069 2533 1224 2594 ε’κτύς
1263 2534 1314 2583 εἰ
1350 2535 1425 2603 μή
1465 2551 1552 2594 τις
1591 2533 1839 2603 ἀριθμεῖ
1867 2535 1966 2604 τὴν
2003 2538 2114 2583 τῶν
2156 2529 2372 2601 λῃστῶν
2410 2533 2503 2583 καὶ
2538 2540 2588 2582 20

426 2618 534 2663 τῶν
571 2619 916 2679 μαινομένων
956 2614 1203 2682 δύναμιν.
1280 2615 1504 2679 πόλεως
1544 2616 1602 2668 δὲ
1639 2620 1734 2669 καὶ
1773 2616 1948 2688 δήμου
1989 2619 2146 2683 ἰσχὺς
2195 2619 2252 2668 ἐν
2292 2620 2508 2684 ἑτέροις

425 2698 560 2761 ἐστί,
599 2700 690 2750 καὶ
728 2704 950 2766 πρῶτόν
987 2718 1046 2769 γε
1084 2704 1141 2753 ἐν
1179 2702 1259 2770 τῷ
1299 2707 1528 2774 φρονεῖν
1564 2706 1658 2755 καὶ
1694 2704 1763 2754 τὰ
1793 2701 1980 2754 δίκαια
2009 2707 2215 2754 ποιεῖν.
2375 2703 2509 2771 περὶ

423 2784 521 2846 μὲν
558 2784 659 2852 γὰρ
698 2792 792 2834 τοῦ
833 2789 1047 2855 πατρὸς
1087 2779 1245 2839 οὐδὲν
1284 2791 1380 2854 ἐμὲ
1422 2787 1516 2840 δεῖ
1548 2787 1742 2856 λέγειν,
1783 2790 1833 2840 εἰ
1871 2789 2093 2855 ἀγαθὸς
2129 2784 2210 2856 ἧν.
2275 2778 2364 2838 ἀεὶ
2400 2787 2504 2855 γὰρ

425 2857 720 2935 εὐφημεῖτε
761 2862 925 2921 αὑτὸν
965 2874 1057 2922 καὶ
1092 2880 1252 2942 κοινῇ
1288 2876 1382 2925 καὶ
1417 2867 1558 2925 καθ>
1602 2877 1862 2938 ἕκαστον,
1903 2877 2048 2925 ὅπου
2088 2875 2155 2924 ἂν
2192 2873 2504 2942 μνησθῆτε,

359 2951 388 3003 3
428 2951 501 3011 ὡς
541 2946 600 3001 οὐ
643 2952 852 3022 φαῦλον
891 2954 1142 3027 πολίτην.
1209 2957 1301 3010 δεῖ
1317 2963 1511 3024 μέντοι
1549 2958 1760 3011 εἰδέναι
1798 2961 1938 3025 ὑμᾶς
1976 2961 2064 3010 ὅτι
2103 2952 2261 3010 οὐδὲν
2294 2956 2500 3028 ὄφελος
2535 2964 2586 3006 25

426 3036 608 3102 ἐκείνῳ
649 3040 768 3089 ἐστὶ
808 3043 1018 3092 τούτων
1056 3048 1166 3093 τῶν
1205 3045 1482 3095 ἐπαίνων·
1533 3039 1659 3095 ἀλλ’
1714 3047 1846 3096 ὅταν
1883 3048 2024 3112 ἡμᾶς
2062 3046 2192 3105 τοὺς
2231 3041 2292 3107 ἐξ
2336 3037 2511 3095 αὐτοῦ

433 3274 447 3295 ,
570 3216 594 3256 3
625 3209 864 3263 ἀντειπεῖν
892 3218 940 3261 Μ
971 3221 1127 3274 (altero
1159 3221 1276 3273 loco)
1423 3218 1479 3271 οὗ
1509 3221 1602 3283 μὴν
1633 3218 1690 3271 οὖ
1723 3223 1844 3270 UBT
2006 3230 2029 3270 5
2061 3222 2217 3283 μόνον
2247 3221 2395 3274 (ἀλλὰ
2425 3228 2507 3272 καὶ
2659 3209 2670 3283 ξ’

431 3276 552 3360 ἔργω
582 3279 870 3343 εὑρέθησαν)
898 3287 1106 3336 Reiskius
1193 3294 1563 3355 συνεκφέροντες
1592 3296 1641 3339 Μ
1730 3300 1753 3339 7
1788 3288 1941 3352 οὕτως
1968 3295 2175 3358 ἐγένετο.
2225 3298 2339 3342 haec
2368 3298 2506 3343 verba
2658 3286 2674 3366 ξ

431 3361 630 3430 sus-plcor
660 3354 831 3399 adiecta
861 3370 973 3412 esse,
1005 3373 1104 3404 cum
1137 3367 1338 3410 extrema
1368 3366 1587 3412 orationis
1616 3379 1724 3423 pars
1743 3368 2001 3414 interiisset.
2118 3368 2172 3413 In
2202 3369 2361 3414 titulo:
2394 3372 2505 3428 περὶ
2659 3369 2672 3414 ῗ

431 3434 517 3466 του
543 3420 580 3464 Τ
722 3427 746 3467 8
776 3423 977 3474 ἐποιεῖτε
1008 3430 1126 3475 UBT
1244 3439 1291 3478 11
1327 3431 1426 3482 ἔστι
1456 3450 1543 3482 om.
1574 3437 1626 3481 M
1797 3435 2064 3498 ἄνθρωπον
2093 3438 2217 3485 ΠΒΤ
2343 3436 2405 3486 ἄν
2433 3457 2504 3494 τις
2672 3479 2673 3482 ,

431 3489 530 3540 (hoc
560 3492 673 3546 ord·)
704 3493 782 3538 UT
811 3559 823 3578 ³
873 3501 922 3540 12
953 3498 1035 3556 ἐμὲ
1063 3502 1111 3545 Μ
1228 3509 1278 3550 13
1309 3504 1573 3565 βούλεσθαι
1602 3509 1652 3552 Μ
1769 3513 1822 3555 18
1853 3503 1884 3556 δι’
1914 3509 2016 3554 add,
2049 3509 2243 3555 Casaub.
2364 3514 2416 3555 19
2447 3527 2504 3568 γε

433 3571 516 3602 om.
547 3560 596 3604 M
710 3567 762 3608 20
792 3571 987 3624 αριθμεῖ
1014 3570 1142 3628 Emp.
1172 3574 1291 3630 dub.‚
1321 3571 1514 3638 ἠρίθμει
1542 3579 1649 3624 libri
1753 3584 1806 3624 22
1839 3587 2111 3642 σωφρονεῖν
2139 3581 2270 3637 Emp.
2302 3593 2358 3625 ex
2388 3593 2499 3636 mrg.

430 3641 584 3743 &gr-B
656 3635 824 3750 233753’
843 3634 961 3751 ἔὰΤρε
996 3640 1148 3687 deesse
1178 3649 1392 3694 nonnulla
1422 3662 1476 3694 ex
1505 3647 1599 3709 γὰρ
1632 3651 1859 3696 concludit
1889 3651 1992 3696 Wil.
2112 3655 2167 3694 24
2196 3656 2278 3699 καὶ
2308 3651 2501 3697 alterum
