2684 4140
967 283 1194 331 ORATIO
1223 282 1477 328 XXXVIII.
2189 279 2255 328 31

175 429 417 501 μεγάλην
467 430 612 482 εἶναι
659 426 866 496 νομίζω
906 431 1003 500 τήν
1043 426 1281 498 δωρεάν·
1332 426 1444 478 εἴτε
1481 427 1585 496 γὰρ
1624 426 2053 496 πεισθήσεσθε,
2100 423 2258 489 ἄξιόν

176 519 329 568 ἐστιν
368 517 603 567 ἀκοῦσαι
639 522 742 566 τοῦ
775 515 842 565 τὰ
884 511 1137 584 λυσιτελῆ
1169 511 1451 580 λέγοντος·
1502 510 1613 563 εἴτε
1652 504 1750 582 ἐφ’
1791 513 1921 578 ὑμῖν
1959 512 2259 562 ἀπόκειται

176 603 238 651 τὸ
279 601 619 671 πεισθῆναι,
669 601 725 651 τί
761 606 924 650 τοῦτο
966 596 1232 650 δύσκολόν
1270 599 1450 659 ἐστιν,
1501 594 1661 666 ἀνδρὶ
1702 594 1848 667 φίλῳ
1891 594 2053 663 λόγου
2092 613 2258 662 μετα-

178 683 371 736 δοῦναι
407 683 724 752 βουλομένῳ
764 686 943 753 μάτην
983 685 1180 734 εἰπεῖν.

120 779 143 817 5
320 771 413 820 καὶ
448 771 506 820 τί
544 767 606 839 δὴ
647 771 812 819 τοῦτό
849 770 1019 830 ἐστιν,
1056 768 1198 836 ὑπὲρ
1239 765 1308 816 οὗ
1340 763 1524 833 μέλλω
1562 767 1663 831 μὲν
1692 762 2102 831 συμβουλεύειν,
2138 766 2259 815 ὀνο-

175 855 356 918 μάσαι
408 851 466 904 δὲ
517 846 653 904 αὐτὸ
705 854 874 914 ὀκνῶ,
923 853 986 902 τὸ
1034 853 1135 917 μὲν
1184 853 1358 916 ὄνομα
1400 841 1498 900 οὖκ
1535 847 1730 918 ἀηδές,
1771 848 1813 899 ὦ
1855 847 2053 918 ἄνδρες
2089 852 2260 900 Νικο-

0 947 153 989 e32R11)
175 936 388 1008 μηδεῖς,
429 938 553 988 οὔτε
591 939 648 988 ἐν
685 941 811 998 ταῖς
851 937 1056 997 οἰκίαις
1095 936 1220 986 οὔτε
1247 937 1304 986 ἐν
1331 939 1456 995 ταῖς
1496 935 1836 1001 συγγενείαις
1876 934 2000 984 οὔτε
2038 935 2095 984 ἐν
2134 938 2259 995 ταῖς

178 1021 399 1093 φιλίαις
428 1023 552 1074 οὔτε
578 1024 635 1072 ἐν
661 1025 786 1083 ταῖς
812 1018 1046 1070 πόλεσιν
1087 1020 1211 1070 οὔτε
1238 1021 1296 1070 ἐν
1334 1023 1455 1080 τοῖς
1493 1019 1737 1069 ἔθνεσιν.
1813 1020 1954 1087 ὑπὲρ
1994 1019 2096 1088 γὰρ
2126 1021 2256 1084 ὁμο·
2296 1021 2328 1070 6

176 1107 333 1168 νοίας
381 1108 522 1174 ἐρῶν
570 1108 828 1175 ἔρχομαι,
876 1102 1051 1155 καλοῦ
1084 1106 1184 1169 μὲν
1224 1100 1529 1169 ὀνόματος,
1577 1100 1752 1152 καλοῦ
1805 1100 1863 1152 δὲ
1914 1106 2261 1171 πράγματος,

0 1201 77 1242 ’Μ)
106 1199 150 1239 10
187 1192 253 1242 ἂν
294 1184 348 1241 δ’
390 1184 564 1252 εὐθὺς
590 1190 834 1259 προσθῶ
863 1191 996 1257 περὶ
1021 1196 1119 1258 τῆς
1145 1190 1292 1256 πρὸς
1316 1189 1472 1248 τίνας
1500 1188 1783 1253 ὁμονοίας,
1822 1193 1987 1237 τοῦτο
2020 1185 2262 1251 δέδοικα,

173 1277 245 1345 μή
287 1277 384 1346 τήν
419 1277 520 1340 μὲν
560 1276 825 1340 ὁμόνοιαν
865 1266 1035 1342 αὐτὴν
1084 1265 1184 1342 ἐφ’
1240 1275 1440 1342 ἑαυτῆς
1487 1268 1658 1342 καλήν
1708 1269 1855 1321 εἶναι
1905 1274 2262 1341 πιστεύσητε,

175 1362 236 1409 τὸ
279 1357 337 1410 δὲ
377 1361 521 1428 πρὸς
557 1360 790 1418 τούτους
829 1359 1086 1422 ὁμονοεῖν
1124 1358 1256 1417 τοὺς
1294 1357 1657 1425 ἀνθρώπους,
1701 1354 1787 1417 οἷς
1816 1357 2074 1421 ὁμονοεῖν
2117 1375 2265 1427 φημι

177 1442 291 1494 δεῖν
327 1444 486 1508 ὑμᾶς,
523 1440 798 1493 ἀδύνατον
837 1441 984 1492 εἶναι
1021 1443 1303 1511 νομίσητε.
1368 1447 1533 1491 τοῦτο
1560 1443 1664 1510 γάρ
1705 1442 1876 1504 ἐστιν,
1919 1441 1949 1491 ὃ
1978 1445 2142 1510 μέχρι
2169 1448 2263 1492 νῦν

174 1529 255 1589 εἰς
291 1529 389 1597 τήν
428 1528 638 1596 ἔχθραν
674 1527 1018 1596 καθίστησιν
1056 1528 1200 1592 ὑμᾶς
1248 1528 1347 1596 τήν
1397 1528 1542 1595 πρὸς
1592 1523 1866 1595 ἀλλήλους
1915 1527 2009 1576 καὶ
2060 1517 2158 1576 οὐκ
2194 1525 2260 1595 ἑᾷ

95 1619 140 1660 15
176 1613 444 1679 γενέσθαι
481 1609 579 1682 τὴν
620 1610 845 1682 φιλίαν,
884 1614 947 1662 τὸ
987 1612 1314 1663 πεπεῖσθαι
1354 1609 1479 1676 δίχα
1521 1608 1683 1678 λόγου
1723 1607 1798 1680 μὴ
1841 1607 2077 1679 δυνατὴν
2116 1610 2262 1662 εἶναι

172 1701 296 1758 ταῖς
335 1695 540 1748 πόλεσι
586 1694 684 1767 τὴν
734 1699 1016 1763 ὁμόνοιαν.
1103 1694 1177 1766 μὴ
1228 1698 1588 1767 θορυβήσητε
1640 1694 1698 1747 δὲ
1740 1697 2027 1764 ἀρχομένῳ
2069 1694 2260 1760 πάλιν,

172 1775 296 1832 ἀλλ>
339 1783 695 1848 ὑπομείνατε.
774 1784 919 1852 φημὶ
957 1780 1072 1833 δεῖν
1110 1784 1270 1847 ὑμᾶς,
1310 1779 1507 1851 ἄνδρες
1546 1779 1907 1850 Νικομηδεῖς,
1946 1781 2257 1851 ὁμονοῆσαι
2297 1784 2327 1833 7

173 1869 317 1936 πρὸς
353 1870 614 1928 Νικαεῖς·
664 1869 937 1918 ἀκούσατε
979 1865 1037 1917 δὲ
1075 1869 1170 1918 καὶ
1205 1863 1279 1936 μὴ
1314 1864 1666 1936 χαλεπήνητε
1703 1863 1970 1935 μηδέπω,
2023 1867 2156 1935 πρὶν
2194 1867 2261 1917 ἀν

174 1950 318 2002 εἴπω
358 1953 458 2013 τὰς
498 1953 698 2014 αἰτίας.
788 1946 915 2003 οὐδὲ
965 1953 1067 2021 γὰρ
1109 1954 1139 2002 ὁ
1176 1958 1357 2003 νοσῶν
1407 1954 1552 2020 πρὸς
1602 1953 1698 2002 τὸν
1739 1953 1931 2020 ἰατρὸν
1984 1947 2263 2019 ὀργίζεται

98 2043 148 2084 20
186 2033 553 2088 διατάττοντα
580 2034 677 2107 τὴν
702 2038 1038 2107 θεραπείαν,
1067 2030 1194 2087 ἀλλ’
1228 2038 1418 2088 ἀκούει
1443 2039 1544 2102 μὲν
1572 2034 1759 2106 ἀηδῶς
1788 2030 1963 2087 αὐτοῦ
1988 2033 2260 2103 λέγοντος,

173 2123 259 2171 ὅτι
309 2113 474 2172 αὐτὸν
520 2123 613 2172 καὶ
660 2123 949 2192 τμηθῆναι
999 2119 1093 2172 δεῖ
1130 2123 1222 2173 καὶ
1278 2122 1589 2191 καυθῆναι,
1642 2122 1916 2172 πείθεται
1968 2118 2026 2170 δὲ
2077 2123 2259 2186 ὅμως·

174 2207 305 2274 περὶ
339 2206 442 2274 γὰρ
473 2208 752 2275 σωτηρίας
781 2208 812 2256 ὁ
834 2204 1087 2267 κίνδυνός
1113 2208 1251 2257 ἐστι.
1318 2207 1506 2256 καίτοι
1543 2207 1601 2256 τί
1630 2212 1795 2255 τοῦτο
1825 2205 2020 2267 εἶπον,·
2055 2207 2118 2255 τό
2157 2206 2260 2275 γὰρ

171 2290 304 2354 ἐμὸν
347 2292 652 2360 φάρμακον,
694 2291 725 2340 ὂ
753 2295 1064 2360 προσφέρω
1091 2295 1217 2352 ταῖς
1244 2288 1497 2354 πόλεσιν,
1536 2284 1770 2360 ἥδιστόν
1797 2292 1921 2341 ε’στι
1951 2292 2261 2360 φαρμάκων

169 2375 261 2424 καὶ
292 2375 463 2443 χωρὶς
503 2373 571 2425 ου
604 2371 696 2445 ζῆν
730 2371 910 2437 οὐδείς
936 2377 1003 2426 ἂν
1030 2373 1355 2446 ἐθελήσειεν
1382 2376 1444 2426 εὖ
1471 2381 1711 2446 φρονῶν.
1892 2373 2170 2442 βούλομαι
2198 2374 2256 2427 δὲ
2298 2377 2330 2428 8

20 2485 29 2520 )
36 2439 141 2506 R25
181 2455 382 2510 διελεῖν
419 2462 515 2512 τὸν
557 2458 719 2528 λόγον
755 2463 849 2512 καὶ
885 2463 948 2512 τὸ
989 2468 1217 2531 πρῶτον
1255 2463 1397 2531 ὑπὲρ
1439 2455 1609 2532 αὐτῆς
1636 2462 1819 2512 εἰπεῖν
1858 2469 1956 2532 τῆς
1995 2462 2262 2527 ὁμονοίας

174 2550 271 2613 τῆς
306 2543 587 2610 καθόλου,
627 2544 894 2598 ποδαπόν
932 2551 994 2598 τέ
1029 2549 1153 2598 ἐστι
1187 2549 1281 2598 καὶ
1318 2549 1485 2598 τίνων
1524 2545 1724 2610 αι’,τιον
1764 2543 1825 2609 εξ
1867 2548 2124 2608 ἐναντίας
2162 2544 2262 2616 τὴν

177 2630 373 2680 στάσιν
410 2632 503 2681 καὶ
538 2627 636 2701 τὴν
674 2632 884 2701 ἔχθραν
925 2630 1211 2702 διακρίνας
1237 2634 1383 2702 πρὸς
1408 2628 1507 2702 τὴν
1536 2630 1759 2703 φιλίαν·
1802 2630 1922 2682 εἶτα
1951 2632 2131 2696 (ἔσται
2156 2633 2260 2702 γὰρ

175 2711 490 2766 ἀκόλουθον
530 2711 630 2785 [τὸ]
668 2724 766 2787 τῆς
805 2719 1071 2783 ὁμονοίας
1098 2716 1546 2787 ἀποδειχθείσης
1573 2715 1861 2788 ὠφελίμου
1889 2721 2010 2778 τοῖς
2038 2718 2262 2786 ἀνθρώ-

176 2813 312 2860 ποις
351 2802 584 2863 ἀπασιν)
624 2801 928 2866 ἀποδεῖξαι
964 2806 1169 2873 ταύτην
1207 2800 1305 2874 τὴν
1347 2798 1615 2869 ὁμόνοιαν
1653 2809 1764 2853 τῶν
1798 2799 2021 2854 πόλεων
2048 2804 2262 2853 τούτων

95 2887 143 2930 30
177 2885 270 2935 καὶ
296 2886 735 2958 ἀναγκαιοτάτην
763 2888 933 2940 οὖσαν
953 2890 1082 2954 ὑμῖν
1101 2891 1194 2940 καὶ
1215 2886 1691 2957 λυσιτελεστάτην.
1743 2881 1840 2938 οὐκ
1861 2888 2263 2956 ἀποστήσομαι

178 2965 236 3018 δὲ
265 2971 446 3022 εἰπεῖν
476 2964 596 3023 οὐδ’
627 2975 785 3035 ὅπως
813 2975 879 3025 ἂν
905 2978 1093 3039 μεῖναι
1118 2978 1381 3043 γενομένη
1413 2972 1665 3024 δύναιτο·
1704 2974 1797 3023 καὶ
1822 2973 1924 3040 γὰρ
1952 2978 2116 3021 τοῦτο
2147 2973 2259 3040 ὁρῶ

322 3178 341 3216 1
376 3169 721 3233 πεισθήσεσθαι
750 3177 788 3220 Τ
904 3180 930 3220 2
959 3171 1048 3235 ὑφ’
1078 3171 1188 3234 ὑμῖν
1218 3178 1254 3220 Β
1350 3181 1375 3221 3
1405 3172 1462 3223 τὸ
1495 3177 1582 3222 fuit
1612 3181 1682 3238 τῷ
1710 3177 1750 3223 U
1837 3182 2103 3225 πεισθεῖναι
2138 3178 2177 3224 U

181 3244 206 3285 6
234 3247 338 3298 post
368 3237 484 3290 αὐτὸ
515 3245 648 3291 unius
676 3246 853 3292 litterae
880 3259 971 3292 ras.
1007 3247 1043 3291 U
1153 3251 1175 3291 7
1207 3254 1310 3301 τοῖς
1339 3247 1511 3302 οἰκίαις
1541 3248 1580 3293 U
1611 3262 1666 3292 m.
1698 3261 1769 3304 pr.
1887 3253 1937 3293 11
1970 3242 2062 3307 ἀφ’
2094 3247 2263 3308 ἑαυτῆς

180 3311 294 3366 libri,
326 3326 439 3358 corr.
470 3314 680 3360 Reiskius
795 3313 1075 3376 πιστεύσητε
1105 3330 1192 3362 om.
1226 3316 1306 3362 UT
1427 3321 1476 3363 12
1508 3314 1620 3374 τοὺς
1649 3316 1939 3379 ἀνθρώπους
1958 3344 2013 3351 -
2038 3315 2264 3375 ὁμονοεῖν

180 3394 265 3426 om.
298 3383 346 3426 M
463 3379 738 3442 ὃμοφωνεῖν
766 3387 906 3432 altero
935 3388 1036 3433 loco
1066 3387 1107 3434 U
1229 3393 1279 3432 14
1311 3391 1401 3435 τινὶ
1431 3403 1514 3446 pro
1544 3386 1630 3448 τὴν
1658 3390 1708 3434 Μ
1798 3394 1848 3434 15
1881 3393 1950 3452 τῷ
1978 3404 2061 3447 pro
2094 3387 2151 3436 τὸ
2184 3389 2263 3435 BU

179 3466 232 3497 m.
264 3467 331 3510 pr.
445 3458 526 3500 καὶ
554 3452 615 3514 μὴ
647 3455 727 3500 UT
853 3461 903 3502 16
935 3451 1216 3518 ἀρχομένων
1246 3459 1284 3502 Β
1315 3456 1559 3522 ἐρχομένῳ
1588 3460 1668 3505 UT
1761 3466 1808 3505 17
1842 3463 2097 3518 νικομιδεῖς
2127 3461 2178 3504 Μ

184 3527 232 3568 18
263 3522 529 3572 τάκούσατε
559 3530 660 3579 (om.
693 3527 755 3582 δὲ)
787 3527 836 3571 Μ
981 3532 1033 3572 23
1065 3525 1336 3589 φαρμάκων
1367 3531 1635 3578 Herwerden
1664 3532 1796 3586 (idem
1825 3532 1923 3589 ipse
1954 3531 2263 3586 conieceram)‚

179 3593 437 3656 φάρμακον
465 3597 569 3642 libri
684 3601 738 3642 24
770 3594 825 3645 οὐ
854 3599 903 3643 Μ
936 3591 990 3646 οὗ
1023 3593 1078 3646 οὗ
1107 3599 1188 3645 UT
1303 3604 1357 3645 26
1387 3598 1613 3649 ποταπὸν
1641 3603 1680 3647 Τ
1797 3600 1891 3650 εἴτε
1922 3604 1969 3647 Μ
2076 3606 2127 3647 27
2161 3598 2263 3649 εἶτα

180 3667 268 3711 huc
295 3669 577 3725 transposui,
608 3670 740 3726 vulgo
781 3675 885 3727 post
915 3667 1069 3716 αἴτιον
1097 3670 1127 3716 1.
1160 3674 1213 3715 26
1243 3672 1404 3727 legitur
1568 3677 1620 3719 28
1653 3670 1709 3721 τὸ
1743 3674 1979 3720 delendum
2009 3678 2089 3719 aut
2118 3677 2265 3721 τοῦτο

179 3737 461 3782 scribendum
607 3743 655 3784 31
691 3740 840 3787 εἰπεῖν
870 3754 954 3785 om.
987 3740 1067 3786 UT
1210 3735 1315 3788 οὐδ>
1346 3742 1396 3789 εἴ
1417 3760 1519 3798 πως
1547 3745 1661 3800 libri,
1695 3758 1809 3790 corr.
1841 3745 2080 3803 Emperius
