2684 4140
460 295 526 343 52
823 281 1025 330 DIONIS
1055 279 1138 324 DE
1168 272 1515 323 CONCORDIA
1546 269 1672 316 CUM
1701 268 2131 314 APAMENSIBVS

452 445 611 502 myos,
647 429 738 479 καὶ
773 430 998 491 πρᾶγμα
1039 419 1330 470 συνθεῖναι
1367 417 1430 466 τὸ
1467 412 1708 481 βλάψον.
1787 411 1914 464 οὐδὲ
1953 413 2055 482 γάρ
2096 414 2313 481 νόσημα
2355 403 2514 465 οὐδὲν

449 518 622 573 οὕτως
657 508 1000 575 ἀναίσθητον
1037 506 1157 563 τοῖς
1193 501 1413 565 ἔχουσιν
1451 500 1528 560 ὡς
1564 496 1850 568 μηδέποτε
1888 495 2113 564 βλάψαι
2149 494 2290 566 μηδὲ
2337 498 2514 562 ἐμπο-

446 597 555 649 δών
589 593 854 662 γενέσθαι
887 585 1158 657 μηδεμιᾶς
1195 581 1481 653 πράξεως,
1534 580 1675 632 ἀλλὰ
1712 583 1813 633 κᾶν
1863 583 2189 652 ἐγρηγορότι
2224 581 2319 631 καὶ
2354 579 2513 647 βαδί-

444 678 591 744 ζοντι
624 679 696 746 μὴ
729 671 946 744 σφόδρα
973 667 1168 738 ἐνοχλῇ
1205 670 1303 738 τὴν
1343 669 1500 732 ἰσχὺν
1537 673 1641 718 τοῦ
1677 669 1954 733 σώματος,
1996 666 2077 729 εἴς
2101 684 2161 735 γε
2188 667 2286 736 τὴν
2322 667 2514 736 κοίτην

358 767 424 818 22
444 764 723 831 ἀπήντησε
775 758 867 807 καὶ
914 751 1132 821 διασπᾷ
1175 753 1268 803 καὶ
1313 749 1646 822 διαφθείρει
1692 753 1788 802 τὸν
1835 753 2028 803 ὕπνον.
2113 753 2290 813 οὕτως
2338 752 2511 819 ἔγωγέ
2545 775 2570 815 5

440 862 583 917 φημι
617 840 899 913 μηδέποτε
938 834 1241 889 λυσιτελεῖν
1279 834 1723 901 ἀπεχθάνεσθαι
1765 838 1858 888 καὶ
1907 834 2217 907 φιλονικεῖν
2264 833 2404 906 μηδὲ
2443 843 2684 906 ‘1:2707033

434 930 660 997 μεγίστῃ
710 923 874 976 πόλει
929 924 1072 991 πρὸς
1117 923 1215 992 τήν
1263 921 1611 991 βραχυτάτην
1659 922 1877 992 κώμην·
1936 924 2070 973 ὅταν
2133 919 2191 972 δὲ
2242 919 2305 991 δὴ
2368 922 2512 990 πρὸς

435 1015 775 1082 ἀνθρώπους
798 994 834 1079 ᾗ
862 1005 1028 1058 πόλιν
1057 1007 1345 1068 οἰκοῦντας
1369 1002 1496 1074 <οὐ>
1524 1007 1760 1076 σμικρὰν
1784 1008 1878 1058 καὶ
1904 1004 2199 1058 πολιτείαν
2225 1003 2511 1074 ἐξαίρετον

434 1100 657 1164 ἔχοντας
691 1095 783 1146 καὶ
819 1092 974 1161 παρὰ
999 1095 1120 1153 τοῖς
1144 1093 1381 1162 ἡγεμόσι
1407 1094 1573 1163 τιμήν
1601 1110 1726 1144 τινα
1752 1094 1846 1144 καὶ
1873 1091 2123 1159 δύναμιν,
2162 1092 2260 1143 ἐὰν
2289 1105 2513 1162 σωφρο-

433 1190 570 1236 νῶσι
607 1179 718 1247 (δεῖ
745 1179 846 1247 γὰρ
884 1179 1023 1242 ὑμᾶς
1060 1177 1282 1228 ἀκούειν
1318 1174 1541 1247 τάληθῆ
1579 1179 1673 1230 καὶ
1718 1179 1791 1249 μὴ
1838 1175 2103 1243 χαλεπῶς
2143 1181 2362 1248 φέρειν,
2411 1178 2508 1227 ἐάν
2548 1183 2593 1226 10

432 1287 518 1330 τις
556 1270 773 1335 ἐτέρους
814 1265 1020 1331 ἐπαινῇ
1054 1258 1394 1328 βουλόμενος
1429 1263 1568 1328 ὑμᾶς
1605 1261 1872 1334 ὠφελεῖν)7
1901 1264 1965 1313 τὸ
2004 1260 2063 1313 δὲ
2090 1267 2355 1330 μέγιστον
2382 1262 2513 1328 ὁμό-

434 1370 563 1422 ρους
597 1352 688 1402 καὶ
725 1347 1118 1414 ἀστυγείτονας
1153 1348 1246 1397 καὶ
1291 1349 1465 1412 μόνον
1518 1348 1638 1412 οὐχὶ
1683 1341 1826 1398 καθ’
1880 1350 2116 1418 ἑκάστην
2164 1349 2263 1418 την
2300 1350 2511 1417 ἡμέραν

432 1440 559 1504 ὑμῖν
595 1435 1079 1501 ἐπιμιγνυμένους,
1130 1437 1295 1482 τοῦτο
1333 1434 1434 1497 μὲν
1472 1437 1593 1495 τοῖς
1644 1430 1939 1495 πλείστοις
1988 1434 2297 1501 ἐπιγαμίας
2333 1433 2512 1500 ὑπαρ-

426 1525 653 1591 χούσης,
701 1524 863 1569 τοῦτο
914 1514 972 1567 δὲ
1022 1513 1272 1567 πολιτῶν
1311 1534 1505 1581 τινων,
1556 1519 1650 1569 καὶ
1701 1516 1897 1583 σχεδὸν
1947 1525 2058 1570 τῶν
2107 1516 2511 1570 δυνατωτάτων

430 1597 566 1676 παρ’
607 1608 753 1676 ἡμῖν,
791 1610 888 1674 τῆς
914 1592 1051 1671 παρ>
1095 1602 1329 1663 ἐκείνοις
1366 1609 1531 1672 τιμῆς
1557 1606 1959 1672 τετυχηκότων·
2000 1609 2125 1665 πῶς
2157 1604 2259 1674 χρὴ
2301 1603 2506 1671 ταύτην
2546 1611 2592 1653 15

345 1695 411 1747 23
432 1690 644 1742 ἄλυπον
680 1690 772 1740 καὶ
808 1685 1021 1757 ἀβλαβῆ
1049 1682 1147 1756 τὴν
1173 1687 1385 1756 ἔχθραν
1411 1684 1834 1755 ὑπολαμβάνειν
1846 1707 1866 1750 ;
1901 1690 1995 1739 καὶ
2030 1686 2226 1758 μηδεὶς
2251 1685 2509 1755 ὑπολάβῃ

426 1794 493 1843 με
532 1774 704 1843 λέγειν
745 1775 821 1835 ὡς
857 1774 965 1842 ἄρα
999 1773 1100 1842 χρὴ
1142 1769 1346 1833 τελέως
1383 1773 1699 1824 ὑποπεσεῖν
1735 1775 1830 1824 καὶ
1854 1771 2029 1840 μηδὲν
2055 1774 2280 1824 ἐκείνων
2308 1788 2511 1841 προαι-

429 1865 706 1931 ρουμένων
754 1856 969 1909 δίκαιον
1015 1853 1156 1926 μηδὲ
1196 1858 1443 1918 ἐπιεικὲς
1484 1857 1686 1919 αὐτοὺς
1726 1854 1964 1909 δεῖσθαι
1999 1859 2093 1909 καὶ
2131 1854 2508 1926 παρακαλεῖν·

429 1948 767 2015 αἱρουμένων
806 1941 864 1994 δὲ
912 1943 1090 1993 αὐτῶν
1133 1943 1226 1993 καὶ
1273 1942 1765 2009 προθυμουμένων
1812 1939 1945 2012 <τά>
1996 1944 2078 2004 εἰς
2120 1939 2315 2012 φιλίαν
2355 1945 2499 1992 έτοι-
2523 1952 2680 1994 (49311)

426 2034 692 2099 μοτέρους
730 2029 871 2098 πρὸς
908 2033 1070 2078 τοῦτο
1118 2027 1433 2098 φαίνεσθαι
1481 2029 1575 2078 καὶ
1624 2030 1723 2099 τὴν
1776 2026 2096 2099 φιλονικίαν
2150 2031 2249 2100 τὴν
2297 2030 2357 2079 ἐκ
2405 2034 2504 2098 τῆς
2541 2035 2590 2076 20

430 2114 706 2186 διαφορᾶς
743 2115 840 2164 ἐπὶ
875 2119 1037 2163 τοῦτο
1076 2117 1417 2180 μετενεγκεῖν
1455 2110 1602 2163 πολὺ
1641 2110 1887 2177 κάλλιον,
1927 2116 2086 2175 ὅπως
2113 2114 2272 2164 αὐτοὶ
2311 2114 2508 2180 εὐγνω-

428 2204 751 2268 μονέστεροι
791 2199 1163 2268 φανησόμεθα
1200 2199 1292 2249 καὶ
1316 2195 1529 2264 μᾶλλον
1554 2204 2042 2269 καταφρονοῦντες
2074 2200 2375 2269 χρημάτων
2412 2199 2506 2248 καὶ

347 2286 413 2336 24
433 2291 533 2335 τοῦ
567 2281 839 2344 πλείονος.
915 2284 976 2333 οὐ
1014 2284 1114 2351 γὰρ
1156 2284 1332 2345 οὕτως
1371 2285 1600 2353 αἰσχρόν
1639 2285 1762 2335 ἐστι
1801 2281 2112 2334 λείπεσθαι
2149 2287 2271 2344 τοῖς
2310 2280 2404 2333 διὰ
2443 2284 2506 2332 τὸ
2533 2292 2659 2333 (171176

427 2374 592 2436 μῖσος
630 2370 810 2437 ἔργοις
844 2370 936 2419 καὶ
960 2371 1019 2439 νὴ
1049 2369 1162 2419 Δία
1189 2373 1310 2430 τοῖς
1337 2371 1482 2439 πρὸς
1508 2369 1719 2439 ἔχθραν
1760 2371 1836 2431 ὡς
1866 2372 1987 2430 τοῖς
2016 2369 2132 2419 ἀπὸ
2160 2375 2258 2439 τῆς
2283 2370 2505 2437 μετριό-

428 2471 591 2524 τητος
625 2455 717 2505 καὶ
753 2460 848 2523 τῆς
887 2450 1342 2523 φιλανθρωπίας.
1420 2455 1450 2504 ὁ
1494 2456 1595 2520 μὲν
1643 2455 1746 2524 γὰρ
1797 2456 1854 2505 ἐν
1905 2455 2139 2515 ἐκείνοις
2185 2455 2503 2524 ἡττώμενος
2540 2459 2587 2501 25

427 2537 726 2590 κινδυνεύει
776 2536 962 2605 λαβεῖν
1012 2536 1177 2602 δόξαν
1228 2540 1557 2604 ἀσθενείας,
1609 2542 1640 2590 ὁ
1690 2533 1746 2591 δ’
1798 2541 1857 2590 ἐν
1894 2542 2119 2600 τούτοις
2171 2541 2503 2609 σκαιότητος

427 2625 519 2675 καὶ
558 2621 884 2693 φιλονικίας.
947 2626 1057 2690 ὅσῳ
1100 2622 1161 2694 δὴ
1202 2628 1453 2694 κρεῖττον
1492 2625 1709 2695 ἀσθενῆ
1740 2622 1903 2688 δόξαι
1927 2621 2137 2690 μᾶλλον
2174 2625 2500 2694 ἢπονηρόν,

429 2711 673 2776 τοσούτῳ
725 2706 941 2774 βέλτιον
991 2709 1255 2777 ὑστέρους
1308 2708 1455 2760 εἶναι
1501 2713 1850 2775 μαχομένους
1895 2711 1926 2780 ἢ
1980 2706 2500 2774 διαλλαττομένους.

345 2793 411 2843 25
432 2794 656 2854 εἰκότως
695 2786 747 2843 δ’
790 2794 856 2843 ἄν
892 2809 991 2859 μοι
1028 2797 1359 2862 προσέχοιτε
1398 2796 1494 2844 τὸν
1532 2801 1660 2845 νοῦν
1697 2792 1910 2860 μᾶλλον
1949 2798 2152 2864 ἑτέρων
2201 2795 2363 2858 τυχὸν
2401 2795 2502 2858 μὲν

425 2879 517 2929 καὶ
553 2875 748 2941 ἄλλως,
787 2879 870 2928 ἔτι
909 2876 967 2929 δὲ
1003 2880 1219 2930 κάκεῖνο
1261 2885 1599 2941 σκοποῦντες
1637 2881 1725 2930 ὅτι
1749 2877 1922 2949 μηδὲν
1949 2876 2070 2947 ἰδίᾳ
2094 2895 2195 2944 μοι
2222 2876 2499 2947 διαφέρει,
2537 2885 2587 2926 30

427 2960 563 3031 μηδὲ
604 2960 824 3032 ὄχλησίν
861 2981 984 3014 τινα
1013 2965 1240 3035 ὀκνῶνῆ
1273 2962 1531 3035 δαπάνην
1558 2966 1805 3031 ἐμαυτοῦ
1842 2961 1935 3015 διὰ
1974 2969 2139 3014 τοῦτο
2180 2961 2366 3029 ἀμελῶ
2404 2969 2507 3013 τοῦ

431 3051 743 3116 πρέποντος
778 3051 921 3114 ὑμῖν.
1005 3053 1092 3101 ὅτι
1138 3052 1239 3119 γάρ
1278 3067 1347 3116 με
1388 3051 1483 3101 οὐκ
1520 3048 1845 3120 ἐνοχλήσετε
1881 3051 1954 3120 μὴ
1995 3046 2334 3115 βουλόμενον
2375 3046 2500 3099 οὐδὲ

571 3242 590 3281 1
624 3243 846 3297 συνθῆναι
875 3241 911 3284 Β
1035 3246 1059 3286 3
1088 3239 1180 3289 κᾶν
1208 3257 1290 3300 pro
1319 3248 1399 3291 καὶ
1429 3246 1467 3289 Τ
1611 3250 1638 3289 4
1668 3259 1708 3290 v.
1739 3243 1825 3304 τὴν
1855 3243 1991 3303 ἰσχὺν
2020 3246 2107 3290 τοῦ
2137 3240 2361 3301 σώματος
2391 3243 2502 3287 mihi

430 3309 639 3363 suspecta
750 3308 815 3363 εἴς
843 3326 894 3356 τε
921 3311 971 3355 Μ
1083 3316 1109 3357 6
1138 3314 1250 3372 μηδὲ
1280 3309 1643 3374 ἀπεχθάνεσθαι
1672 3315 1795 3362 UBT
1902 3318 2190 3374 φιλονεικεῖν
2219 3314 2298 3359 ΒΤ
2415 3318 2440 3360 8
2473 3307 2502 3373 ᾖ

431 3377 570 3423 πόλιν
599 3378 636 3422 Β
664 3374 693 3436 ἢ
721 3380 860 3425 πόλιν
886 3381 1015 3426 MUT
1102 3378 1157 3430 οὐ
1186 3384 1287 3429 add.
1320 3385 1514 3431 casaub.
1602 3386 1781 3445 μικρὰν
1809 3385 1892 3432 UT
1985 3391 2030 3430 11
2065 3384 2277 3432 ἐπαινεῖν
2305 3384 2430 3430 UBT

432 3441 591 3505 ὠφελῇ
617 3448 736 3493 UBT
852 3454 903 3494 14
931 3455 1104 3498 κοινῶν
1133 3457 1231 3511 (pro
1262 3460 1419 3512 τινων)
1450 3457 1499 3500 Μ
1616 3462 1669 3502 15
1698 3453 1809 3514 ὑμῖν
1842 3457 1889 3500 Μ
1986 3460 2034 3500 17
2067 3457 2261 3509 τελείως
2289 3453 2412 3499 UBT

437 3519 485 3560 19
515 3512 572 3563 τὰ
604 3517 752 3562 addidi
891 3523 944 3564 20
975 3523 1233 3580 φαίνεσθαι
1261 3526 1349 3570 ΒΜ
1378 3527 1613 3586 φέρεσθαι
1641 3527 1684 3574 U
1713 3531 1753 3582 (ε
1782 3527 1906 3585 prius
1937 3539 1965 3571 a
1995 3531 2134 3579 corr.)
2276 3529 2324 3569 21
2361 3518 2498 3571 αὐτοὶ

430 3586 574 3642 Emp.,
606 3581 766 3641 αὐτοῖς
793 3588 895 3633 libri
1035 3595 1087 3635 22
1117 3596 1441 3653 φανησιόμεθα
1470 3598 1552 3644 UB
1699 3601 1754 3643 24
1782 3602 1865 3657 τῆς
1894 3612 1980 3644 om.
2011 3596 2133 3643 UBT
2277 3598 2330 3639 25
2361 3590 2499 3653 ἧττό-

429 3671 571 3711 μενος
598 3656 649 3700 Μ
761 3662 813 3702 26
845 3659 1098 3719 σκεότητος
1128 3664 1175 3707 Μ
1289 3670 1342 3711 29
1373 3667 1637 3728 προσέχητε
1666 3668 1786 3726 libri,
1818 3681 1936 3714 corr.
1967 3667 2100 3725 Emp.
2185 3668 2342 3724 μᾶλον
2373 3665 2411 3709 Τ

430 3730 484 3770 30
516 3723 631 3773 ἄλλο
664 3726 743 3773 UT
855 3727 1048 3778 κάκεῖνο
1068 3749 1104 3777 t:
1136 3735 1177 3779 U
1293 3740 1342 3781 31
1379 3733 1598 3797 ὀχλήσειν
1628 3739 1678 3784 Μ
