2684 4140
341 265 443 312 150
1043 247 1279 302 [DIONIS]
1310 247 1392 290 DE
1422 245 1458 288 F
1465 244 1714 290 ORTUNA

338 408 507 467 ὄνομα
544 401 636 449 καὶ
671 400 937 461 ποιμένες
975 393 1169 452 Πανὸς
1206 392 1299 441 καὶ
1336 396 1533 440 ναῦται
1573 391 1912 451 Λευκοθέας
1959 393 2053 442 καὶ
2095 392 2425 461 κυβερνῆται

333 485 674 551 Διοσκόρων.

584 567 708 633 ῥεῖα
749 556 803 613 δ’
848 556 1109 630 ἀρίζηλον
1146 559 1380 625 μινύθει
1417 560 1510 609 καὶ
1547 556 1756 628 ἄδηλον
1797 558 1974 624 ἀέξει,

584 651 708 717 ῥεῖα
750 645 812 697 δέ
847 639 899 696 τ’
949 646 1139 695 ἰθύνει
1179 641 1401 695 σκολιὸν
1437 645 1532 694 καὶ
1570 645 1813 714 ἀγήνορα
1850 647 2072 715 κάρφει.

266 742 298 792 9
336 740 498 785 τοῦτο
538 734 646 801 ἄρα
694 729 759 800 ἧν
809 732 839 780 ό
876 732 1043 793 Ζεύς,
1095 727 1143 800 [ἠ
1185 723 1337 799 τύχη]
1384 732 1629 794 κατέχων
1676 731 1777 795 μὲν
1827 732 1926 781 ἐπὶ
1973 738 2071 801 τῆς
2122 728 2309 794 δεξιᾶς
2356 733 2419 781 τὸ
2459 727 2632 813 5θῇᾖῦ
2669 763 2673 805 ,-

331 817 532 881 ὅπλον,
582 818 680 867 ἐπὶ
729 814 787 866 δὲ
836 822 934 886 τῆς
983 815 1283 884 ἀριστερᾶς
1320 816 1383 864 τὸ
1427 821 1735 884 σκῆπτρον,
1788 816 1876 865 ότι
1925 820 2046 877 τοῖς
2097 813 2427 881 πολεμικοῖς
2668 831 2673 890 1

334 909 443 954 τῶν
474 903 808 970 ,ἀνθρώπων
843 901 937 951 καὶ
973 897 1270 966 βασιλείαν
1312 897 1561 950 δίδωσιν.
2671 900 2673 905 ’

473 986 594 1038 εἶτα
644 983 957 1056 Εὐριπίδης
1006 987 1103 1036 τόν
1153 987 1358 1055 ναύτην
1406 989 1694 1056 μέμφεται
1742 986 1907 1052 ,ἀωρὶ
1963 988 2174 1036 πόντου
2222 979 2423 1051 κύματ’

332 1074 520 1142 εὐρέος
559 1078 818 1142 περῶντα
835 1069 862 1094 “’
899 1073 993 1137 καὶ
1045 1069 1138 1121 διὰ
1187 1077 1298 1122 τῶν
1337 1068 1464 1142 ἑξῆς
1512 1069 1752 1139 ἐπιτιμᾷ
1804 1068 1976 1138 λέγων
2023 1073 2112 1122 ὅτι
2147 1075 2430 1140 ,σμικραῖς

254 1168 316 1221 1'0
335 1160 742 1227 ἐπιτρέπουσιν
781 1158 984 1218 αὐτούς
1020 1153 1280 1207 ἐλπίσιν.’
1355 1155 1398 1206 ὦ
1441 1160 1558 1207 παῖ
1586 1153 2010 1226 Μνησαρχίδου,
2051 1158 2292 1226 ποιητὴς
2327 1158 2428 1222 μὲν
2466 1165 2513 1206 10

332 1240 507 1313 ἦσθα,
550 1245 730 1313 σοφὸς
770 1240 828 1313 δὲ
858 1240 1132 1308 οὐδαμῶς.
1206 1242 1332 1293 οὔτε
1357 1238 1520 1311 (γὰρ)
1546 1243 1715 1311 πίττῃ
1755 1243 1853 1312 τὴν
1892 1243 2075 1312 ψυχὴν
2116 1241 2241 1292 οὔτε
2283 1254 2431 1307 σχοι-

333 1330 477 1390 νίοις
513 1330 921 1398 ἐπιτρέπουσιν
961 1328 1088 1378 οὔτε
1126 1325 1490 1396 τριδάκτυλον
1530 1328 1732 1389 αὐτούς
1766 1323 1933 1395 σῴζει
1961 1325 2123 1390 ξύλον
2151 1329 2430 1389 πεύκινον,

335 1405 461 1462 ἀλλ’
504 1414 827 1481 ἐπέτρεψαν
864 1413 1073 1479 βεβαίῳ
1114 1414 1208 1463 καὶ
1244 1410 1464 1480 μεγάλῳ
1520 1415 1812 1482 πράγματι
1851 1420 1919 1483 τῇ
1958 1415 2107 1482 τύχῃ.
2190 1413 2433 1474 ἀσθενὲς

333 1499 435 1563 μὲν
473 1495 744 1560 πλοῦτος,
794 1498 861 1549 ἂν
899 1500 1030 1567 τύχη
1071 1500 1144 1568 μὴ
1187 1505 1366 1567 παρῇ,
1419 1499 1688 1565 ἀβέβαιον
1730 1496 1788 1549 δὲ
1832 1496 2021 1569 φιλία,
2074 1500 2146 1568 μὴ
2193 1495 2431 1563 συλλαμ-

333 1584 614 1651 βανούσης
651 1584 830 1650 τύχης.
897 1584 1032 1651 αὕτη
1067 1579 1233 1650 σῴζει
1268 1584 1363 1633 καὶ
1399 1585 1495 1633 τόν
1534 1590 1806 1634 νοσοῦντα
1834 1585 1891 1634 ἐν
1918 1582 1996 1651 τῴ
2028 1581 2178 1633 τέλει
2203 1585 2296 1635 καὶ
2334 1585 2429 1633 τὸν
2471 1592 2513 1631 15

335 1670 636 1736 νηχόμενον
684 1669 741 1716 ἐν
795 1674 864 1736 τῇ
908 1665 1178 1736 θαλάσσῃ
1226 1669 1321 1718 καὶ
1367 1669 1463 1718 τὸν
1506 1661 1889 1735 Ἀγαμέμνονα
1938 1670 2038 1719 ἐπὶ
2080 1674 2190 1719 τῶν
2236 1666 2433 1732 χιλίων
2665 1671 2673 1730 l

254 1759 312 1808 11
338 1744 475 1802 νεῶν
512 1753 605 1802 καὶ
642 1753 738 1802 τὸν
770 1745 1042 1802 Ὀδυσσέα
1081 1754 1180 1803 ἐπὶ
1217 1759 1315 1823 τῆς
1367 1750 1591 1817 σχεδίας
1641 1756 1966 1823 φερόμενον.
2052 1754 2110 1802 τί
2160 1750 2432 1815 δέδοικας,
2670 1750 2672 1757 ’

333 1837 376 1887 ὦ
419 1834 595 1898 δειλέ,-
636 1838 698 1886 τὸ
737 1844 912 1907 μῆκος
951 1844 1049 1907 τῆς
1076 1835 1369 1907 θαλάττης
1397 1838 1580 1907 φοβῇ,
1619 1839 1827 1905 ὄψεται
1851 1841 1952 1903 μέν
1985 1852 2046 1888 σε
2075 1839 2106 1886 ό
2130 1835 2428 1888 Ποσειδῶν
2452 1847 2531 1890 (595
2553 1847 2605 1890 Μ)
2670 1824 2672 1828 ‚

330 1924 423 1973 καὶ
461 1919 844 1991 παρακαλέσει
881 1924 1012 1984 τοὺς
1052 1923 1290 1989 ἀνέμους
1315 1925 1408 1973 καὶ
1435 1925 1533 1993 τὴν
1564 1924 1821 1990 τρίαιναν
1851 1920 2096 1990 λήψεται
2120 1924 2215 1972 καὶ
2241 1925 2433 1984 πάσας

333 2008 609 2077 ὀροθυνεῖ
638 2007 739 2068 τὰς
777 2004 996 2070 ἀέλλας,
1038 2008 1134 2057 οὐκ
1160 2009 1468 2058 ἀποκτενεῖ
1487 2005 1545 2058 δὲ
1577 2012 1665 2058 σέ.
1707 2012 1738 2078 ἡ
1768 2010 1899 2077 τύχη
1927 2008 2030 2075 γὰρ
2061 2008 2123 2058 οὐ
2150 2005 2429 2074 βούλεται.
2470 2015 2519 2055 20

549 2093 726 2152 οὕτως
763 2098 857 2142 νῦν
893 2093 1032 2142 κακὰ
1076 2090 1260 2142 πολλοὶ
1302 2093 1515 2143 παθὼν
1555 2091 1706 2143 ἀλόω
1744 2094 1884 2144 κατὰ
1924 2096 2161 2156 πόντον,

548 2179 763 2229 εἰσόκεν
801 2178 1170 2244 ἀνθρώποισι
1211 2175 1607 2248 διοτρεφέεσσι
1643 2179 1878 2248 μιγείης.

255 2268 319 2320 12
339 2264 485 2314 θεοῦ
522 2260 683 2330 λόγος
729 2264 841 2313 ὑπὸ
892 2265 1058 2333 τύχης
1107 2267 1476 2333 νενικημένου.
1562 2265 1698 2333 αὕτη
1753 2265 1847 2314 καὶ
1894 2265 1956 2312 τὸ
1997 2269 2107 2313 τῶν
2154 2264 2434 2332 ὑμετέρων
2453 2269 2646 2313 (332311)

340 2351 632 2417 προγόνων
673 2342 776 2417 [ἦν]
817 2349 1048 2417 ἀρχαῖον
1086 2353 1261 2416 γένος,
1301 2355 1411 2399 τῶν
1453 2349 1816 2413 αὐτοχθόνων
1853 2349 1947 2398 καὶ
1985 2349 2226 2415 πρώτων
2259 2341 2432 2416 Ἀθη-

337 2435 536 2497 ναίων,
586 2437 797 2503 μητέρα
836 2436 936 2499 μὲν
985 2436 1082 2505 τὴν
1121 2441 1219 2504 γῆν
1259 2435 1590 2498 αὐχοῦντας,
1641 2435 1855 2503 τροφὸν
1906 2430 1964 2483 δὲ
2005 2434 2103 2502 τὴν
2141 2433 2432 2502 Δήμητρα,
2471 2439 2519 2478 25

339 2521 636 2584 ἐπώνυμον
676 2517 734 2569 δὲ
772 2521 866 2570 καὶ
906 2521 1193 2584 σύμμαχον
1221 2521 1318 2590 την
1342 2513 1606 2589 Ἀθηνᾶν,
1646 2520 1837 2584 τὸμὲν
1875 2511 2017 2586 [γάρ]
2059 2523 2286 2582 πρῶτον
2323 2523 2433 2568 τῶν

334 2596 595 2672 Ἀθηνῶν
633 2606 714 2666 εἰς
752 2605 995 2671 Εὔβοιαν
1035 2602 1323 2675 ἐξήγαγεν·
1375 2607 1451 2666 ὡς
1491 2598 1544 2655 δ’
1588 2606 1710 2655 ἐκεῖ
1747 2606 2018 2669 μένοντας
2068 2603 2270 2663 αὐτούς
2310 2602 2434 2652 οὐτε

481 2773 504 2814 3
529 2769 595 2814 Cf.
618 2770 725 2814 Hes.
749 2783 820 2826 op.
844 2774 887 2812 et
909 2769 1001 2814 dies
1022 2784 1062 2817 v.
1084 2774 1109 2814 6
1123 2783 1189 2827 sq.
1280 2768 1471 2829 αἶ’δηλον
1492 2769 1541 2812 Μ
1627 2765 1727 2823 ἄξει
1748 2769 1797 2812 Μ
1814 2763 1903 2822 ἔξει
1925 2767 1961 2811 Ρ
1984 2772 2107 2823 (mrg.
2133 2761 2272 2822 ἀέξει)
2362 2772 2386 2811 5
2408 2762 2434 2822 ἦ

338 2866 452 2927 τύχη
482 2868 648 2913 seclusi
744 2872 768 2912 8
799 2843 1064 2928 τὸνναῡτην
1093 2869 1215 2924 (sici)
1245 2869 1280 2913 P
1371 2873 1395 2912 9
1426 2862 1601 2928 εὐρέως
1633 2867 1740 2912 UM.
1774 2867 1884 2911 Eur.
1914 2866 2042 2922 frgm.
2075 2869 2157 2910 913
2189 2866 2352 2910 Nauck

338 2938 530 2997 ἐπίτιμα
562 2940 607 2982 Μ
725 2956 755 2987 σ
784 2941 830 2985 in
862 2949 1083 3000 σμικραῖς
1112 2954 1141 2986 a
1172 2953 1287 2986 corr.
1318 2940 1354 2984 P
1473 2945 1524 2984 10
1558 2933 1731 2993 αὐτοὺς
1762 2938 1799 2982 U
1831 2951 1891 2981 m.
1924 2951 1992 2994 pr.
2025 2937 2111 2981 MP
2226 2951 2435 2995 μνησαρ-

338 3008 542 3069 χιδάμου
571 3011 651 3055 ΡΗ
823 3012 911 3069 μὲν
940 3012 1244 3067 Valckenaar‚
1276 3008 1433 3069 μόνον
1461 3011 1565 3056 libri
1593 3010 1697 3067 (μὲν
1725 3002 1882 3067 μόνον
1912 3010 1966 3064 Β)
2126 3011 2170 3051 11
2207 3002 2314 3053 οὐδὲ
2342 3005 2437 3066 γὰρ

339 3083 481 3139 πίττῃ
512 3082 591 3126 UB
622 3077 723 3129 οὐδ’
751 3081 1023 3141 ἐπιστήμων
1052 3084 1102 3128 Μ
1133 3076 1243 3130 οὐδ’
1273 3081 1442 3141 ἐπίστη
1471 3082 1565 3134 ΡΗ,
1599 3094 1714 3126 corr.
1747 3081 1878 3137 Emp.
2006 3074 2071 3133 ὡς
2102 3075 2212 3125 οὔτε
2242 3077 2323 3121 PH

343 3156 395 3196 12
426 3148 597 3206 αὐτοὺς
626 3167 711 3198 om.
744 3154 823 3198 PH
970 3159 1021 3199 14
1051 3155 1140 3212 μὲν
1168 3152 1263 3214 γὰρ
1294 3154 1373 3198 UB
1521 3158 1572 3197 15
1604 3148 1660 3198 τὸ
1694 3155 1932 3198 νοσοῦντα
1964 3150 2000 3194 Ρ
2133 3147 2186 3195 ἐν
2215 3154 2286 3207 τῷ
2315 3149 2438 3206 λέχει

343 3223 537 3267 Casaub.
687 3220 743 3270 τὸ
776 3223 1044 3284 νηχόμενον
1075 3227 1109 3270 Ρ
1287 3230 1337 3270 16
1377 3221 1594 3282 θαλάττῃ
1625 3223 1705 3268 UB
1893 3225 1942 3266 18
1973 3216 2214 3279 θαλάττης
2241 3220 2324 3265 UB

344 3296 397 3337 20
422 3288 647 3351 ὀροθύνει
666 3294 746 3339 BU
767 3308 825 3340 m.
848 3310 916 3353 pr.
1091 3316 1166 3356 γρ.
1188 3297 1390 3350 θυέλλας
1411 3310 1518 3353 mrg.
1541 3295 1583 3339 H
1756 3287 2027 3340 ἀποκτείνει
2048 3291 2126 3336 BU
2147 3304 2207 3335 m.
2227 3303 2296 3346 pr.

345 3366 394 3406 21
421 3363 486 3408 cf.
508 3363 638 3409 Hom.
661 3364 741 3411 Od.
763 3366 804 3410 V
825 3369 903 3410 377
924 3381 989 3423 sq.
1078 3364 1233 3416 πολλὰ
1255 3367 1381 3415 κακά
1405 3367 1577 3412 ΒΜΡΗ
1664 3358 1827 3411 τάλόω
1851 3363 1898 3405 Μ
1918 3358 2066 3415 ἀλῶις
2085 3360 2125 3405 U
2147 3374 2206 3405 m·
2227 3373 2293 3417 Ps-
2315 3360 2352 3404 B

346 3436 400 3477 22
429 3436 584 3493 μιγείη
613 3434 662 3476 Μ
834 3439 886 3480 23
917 3435 1064 3496 λόγος
1093 3439 1143 3483 Μ
1175 3435 1201 3485 ὃ
1234 3439 1283 3484 δέ
1313 3435 1460 3498 λόγος
1490 3438 1569 3483 UB
1604 3431 1629 3483 ὃ
1662 3433 1810 3494 λόγος
1841 3434 1921 3479 PH
2065 3428 2221 3489 αὖτῆι·
2253 3427 2440 3476 τούτων

343 3507 425 3550 καὶ
454 3506 553 3550 τῶν
582 3504 662 3549 UB
694 3498 809 3565 αὕτη
839 3506 1029 3554 τούτων
1058 3513 1139 3555 καὶ
1169 3513 1267 3555 τῶν
1296 3510 1346 3554 Μ
1377 3510 1411 3553 P
1443 3514 1517 3562 (m.
1548 3522 1614 3565 pr.
1648 3509 1838 3558 τοῦτον)
1871 3499 1989 3563 αὐτῆ
2018 3500 2205 3550 τούτων
2232 3503 2313 3547 καὶ
2343 3503 2440 3546 τῶν

346 3574 405 3630 H,
434 3587 547 3619 corr.
581 3575 713 3631 Emp.
815 3580 871 3621 24
898 3569 957 3635 ἦν
987 3580 1173 3623 seclusit
1201 3580 1334 3637 Emp.
1424 3581 1623 3639 πρῶτον
1653 3577 1732 3621 ΡΗ
1829 3580 1881 3620 25
1913 3569 2152 3632 αὐχοῦντα
2182 3572 2233 3617 Μ
2263 3566 2440 3630 αὐχοῦν

345 3645 415 3689 vel
445 3642 721 3703 αὐχούντων
750 3646 962 3692 Reiskius
1077 3649 1318 3710 δήμητραν
1340 3651 1469 3694 ΜΡΗ
1585 3653 1639 3694 26
1671 3645 1727 3694 τὸ
1758 3647 1847 3704 μὲν
1875 3642 1969 3705 γὰρ
1997 3644 2080 3689 ΡΗ
2109 3639 2198 3690 τὸν
2225 3643 2313 3700 μὲν
2345 3642 2440 3702 γὰρ

346 3715 475 3760 MBU
507 3729 565 3760 m.
596 3729 664 3773 pr.
695 3714 789 3776 γὰρ
820 3718 1003 3763 seclusit
1033 3719 1164 3776 Emp.
1284 3725 1334 3764 27
1369 3717 1434 3775 ὡς
1464 3714 1509 3766 δ’
1540 3719 1730 3772 Selden.,
1762 3709 1884 3763 ὥστ’
1914 3715 2020 3760 libri
