2684 4140
1051 309 1280 357 ORATIO
1311 310 1522 356 XXXVI.
2266 308 2331 354 11

237 454 464 525 μείζονα
515 459 701 528 ἀρχήν.
787 453 1049 524 βασιλεία
1097 456 1200 525 γὰρ
1253 453 1419 507 πόλει
1466 452 1674 522 μᾶλλον
1720 455 1752 524 ἢ
1806 452 1938 521 οἴκῳ
1991 454 2327 523 πρεπόντως
2353 456 2418 507 37

240 544 307 594 ἄν
357 540 588 609 λέγοιτο.
682 542 744 592 οὐ
780 542 883 611 γὰρ
924 538 988 612 δὴ
1036 538 1274 607 βασιλέα
1323 542 1581 601 εἰπόντες
1618 541 1714 590 τὸν
1753 539 1852 589 ἐπὶ
1897 544 2009 589 τῶν
2048 535 2192 589 ὅλων
2232 539 2328 588 οὐκ

240 628 308 677 ἀν
344 624 757 692 βασιλεύεσθαι
792 627 855 676 τὸ
894 622 1023 676 ὅλον
1061 622 1387 693 ὁμολογοῖεν
1427 621 1553 674 οὐδὲ
1592 621 2005 690 βασιλεύεσθαι
2045 624 2329 692 φήσαντες

242 711 336 761 οὐκ
383 711 450 760 ἂν
495 707 908 763 πολιτεύεσθαι
946 714 1112 779 φαῖεν
1163 707 1289 760 οὐδὲ
1329 707 1476 761 εἶναι
1513 705 1807 759 πολιτείαν
1855 702 2186 778 [βασιλικήν]
2230 713 2333 758 τοῦ

183 805 207 845 5
244 797 471 856 παντός.
531 791 826 846 πολιτείαν
864 785 919 845 δ’
963 794 1037 845 αὖ
1061 799 1467 863 συγχωροῦντες
1494 790 1662 843 πόλιν
1690 793 1786 841 οὐκ
1811 792 1878 842 ἂν
1905 792 2327 861 ἀποτρέποιντο

27 890 213 934 (92311)
238 875 529 946 ὁμολογεῖν
566 880 601 950 ἤ
638 896 695 932 τι
742 880 919 946 τούτῳ
971 876 1375 948 παραπλήσιον
1422 879 1485 928 τὸ
1539 874 1991 941 πολιτευόμενον.
2078 874 2172 928 ὅδε
2223 878 2324 942 μὲν
2347 881 2413 933 38

239 962 335 1014 οὖν
374 964 406 1013 ὁ
443 968 554 1014 τῶν
594 961 931 1034 φιλοσόφων
958 959 1136 1029 λόγος,
1175 962 1398 1032 ἀγαθὴν
1424 962 1518 1012 καὶ
1546 958 1962 1031 φιλάνθρωπον
1989 959 2326 1023 ἀποδεικνύς

237 1048 534 1098 κοινωνίαν
584 1045 866 1114 δαιμόνων
912 1048 1006 1099 καὶ
1042 1047 1397 1116 ἀνθρώπων,
1445 1042 1783 1110 μεταδιδούς
1820 1046 1993 1109 νόμου
2030 1046 2125 1097 καὶ
2162 1043 2326 1097 πολι-

237 1133 392 1193 τείας
441 1122 503 1182 οῦ
549 1136 672 1194 τοῖς
717 1138 946 1197 τυχοῦσι
981 1138 1092 1182 τῶν
1131 1128 1313 1198 ζῴων,
1363 1122 1494 1179 ἀλλ’
1536 1131 1695 1189 ὅσοις
1742 1131 1972 1193 μέτεστι
2022 1127 2186 1196 λόγου
2233 1132 2327 1182 καὶ

72 1247 74 1249 v
158 1227 206 1270 10
243 1218 597 1286 φρονήσεως,
646 1214 792 1267 πολὺ
828 1217 1060 1284 κρείττω
1107 1216 1201 1266 καὶ
1237 1212 1592 1282 δικαιοτέραν
1638 1219 1737 1282 τῆς
1773 1214 2112 1283 Λακωνικῆς
2161 1230 2326 1279 νομο-

236 1302 443 1362 θεσίας
482 1302 890 1370 εἰσηγούμενος,
927 1292 1070 1350 καθ’
1112 1299 1178 1367 ἢν
1217 1292 1345 1348 οὐδὲ
1383 1298 1625 1366 ὑπάρχει
1661 1300 1783 1358 τοῖς
1809 1294 2023 1348 Εἵλωσι
2055 1299 2328 1365 γενέσθαι

234 1387 624 1454 Σπαρτιάταις
642 1396 653 1408 ·
691 1385 829 1435 ὅθεν
857 1381 920 1453 δή
951 1377 1078 1451 [καὶ]
1109 1380 1461 1434 διατελοῦσιν
1489 1379 1951 1449 ἐπιβουλεύοντες
1976 1388 2045 1452 τῇ
2074 1384 2325 1451 Σπάρτῃ.

378 1471 566 1539 ἔτερος
586 1466 646 1520 δὲ
666 1469 853 1535 μῦθος
873 1470 931 1519 ἐν
951 1469 1298 1538 ἀπορρήτοις
1318 1464 1568 1528 τελεταῖς
1593 1468 1706 1517 ὑπὸ
1734 1468 1926 1533 μάγων
1954 1464 2171 1536 ἀνδρῶν
2197 1460 2324 1535 ᾄδε-
2347 1473 2413 1525 39

237 1571 334 1606 ται
369 1549 816 1619 θαυμαζόμενος,
858 1554 916 1603 οἵ
938 1555 1034 1604 τὸν
1075 1553 1217 1604 θεὸν
1242 1558 1440 1603 τοῦτον
1478 1553 1746 1618 ὑμνοῦσιν
1772 1553 1850 1612 ὡς
1887 1548 2100 1603 τέλειόν
2138 1569 2198 1603 τε
2234 1553 2328 1613 καὶ

156 1651 202 1693 15
239 1644 465 1709 πρῶτον
501 1640 725 1709 ἡνίοχον
762 1644 866 1688 τοῦ
898 1635 1253 1689 τελειοτάτου
1312 1639 1577 1707 ἅρματος.
1669 1638 1733 1688 τὸ
1789 1636 1892 1706 γὰρ
1924 1626 2117 1687 Ἡλίου
2176 1639 2325 1707 ἅρμα

230 1725 499 1792 νεώτερόν
549 1736 725 1793 φασιν
771 1721 918 1774 εἶναι
968 1724 1113 1791 πρὸς
1161 1724 1337 1773 ἐκεῖνο
1387 1724 1742 1791 κρινόμενον,
1799 1723 2042 1791 φανερὸν
2095 1720 2154 1773 δὲ
2205 1727 2327 1783 τοῖς

230 1806 484 1873 πολλοῖς,
524 1810 622 1859 ἅτε
660 1805 946 1878 προδήλου
983 1811 1309 1877 γιγνομένης
1345 1814 1445 1878 τῆς
1474 1814 1671 1877 φορᾶς.
1736 1807 1875 1858 ὅθεν
1916 1813 2106 1876 κοινῆς
2135 1807 2326 1876 φήμης

230 1897 547 1962 τυγχάνειν,
586 1895 663 1955 ὡς
701 1895 903 1956 ἔοικεν,
943 1893 1058 1943 ἀπὸ
1101 1894 1343 1962 πρώτων
1384 1890 1579 1957 σχεδόν
1617 1910 1674 1943 τι
1710 1897 1822 1943 τῶν
1862 1897 2117 1961 ποιητῶν
2156 1888 2327 1958 <τῶν>

233 1976 510 2039 ἀνατολὰς
545 1980 639 2030 καὶ
667 1976 854 2040 δύσεις
880 1980 1143 2028 ἑκάστοτε
1174 1975 1444 2045 λεγόντων
1469 1978 1609 2028 κατὰ
1637 1970 1814 2028 ταύτὰ
1841 1979 2071 2028 πάντων
2100 1974 2324 2046 ἐξηγου-

153 2074 202 2116 20
236 2067 417 2129 μένων
439 2059 826 2131 ζευγνυμένους
846 2080 905 2114 τε
926 2064 1057 2124 τοὺς
1078 2063 1294 2123 ἵππους
1312 2063 1406 2113 καὶ
1424 2056 1731 2113 τὸν(Ήλιον
1759 2055 1928 2113 αὐτὸν
1954 2062 2323 2128 ἐπιβαίνοντα

232 2155 334 2199 τοῦ
363 2146 583 2218 δίφρου.
659 2150 724 2199 τὸ
764 2146 824 2198 δὲ
863 2149 1088 2216 ἰσχυρὸν
1125 2149 1220 2198 καὶ
1256 2145 1472 2198 τέλειον
1512 2149 1661 2217 ἅρμα
1700 2149 1763 2198 τὸ
1802 2149 1947 2209 Διὸς
1986 2140 2170 2208 οὐδεὶς
2209 2149 2318 2216 ἀρα
2341 2157 2407 2206 40

231 2235 470 2303 ὕμνησεν
498 2231 670 2296 ἀξίως
706 2238 818 2283 τῶν
843 2230 976 2301 τῇδε
1004 2226 1389 2302 ούτεὍμηρος
1417 2232 1541 2283 οὔτε
1562 2225 1844 2295 (Ησίοδος,
1886 2229 2026 2282 ἀλλὰ
2055 2234 2323 2300 Ζωροάσ-

230 2335 364 2388 τρης
399 2320 492 2370 καὶ
527 2320 719 2386 μάγων
757 2315 962 2379 παῖδες
999 2310 1205 2385 ᾄδουσι
1231 2311 1372 2384 παρ’
1414 2318 1626 2368 ἐκείνου
1652 2318 1969 2384 μαθόντες·
2008 2317 2070 2368 ὃν
2096 2318 2324 2386 Πέρσαι

18 2416 132 2460 (93ss
155 2418 205 2459 11)
233 2401 485 2471 λέγουσιν
523 2404 692 2473 ἔρωτι
732 2404 942 2473 σοφίας
977 2404 1071 2454 καὶ
1110 2400 1469 2472 δικαιοσύνης
1501 2404 1953 2473 ἀποχωρήσαντα
1985 2409 2097 2454 τῶν
2138 2400 2322 2454 ἄλλων

148 2500 196 2541 25
230 2481 369 2539 καθ’
414 2490 580 2540 αὑτὸν
618 2490 675 2539 ἑν
714 2490 832 2558 ὄρει
868 2490 981 2539 τινὶ
1019 2484 1140 2558 ζῆν·
1181 2489 1380 2539 ἔπειτα
1408 2488 1674 2559 ἁφθῆναι
1699 2490 1763 2539 τὸ
1792 2489 1921 2556 ὅρος
1961 2490 2140 2558 πυρὸς
2178 2490 2320 2539 ἄνω-

228 2574 334 2624 θεν
372 2570 591 2624 πολλοῦ
610 2575 1078 2643 κατασκήψαντος
1107 2579 1346 2639 συνεχῶς
1383 2590 1442 2623 τε
1479 2574 1743 2624 κάεσθαι.
1809 2575 1906 2624 τὸν
1947 2574 2042 2625 οὖν
2079 2571 2319 2640 βασιλέα

235 2659 331 2708 σὺν
357 2662 479 2719 τοῖς
505 2656 978 2726 ἐλλογιμωτάτοις
1003 2659 1243 2727 Περσῶν
1270 2659 1646 2728 ἀφικνεῖσθαι
1681 2655 1942 2728 πλησίον,
1981 2656 2321 2725 βουλόμενον

56 2755 138 2799 (449
156 2757 208 2799 Μ)
233 2742 512 2807 εὔξασθαι
536 2743 614 2811 τῷ
641 2742 763 2812 θεῷ
781 2756 792 2768 ·
818 2746 912 2796 καὶ
936 2746 1031 2795 τὸν
1058 2742 1234 2813 ἄνδρα
1261 2741 1516 2806 ἐξελθεῖν
1543 2745 1601 2794 ἐκ
1627 2750 1729 2794 τοῦ
1752 2746 1932 2813 πυρὸς
1959 2745 2183 2814 ἀπαθῆ,
2214 2762 2320 2814 φα-

229 2834 389 2880 νέντα
430 2827 488 2880 δὲ
529 2823 722 2891 αὐτοῖς
760 2826 923 2880 ἵλεων
960 2830 1200 2899 θαρρεῖν
1237 2826 1496 2880 κελεῦσαι
1533 2830 1627 2880 καὶ
1674 2830 1856 2879 θῦσαι
1894 2830 2107 2890 θυσίας
2143 2831 2318 2891 τινάς,

104 2924 187 2965 »30
224 2919 300 2977 ὡς
337 2917 567 2983 ἥκοντος
605 2917 686 2977 εἰς
723 2916 819 2966 τὸν
857 2918 1037 2965 τόπον
1074 2921 1177 2966 τοῦ
1198 2915 1357 2965 θεοῦ.
1424 2915 1825 2981 συγγίγνεσθαί
1861 2931 1920 2965 τε
1957 2915 2098 2979 μετὰ
2136 2920 2311 2963 ταῦτα
2334 2923 2397 2972 41

228 2995 326 3066 οὐχ
364 3003 596 3063 ἅπασιν,
637 2997 776 3050 ἀλλὰ
815 3005 936 3061 τοῖς
985 3001 1190 3067 ἄριστα
1241 3001 1386 3068 πρὸς
1439 2996 1717 3067 ἀλήθειαν
1766 3001 2053 3067 πεφυκόσι
2089 2999 2183 3050 καὶ
2219 3005 2324 3048 τοῦ

377 3212 395 3252 1
425 3207 620 3261 βασιλέα
640 3208 679 3251 Τ
768 3211 792 3251 2
823 3207 1012 3266 γέλοιτο
1044 3207 1093 3250 Μ
1210 3210 1238 3250 4
1266 3201 1516 3264 βασιλικὴν
1544 3205 1652 3250 mihi
1681 3209 1938 3262 suspectum
1967 3209 2154 3265 propter
2182 3207 2317 3252 finem

231 3277 624 3333 argumentationis
724 3282 749 3321 6
779 3274 854 3335 ἦτι
882 3280 1027 3324 τοῦτο
1059 3276 1098 3321 U
1130 3273 1219 3323 εἴτι
1249 3279 1393 3322 τοῦτο
1426 3276 1463 3319 Β
1553 3279 1603 3320 11
1634 3276 1785 3320 malim
1817 3271 2045 3325 οὐδέποτε
2132 3275 2321 3326 εἵλωσιν

232 3345 261 3406 ἢ
290 3354 392 3402 τοῖς
423 3347 751 3408 Σπαρτιάταις
773 3347 853 3394 UT
945 3351 994 3393 12
1023 3350 1105 3394 καὶ
1133 3360 1222 3392 om.
1253 3346 1341 3391 ΒΜ
1371 3346 1489 3392 unde
1519 3347 1683 3392 seclusi
1767 3346 2166 3409 ἐπιβουλεύοντος
2196 3351 2234 3395 Τ

238 3425 285 3464 15
308 3415 586 3466 τελιοτάτου
608 3418 658 3462 Μ
745 3423 796 3463 17
817 3426 1001 3472 κοιναῖς
1020 3414 1199 3477 φήμαις
1226 3418 1344 3472 libri,
1376 3431 1492 3463 corr.
1515 3418 1685 3464 Reiske
1773 3423 1824 3464 18
1855 3412 1980 3468 ὥστε
2000 3418 2163 3469 ἕνεκεν
2183 3421 2232 3465 Μ

230 3486 324 3538 ὑπὸ
355 3490 472 3544 libri,
502 3503 617 3535 corr.
647 3490 779 3547 Emp.
865 3492 964 3536 τῶν
993 3489 1144 3534 addidi
1243 3492 1292 3532 19
1321 3491 1402 3534 καὶ
1431 3488 1583 3543 δύσεις
1610 3489 1733 3536 delet
1761 3491 1894 3549 Emp.
2009 3489 2133 3540 κατὰ
2165 3495 2317 3540 ταῦτα

231 3562 279 3606 Μ
308 3563 389 3608 καὶ
414 3557 539 3608 κατὰ
571 3563 719 3607 ταῦτα
749 3560 887 3614 UBT,
918 3573 1030 3606 corr.
1059 3559 1228 3606 Reiske
1314 3558 1513 3606 πάντων
1540 3560 1659 3615 libri,
1685 3558 1845 3609 πάντα
1866 3562 2036 3608 Reiske
2123 3567 2177 3608 20
2207 3560 2320 3617 τοὺς

232 3645 319 3678 om.
349 3631 400 3675 M
544 3636 595 3676 21
627 3631 784 3679 τὲλιον
812 3631 862 3677 Μ
1011 3627 1069 3678 τὸ
1104 3626 1219 3684 Διὸς
1247 3630 1294 3674 Μ
1326 3633 1414 3677 τοῦ
1443 3626 1558 3686 Διὸς
1587 3631 1708 3678 UBT
1883 3636 1937 3679 23
1967 3629 2091 3693 παρ’
2121 3633 2321 3682 ἐκείνων

233 3700 417 3755 UBTM,
449 3714 565 3746 corr.
593 3703 702 3748 editi
817 3707 869 3748 25
902 3696 1115 3762 ἁφθῆναι
1145 3702 1234 3746 ΒΜ
1263 3697 1490 3759 ἀφθεῖναι
1523 3702 1560 3748 U
1589 3717 1646 3748 m.
1680 3718 1749 3761 pr.
1850 3708 1904 3750 26
1934 3707 2160 3753 καίεσθαι
2194 3708 2230 3751 Β

234 3775 286 3817 29
317 3771 425 3820 ἳλέω
455 3772 505 3817 Μ
530 3771 663 3821 ἵλεον
692 3775 730 3820 U
760 3789 815 3818 m.
846 3788 913 3831 pr.
1029 3777 1083 3818 30
1114 3775 1421 3833 συγγίνεσθαι
1452 3775 1489 3818 Β
1521 3775 1833 3834 συγγενέσθαι
1865 3777 1944 3823 UT
