<?xml version="1.0" encoding="UTF-8"?>
<!DOCTYPE html PUBLIC "-//W3C//DTD XHTML 1.0 Transitional//EN"
    "http://www.w3.org/TR/xhtml1/DTD/xhtml1-transitional.dtd">
<html xmlns="http://www.w3.org/1999/xhtml" xml:lang="en" lang="en">
 <head>
  <title>
</title>
<meta http-equiv="Content-Type" content="text/html;charset=utf-8" />
  <meta name='ocr-system' content='tesseract 3.04.00' />
  <meta name='ocr-capabilities' content='ocr_page ocr_carea ocr_par ocr_line ocrx_word'/>
</head>
<body>
  <div class='ocr_page' id='page_1' title='image "./dionisprusaensis02diocuoft_0303.png"; bbox 0 0 2684 4140; ppageno 0'>
   <div class='ocr_carea' id='block_1_1' title="bbox 1018 253 2283 312">
    <p class='ocr_par' dir='ltr' id='par_1_1' title="bbox 1018 253 2283 312">
     <span class='ocr_line' id='line_1_1' title="bbox 1018 253 2283 312; baseline 0.004 -12"><span class='ocrx_word' id='word_1_1' title='bbox 1018 254 1245 300; x_wconf 87' lang='lat' dir='ltr'><strong>ORATIO</strong></span> <span class='ocrx_word' id='word_1_2' title='bbox 1275 253 1473 312; x_wconf 73' lang='lat' dir='ltr'>XXVII.!</span> <span class='ocrx_word' id='word_1_3' title='bbox 2181 256 2283 306; x_wconf 84' lang='lat'><em>285</em></span> 
     </span>
    </p>
   </div>
   <div class='ocr_carea' id='block_1_2' title="bbox 9 395 2369 2666">
    <p class='ocr_par' dir='ltr' id='par_1_2' title="bbox 199 395 2283 723">
     <span class='ocr_line' id='line_1_2' title="bbox 203 395 2280 470; baseline 0.001 -23"><span class='ocrx_word' id='word_1_4' title='bbox 203 398 340 467; x_wconf 92' lang='grc' dir='ltr'><em>φίας</em></span> <span class='ocrx_word' id='word_1_5' title='bbox 379 395 574 466; x_wconf 80' lang='grc' dir='ltr'><em>λόγους</em></span> <span class='ocrx_word' id='word_1_6' title='bbox 601 401 740 468; x_wconf 86' lang='grc' dir='ltr'><em>ὅπερ</em></span> <span class='ocrx_word' id='word_1_7' title='bbox 782 398 942 465; x_wconf 83' lang='grc' dir='ltr'><em>οἶμαι</em></span> <span class='ocrx_word' id='word_1_8' title='bbox 981 401 1125 468; x_wconf 85' lang='grc' dir='ltr'><em>πρὸς</em></span> <span class='ocrx_word' id='word_1_9' title='bbox 1162 400 1230 450; x_wconf 85' lang='grc' dir='ltr'><em>τὰ</em></span> <span class='ocrx_word' id='word_1_10' title='bbox 1269 405 1379 450; x_wconf 85' lang='grc' dir='ltr'><em>τῶν</em></span> <span class='ocrx_word' id='word_1_11' title='bbox 1418 400 1624 467; x_wconf 84' lang='grc' dir='ltr'><strong><em>ἰατρῶν</em></strong></span> <span class='ocrx_word' id='word_1_12' title='bbox 1664 402 1945 470; x_wconf 88' lang='grc' dir='ltr'><em>φάρμακα,</em></span> <span class='ocrx_word' id='word_1_13' title='bbox 2015 401 2140 451; x_wconf 76' lang='grc' dir='ltr'><em>οὔτε</em></span> <span class='ocrx_word' id='word_1_14' title='bbox 2177 404 2280 470; x_wconf 91' lang='grc' dir='ltr'><em>γάρ</em></span> 
     </span>
     <span class='ocr_line' id='line_1_3' title="bbox 199 481 2283 555; baseline 0.001 -23"><span class='ocrx_word' id='word_1_15' title='bbox 199 499 287 543; x_wconf 89' lang='grc' dir='ltr'><em>τις</em></span> <span class='ocrx_word' id='word_1_16' title='bbox 325 483 558 544; x_wconf 80' lang='grc' dir='ltr'><em>ἐκείνοις</em></span> <span class='ocrx_word' id='word_1_17' title='bbox 596 484 768 544; x_wconf 80' lang='grc' dir='ltr'><em>εὐθὺς</em></span> <span class='ocrx_word' id='word_1_18' title='bbox 807 487 1105 554; x_wconf 76' lang='grc' dir='ltr'><em>πρόσεισιν</em></span> <span class='ocrx_word' id='word_1_19' title='bbox 1134 481 1259 534; x_wconf 83' lang='grc' dir='ltr'><em>οὐδὲ</em></span> <span class='ocrx_word' id='word_1_20' title='bbox 1299 485 1541 548; x_wconf 78' lang='grc' dir='ltr'><strong><em>ὠνεῖται,</em></strong></span> <span class='ocrx_word' id='word_1_21' title='bbox 1582 485 1715 554; x_wconf 83' lang='grc' dir='ltr'><em>πρὶν</em></span> <span class='ocrx_word' id='word_1_22' title='bbox 1751 485 1783 554; x_wconf 84' lang='grc' dir='ltr'><em>ἢ</em></span> <span class='ocrx_word' id='word_1_23' title='bbox 1813 488 2144 554; x_wconf 78' lang='grc' dir='ltr'><em>περιπεσεῖν</em></span> <span class='ocrx_word' id='word_1_24' title='bbox 2175 503 2283 555; x_wconf 92' lang='grc' dir='ltr'><em>φα-</em></span> 
     </span>
     <span class='ocr_line' id='line_1_4' title="bbox 199 565 2282 637; baseline 0 -19"><span class='ocrx_word' id='word_1_25' title='bbox 199 566 340 636; x_wconf 73' lang='grc' dir='ltr'><em>νερῷ</em></span> <span class='ocrx_word' id='word_1_26' title='bbox 379 569 656 637; x_wconf 82' lang='grc' dir='ltr'><em>νοσήματι</em></span> <span class='ocrx_word' id='word_1_27' title='bbox 700 569 794 618; x_wconf 83' lang='grc' dir='ltr'><em>καὶ</em></span> <span class='ocrx_word' id='word_1_28' title='bbox 843 565 1085 637; x_wconf 85' lang='grc' dir='ltr'><em>ἀλγῆσαί</em></span> <span class='ocrx_word' id='word_1_29' title='bbox 1130 586 1187 619; x_wconf 90' lang='grc' dir='ltr'><em>τι</em></span> <span class='ocrx_word' id='word_1_30' title='bbox 1223 574 1325 618; x_wconf 89' lang='grc' dir='ltr'><em>τοῦ</em></span> <span class='ocrx_word' id='word_1_31' title='bbox 1362 570 1647 634; x_wconf 86' lang='grc' dir='ltr'><em>σώματος·</em></span> <span class='ocrx_word' id='word_1_32' title='bbox 1700 569 1824 620; x_wconf 77' lang='grc' dir='ltr'><em>οὔτε</em></span> <span class='ocrx_word' id='word_1_33' title='bbox 1862 574 1972 619; x_wconf 84' lang='grc' dir='ltr'><em>τῶν</em></span> <span class='ocrx_word' id='word_1_34' title='bbox 2010 570 2282 619; x_wconf 85' lang='grc' dir='ltr'><em>τοιούτων</em></span> 
     </span>
     <span class='ocr_line' id='line_1_5' title="bbox 202 649 2283 723; baseline 0.001 -22"><span class='ocrx_word' id='word_1_35' title='bbox 202 649 378 718; x_wconf 90' lang='grc' dir='ltr'><em>λόγων</em></span> <span class='ocrx_word' id='word_1_36' title='bbox 405 653 626 703; x_wconf 82' lang='grc' dir='ltr'><em>ἀκούειν</em></span> <span class='ocrx_word' id='word_1_37' title='bbox 653 650 951 703; x_wconf 78' lang='grc' dir='ltr'><em>ἐθέλουσιν</em></span> <span class='ocrx_word' id='word_1_38' title='bbox 991 654 1067 714; x_wconf 87' lang='grc' dir='ltr'><em>ὡς</em></span> <span class='ocrx_word' id='word_1_39' title='bbox 1105 655 1167 702; x_wconf 85' lang='grc' dir='ltr'><em>τὸ</em></span> <span class='ocrx_word' id='word_1_40' title='bbox 1197 650 1359 716; x_wconf 86' lang='grc' dir='ltr'><em>πολύ,</em></span> <span class='ocrx_word' id='word_1_41' title='bbox 1399 655 1506 719; x_wconf 81' lang='grc' dir='ltr'><em>ὅτῳ</em></span> <span class='ocrx_word' id='word_1_42' title='bbox 1548 654 1614 703; x_wconf 81' lang='grc' dir='ltr'><em>ἂν</em></span> <span class='ocrx_word' id='word_1_43' title='bbox 1651 655 1723 723; x_wconf 85' lang='grc' dir='ltr'><em>μὴ</em></span> <span class='ocrx_word' id='word_1_44' title='bbox 1767 651 2012 722; x_wconf 86' lang='grc' dir='ltr'><em>λυπηρόν</em></span> <span class='ocrx_word' id='word_1_45' title='bbox 2039 671 2095 703; x_wconf 93' lang='grc' dir='ltr'><em>τι</em></span> <span class='ocrx_word' id='word_1_46' title='bbox 2134 650 2283 715; x_wconf 85' lang='grc' dir='ltr'><em>ξυνε-</em></span> 
     </span>
    </p>

    <p class='ocr_par' dir='ltr' id='par_1_3' title="bbox 145 733 2350 1143">
     <span class='ocr_line' id='line_1_6' title="bbox 145 733 2350 804; baseline 0.003 -21"><span class='ocrx_word' id='word_1_47' title='bbox 145 742 170 783; x_wconf 84' lang='grc'>5</span> <span class='ocrx_word' id='word_1_48' title='bbox 207 737 383 804; x_wconf 88' lang='grc' dir='ltr'><em>νεχθῇ</em></span> <span class='ocrx_word' id='word_1_49' title='bbox 406 737 500 786; x_wconf 84' lang='grc' dir='ltr'><em>καὶ</em></span> <span class='ocrx_word' id='word_1_50' title='bbox 524 741 635 786; x_wconf 83' lang='grc' dir='ltr'><em>τῶν</em></span> <span class='ocrx_word' id='word_1_51' title='bbox 663 734 971 787; x_wconf 81' lang='grc' dir='ltr'><em>δοκούντων</em></span> <span class='ocrx_word' id='word_1_52' title='bbox 993 733 1270 801; x_wconf 82' lang='grc' dir='ltr'><em>χαλεπῶν.</em></span> <span class='ocrx_word' id='word_1_53' title='bbox 1336 737 1530 787; x_wconf 80' lang='grc' dir='ltr'><em>αὐτίκα</em></span> <span class='ocrx_word' id='word_1_54' title='bbox 1567 739 1662 788; x_wconf 88' lang='grc' dir='ltr'><em>τὸν</em></span> <span class='ocrx_word' id='word_1_55' title='bbox 1689 738 2032 802; x_wconf 80' lang='grc' dir='ltr'><em>εὐτυχοῦντα,</em></span> <span class='ocrx_word' id='word_1_56' title='bbox 2074 738 2280 788; x_wconf 80' lang='grc' dir='ltr'><em>ὁποίαν</em></span> <span class='ocrx_word' id='word_1_57' title='bbox 2320 738 2350 790; x_wconf 89' lang='grc'>8</span> 
     </span>
     <span class='ocr_line' id='line_1_7' title="bbox 199 815 2284 891; baseline 0.001 -23"><span class='ocrx_word' id='word_1_58' title='bbox 199 821 325 869; x_wconf 93' lang='grc' dir='ltr'><em>τινά</em></span> <span class='ocrx_word' id='word_1_59' title='bbox 367 832 542 889; x_wconf 89' lang='grc' dir='ltr'><em>φασιν</em></span> <span class='ocrx_word' id='word_1_60' title='bbox 584 821 640 870; x_wconf 82' lang='grc' dir='ltr'><em>οἱ</em></span> <span class='ocrx_word' id='word_1_61' title='bbox 670 817 876 871; x_wconf 84' lang='grc' dir='ltr'><em>πολλοὶ</em></span> <span class='ocrx_word' id='word_1_62' title='bbox 912 823 1010 891; x_wconf 80' lang='grc' dir='ltr'><em>τὴν</em></span> <span class='ocrx_word' id='word_1_63' title='bbox 1049 821 1317 886; x_wconf 81' lang='grc' dir='ltr'><em>εὐτυχίαν,</em></span> <span class='ocrx_word' id='word_1_64' title='bbox 1360 821 1478 872; x_wconf 86' lang='grc' dir='ltr'><em>οἷον</em></span> <span class='ocrx_word' id='word_1_65' title='bbox 1512 823 1769 891; x_wconf 82' lang='grc' dir='ltr'><em>χρήματα</em></span> <span class='ocrx_word' id='word_1_66' title='bbox 1807 823 1866 871; x_wconf 78' lang='grc' dir='ltr'><em>ἐκ</em></span> <span class='ocrx_word' id='word_1_67' title='bbox 1904 819 2137 872; x_wconf 76' lang='grc' dir='ltr'><em>δανείων</em></span> <span class='ocrx_word' id='word_1_68' title='bbox 2177 815 2284 890; x_wconf 86' lang='grc' dir='ltr'><em>[τὰ]</em></span> 
     </span>
     <span class='ocr_line' id='line_1_8' title="bbox 201 900 2284 975; baseline 0.001 -22"><span class='ocrx_word' id='word_1_69' title='bbox 201 900 385 953; x_wconf 85' lang='grc' dir='ltr'><em>πολλὰ</em></span> <span class='ocrx_word' id='word_1_70' title='bbox 433 905 465 974; x_wconf 85' lang='grc' dir='ltr'><em>ἢ</em></span> <span class='ocrx_word' id='word_1_71' title='bbox 511 905 699 972; x_wconf 86' lang='grc' dir='ltr'><em>χώραν</em></span> <span class='ocrx_word' id='word_1_72' title='bbox 741 906 930 975; x_wconf 82' lang='grc' dir='ltr'><em>ἱκανὴν</em></span> <span class='ocrx_word' id='word_1_73' title='bbox 967 909 1295 974; x_wconf 82' lang='grc' dir='ltr'><em>κεκτημένον</em></span> <span class='ocrx_word' id='word_1_74' title='bbox 1342 907 1436 956; x_wconf 84' lang='grc' dir='ltr'><em>καὶ</em></span> <span class='ocrx_word' id='word_1_75' title='bbox 1474 907 1639 956; x_wconf 81' lang='grc' dir='ltr'><em>αὐτὸν</em></span> <span class='ocrx_word' id='word_1_76' title='bbox 1677 907 1999 973; x_wconf 78' lang='grc' dir='ltr'><em>ὑγιαίνοντα</em></span> <span class='ocrx_word' id='word_1_77' title='bbox 2031 900 2159 973; x_wconf 86' lang='grc' dir='ltr'><em>[καὶ]</em></span> <span class='ocrx_word' id='word_1_78' title='bbox 2199 909 2284 955; x_wconf 89' lang='grc' dir='ltr'><em>τέ-</em></span> 
     </span>
     <span class='ocr_line' id='line_1_9' title="bbox 198 984 2283 1059; baseline 0.001 -22"><span class='ocrx_word' id='word_1_79' title='bbox 198 1004 340 1038; x_wconf 91' lang='grc' dir='ltr'><em>κνων</em></span> <span class='ocrx_word' id='word_1_80' title='bbox 381 984 708 1055; x_wconf 79' lang='grc' dir='ltr'><em>σῳζομένων</em></span> <span class='ocrx_word' id='word_1_81' title='bbox 745 991 838 1039; x_wconf 83' lang='grc' dir='ltr'><em>καὶ</em></span> <span class='ocrx_word' id='word_1_82' title='bbox 875 992 1148 1056; x_wconf 91' lang='grc' dir='ltr'><em>γυναικός,</em></span> <span class='ocrx_word' id='word_1_83' title='bbox 1186 990 1282 1039; x_wconf 90' lang='grc' dir='ltr'><em>καί</em></span> <span class='ocrx_word' id='word_1_84' title='bbox 1318 1007 1442 1040; x_wconf 93' lang='grc' dir='ltr'><em>τινα</em></span> <span class='ocrx_word' id='word_1_85' title='bbox 1483 987 1715 1055; x_wconf 91' lang='grc' dir='ltr'><em>δύναμιν</em></span> <span class='ocrx_word' id='word_1_86' title='bbox 1752 991 1846 1040; x_wconf 84' lang='grc' dir='ltr'><em>καὶ</em></span> <span class='ocrx_word' id='word_1_87' title='bbox 1883 991 2051 1059; x_wconf 81' lang='grc' dir='ltr'><em>ἀρχὴν</em></span> <span class='ocrx_word' id='word_1_88' title='bbox 2089 990 2283 1054; x_wconf 84' lang='grc' dir='ltr'><em>ἔχοντα</em></span> 
     </span>
     <span class='ocr_line' id='line_1_10' title="bbox 198 1069 2282 1143; baseline 0.001 -22"><span class='ocrx_word' id='word_1_89' title='bbox 198 1069 441 1141; x_wconf 76' lang='grc' dir='ltr'><em>μεγάλην</em></span> <span class='ocrx_word' id='word_1_90' title='bbox 479 1074 608 1123; x_wconf 79' lang='grc' dir='ltr'><em>ἄνευ</em></span> <span class='ocrx_word' id='word_1_91' title='bbox 650 1071 900 1139; x_wconf 90' lang='grc' dir='ltr'><em>πολέμου</em></span> <span class='ocrx_word' id='word_1_92' title='bbox 938 1075 1032 1124; x_wconf 82' lang='grc' dir='ltr'><em>καὶ</em></span> <span class='ocrx_word' id='word_1_93' title='bbox 1072 1076 1322 1134; x_wconf 90' lang='grc' dir='ltr'><em>στάσεως</em></span> <span class='ocrx_word' id='word_1_94' title='bbox 1368 1075 1465 1124; x_wconf 92' lang='grc' dir='ltr'><em>καί</em></span> <span class='ocrx_word' id='word_1_95' title='bbox 1499 1091 1668 1124; x_wconf 91' lang='grc' dir='ltr'><em>τινων</em></span> <span class='ocrx_word' id='word_1_96' title='bbox 1708 1072 1960 1143; x_wconf 81' lang='grc' dir='ltr'><em>φανερῶν</em></span> <span class='ocrx_word' id='word_1_97' title='bbox 1997 1072 2282 1135; x_wconf 77' lang='grc' dir='ltr'><em>κινδύνων,</em></span> 
     </span>
    </p>

    <p class='ocr_par' dir='ltr' id='par_1_4' title="bbox 120 1155 2351 1396">
     <span class='ocr_line' id='line_1_11' title="bbox 120 1155 2284 1227; baseline -0 -18"><span class='ocrx_word' id='word_1_98' title='bbox 120 1166 168 1209; x_wconf 86' lang='grc'><em>10</em></span> <span class='ocrx_word' id='word_1_99' title='bbox 206 1157 302 1206; x_wconf 79' lang='grc' dir='ltr'><em>οὐκ</em></span> <span class='ocrx_word' id='word_1_100' title='bbox 339 1158 406 1208; x_wconf 84' lang='grc' dir='ltr'><em>ἀν</em></span> <span class='ocrx_word' id='word_1_101' title='bbox 445 1159 599 1227; x_wconf 79' lang='grc' dir='ltr'><em>εὕροι</em></span> <span class='ocrx_word' id='word_1_102' title='bbox 636 1175 723 1219; x_wconf 86' lang='grc' dir='ltr'><em>τις</em></span> <span class='ocrx_word' id='word_1_103' title='bbox 761 1156 973 1227; x_wconf 77' lang='grc' dir='ltr'><em>ῥᾳδίως</em></span> <span class='ocrx_word' id='word_1_104' title='bbox 1024 1160 1335 1227; x_wconf 88' lang='grc' dir='ltr'><em>προσιόντα</em></span> <span class='ocrx_word' id='word_1_105' title='bbox 1381 1161 1501 1218; x_wconf 91' lang='grc' dir='ltr'><em>τοῖς</em></span> <span class='ocrx_word' id='word_1_106' title='bbox 1538 1161 1819 1218; x_wconf 83' lang='grc' dir='ltr'><em>τοιούτοις</em></span> <span class='ocrx_word' id='word_1_107' title='bbox 1859 1156 1984 1208; x_wconf 79' lang='grc' dir='ltr'><em>οὐδὲ</em></span> <span class='ocrx_word' id='word_1_108' title='bbox 2023 1155 2284 1220; x_wconf 83' lang='grc' dir='ltr'><em>ἀξιοῦντα</em></span> 
     </span>
     <span class='ocr_line' id='line_1_12' title="bbox 196 1239 2351 1311; baseline 0.001 -22"><span class='ocrx_word' id='word_1_109' title='bbox 196 1246 484 1292; x_wconf 87' lang='grc' dir='ltr'><em>κοινωνεῖν</em></span> <span class='ocrx_word' id='word_1_110' title='bbox 510 1240 621 1292; x_wconf 89' lang='grc' dir='ltr'><em>τῶν</em></span> <span class='ocrx_word' id='word_1_111' title='bbox 648 1243 707 1292; x_wconf 84' lang='grc' dir='ltr'><em>ἐκ</em></span> <span class='ocrx_word' id='word_1_112' title='bbox 736 1239 1087 1311; x_wconf 82' lang='grc' dir='ltr'><em>φιλοσοφίας</em></span> <span class='ocrx_word' id='word_1_113' title='bbox 1115 1239 1306 1308; x_wconf 86' lang='grc' dir='ltr'><em>λόγων.</em></span> <span class='ocrx_word' id='word_1_114' title='bbox 1383 1243 1434 1291; x_wconf 88' lang='grc' dir='ltr'><em>εἰ</em></span> <span class='ocrx_word' id='word_1_115' title='bbox 1462 1239 1523 1291; x_wconf 91' lang='grc' dir='ltr'><em>δέ</em></span> <span class='ocrx_word' id='word_1_116' title='bbox 1547 1258 1622 1308; x_wconf 82' lang='grc' dir='ltr'><em>τῳ</em></span> <span class='ocrx_word' id='word_1_117' title='bbox 1654 1239 1889 1310; x_wconf 81' lang='grc' dir='ltr'><em>ξυμβαίη</em></span> <span class='ocrx_word' id='word_1_118' title='bbox 1930 1259 1987 1292; x_wconf 90' lang='grc' dir='ltr'><em>τι</em></span> <span class='ocrx_word' id='word_1_119' title='bbox 2024 1246 2280 1307; x_wconf 87' lang='grc' dir='ltr'><em>πταῖσμα</em></span> <span class='ocrx_word' id='word_1_120' title='bbox 2320 1242 2351 1292; x_wconf 85' lang='grc'>9</span> 
     </span>
     <span class='ocr_line' id='line_1_13' title="bbox 197 1321 2287 1396; baseline 0.001 -22"><span class='ocrx_word' id='word_1_121' title='bbox 197 1326 337 1375; x_wconf 81' lang='grc' dir='ltr'><em>κατὰ</em></span> <span class='ocrx_word' id='word_1_122' title='bbox 386 1327 482 1377; x_wconf 85' lang='grc' dir='ltr'><em>τὸν</em></span> <span class='ocrx_word' id='word_1_123' title='bbox 531 1327 656 1393; x_wconf 91' lang='grc' dir='ltr'><em>βίον</em></span> <span class='ocrx_word' id='word_1_124' title='bbox 703 1321 853 1393; x_wconf 84' lang='grc' dir='ltr'><em>&lt;καὶ&gt;</em></span> <span class='ocrx_word' id='word_1_125' title='bbox 900 1327 1028 1395; x_wconf 81' lang='grc' dir='ltr'><em>ἤτοι</em></span> <span class='ocrx_word' id='word_1_126' title='bbox 1079 1329 1253 1395; x_wconf 84' lang='grc' dir='ltr'><em>πένης</em></span> <span class='ocrx_word' id='word_1_127' title='bbox 1305 1327 1363 1375; x_wconf 81' lang='grc' dir='ltr'><em>ἐκ</em></span> <span class='ocrx_word' id='word_1_128' title='bbox 1402 1323 1676 1376; x_wconf 88' lang='grc' dir='ltr'><em>πλουσίου</em></span> <span class='ocrx_word' id='word_1_129' title='bbox 1714 1330 1930 1392; x_wconf 90' lang='grc' dir='ltr'><em>γένοιτο</em></span> <span class='ocrx_word' id='word_1_130' title='bbox 1967 1326 1999 1394; x_wconf 87' lang='grc' dir='ltr'><em>ἢ</em></span> <span class='ocrx_word' id='word_1_131' title='bbox 2041 1326 2287 1396; x_wconf 87' lang='grc' dir='ltr'><em>ἀσθενὴς</em></span> 
     </span>
    </p>

    <p class='ocr_par' dir='ltr' id='par_1_5' title="bbox 28 1407 2288 1565">
     <span class='ocr_line' id='line_1_14' title="bbox 28 1407 2287 1480; baseline 0 -21"><span class='ocrx_word' id='word_1_132' title='bbox 28 1422 174 1465; x_wconf 86' lang='lat' dir='ltr'><strong>(288M)</strong></span> <span class='ocrx_word' id='word_1_133' title='bbox 196 1412 290 1461; x_wconf 81' lang='grc' dir='ltr'><em>καὶ</em></span> <span class='ocrx_word' id='word_1_134' title='bbox 342 1408 617 1471; x_wconf 88' lang='grc' dir='ltr'><em>ἀδύνατος</em></span> <span class='ocrx_word' id='word_1_135' title='bbox 664 1412 723 1460; x_wconf 80' lang='grc' dir='ltr'><em>ἐκ</em></span> <span class='ocrx_word' id='word_1_136' title='bbox 773 1408 1079 1476; x_wconf 79' lang='grc' dir='ltr'><em>δυναμένου</em></span> <span class='ocrx_word' id='word_1_137' title='bbox 1126 1411 1158 1479; x_wconf 86' lang='grc' dir='ltr'><em>ἢ</em></span> <span class='ocrx_word' id='word_1_138' title='bbox 1199 1407 1370 1479; x_wconf 81' lang='grc' dir='ltr'><em>ἀλλην</em></span> <span class='ocrx_word' id='word_1_139' title='bbox 1417 1411 1542 1461; x_wconf 86' lang='grc' dir='ltr'><em>τινὰ</em></span> <span class='ocrx_word' id='word_1_140' title='bbox 1581 1411 1718 1475; x_wconf 86' lang='grc' dir='ltr'><em>ἔχων</em></span> <span class='ocrx_word' id='word_1_141' title='bbox 1759 1408 1964 1480; x_wconf 82' lang='grc' dir='ltr'><em>λύπην,</em></span> <span class='ocrx_word' id='word_1_142' title='bbox 2015 1412 2071 1460; x_wconf 85' lang='grc' dir='ltr'><em>οἱ</em></span> <span class='ocrx_word' id='word_1_143' title='bbox 2109 1408 2166 1460; x_wconf 82' lang='grc' dir='ltr'><em>δὲ</em></span> <span class='ocrx_word' id='word_1_144' title='bbox 2209 1414 2287 1460; x_wconf 83' lang='grc' dir='ltr'><em>οἰ-</em></span> 
     </span>
     <span class='ocr_line' id='line_1_15' title="bbox 196 1493 2288 1565; baseline -0 -20"><span class='ocrx_word' id='word_1_145' title='bbox 196 1498 478 1564; x_wconf 91' lang='grc' dir='ltr'><em>κειότερόν</em></span> <span class='ocrx_word' id='word_1_146' title='bbox 517 1512 642 1556; x_wconf 92' lang='grc' dir='ltr'><em>πως</em></span> <span class='ocrx_word' id='word_1_147' title='bbox 683 1493 1045 1546; x_wconf 73' lang='grc' dir='ltr'><em>διατίθενται</em></span> <span class='ocrx_word' id='word_1_148' title='bbox 1084 1497 1229 1565; x_wconf 87' lang='grc' dir='ltr'><em>πρὸς</em></span> <span class='ocrx_word' id='word_1_149' title='bbox 1266 1498 1329 1546; x_wconf 86' lang='grc' dir='ltr'><em>τὸ</em></span> <span class='ocrx_word' id='word_1_150' title='bbox 1370 1500 1595 1564; x_wconf 79' lang='grc' dir='ltr'><em>πρᾶγμα</em></span> <span class='ocrx_word' id='word_1_151' title='bbox 1621 1496 1714 1545; x_wconf 84' lang='grc' dir='ltr'><em>καὶ</em></span> <span class='ocrx_word' id='word_1_152' title='bbox 1741 1497 1953 1564; x_wconf 90' lang='grc' dir='ltr'><em>τρόπον</em></span> <span class='ocrx_word' id='word_1_153' title='bbox 1992 1495 2117 1545; x_wconf 80' lang='grc' dir='ltr'><em>τινὰ</em></span> <span class='ocrx_word' id='word_1_154' title='bbox 2154 1496 2288 1545; x_wconf 79' lang='grc' dir='ltr'><em>ὑπο-</em></span> 
     </span>
    </p>

    <p class='ocr_par' dir='ltr' id='par_1_6' title="bbox 123 1577 2286 1820">
     <span class='ocr_line' id='line_1_16' title="bbox 123 1577 2286 1651; baseline -0 -21"><span class='ocrx_word' id='word_1_155' title='bbox 123 1590 170 1631; x_wconf 83' lang='grc'><em>15</em></span> <span class='ocrx_word' id='word_1_156' title='bbox 204 1584 437 1646; x_wconf 90' lang='grc' dir='ltr'><em>μένουσι</em></span> <span class='ocrx_word' id='word_1_157' title='bbox 475 1582 606 1641; x_wconf 82' lang='grc' dir='ltr'><em>τούς</em></span> <span class='ocrx_word' id='word_1_158' title='bbox 643 1578 754 1631; x_wconf 91' lang='grc' dir='ltr'><em>τῶν</em></span> <span class='ocrx_word' id='word_1_159' title='bbox 795 1578 1131 1651; x_wconf 91' lang='grc' dir='ltr'><em>φιλοσόφων</em></span> <span class='ocrx_word' id='word_1_160' title='bbox 1171 1578 1366 1647; x_wconf 89' lang='grc' dir='ltr'><em>λόγους</em></span> <span class='ocrx_word' id='word_1_161' title='bbox 1390 1582 1486 1631; x_wconf 89' lang='grc' dir='ltr'><em>καί</em></span> <span class='ocrx_word' id='word_1_162' title='bbox 1511 1582 1634 1641; x_wconf 87' lang='grc' dir='ltr'><em>πώς</em></span> <span class='ocrx_word' id='word_1_163' title='bbox 1675 1593 1820 1650; x_wconf 90' lang='grc' dir='ltr'><em>φασι</em></span> <span class='ocrx_word' id='word_1_164' title='bbox 1847 1577 2080 1630; x_wconf 92' lang='grc' dir='ltr'><em>δεῖσθαι</em></span> <span class='ocrx_word' id='word_1_165' title='bbox 2106 1594 2286 1645; x_wconf 90' lang='grc' dir='ltr'><em>παρα-</em></span> 
     </span>
     <span class='ocr_line' id='line_1_17' title="bbox 197 1661 2283 1733; baseline -0.001 -19"><span class='ocrx_word' id='word_1_166' title='bbox 197 1665 430 1729; x_wconf 89' lang='grc' dir='ltr'><em>μυθίας.</em></span> <span class='ocrx_word' id='word_1_167' title='bbox 505 1667 606 1716; x_wconf 81' lang='grc' dir='ltr'><em>κάν</em></span> <span class='ocrx_word' id='word_1_168' title='bbox 642 1661 794 1732; x_wconf 90' lang='grc' dir='ltr'><em>&lt;τις&gt;</em></span> <span class='ocrx_word' id='word_1_169' title='bbox 830 1662 1119 1726; x_wconf 81' lang='grc' dir='ltr'><em>ἀπολέσας</em></span> <span class='ocrx_word' id='word_1_170' title='bbox 1157 1668 1287 1733; x_wconf 87' lang='grc' dir='ltr'><em>τύχῃ</em></span> <span class='ocrx_word' id='word_1_171' title='bbox 1327 1665 1452 1716; x_wconf 80' lang='grc' dir='ltr'><em>τινὰ</em></span> <span class='ocrx_word' id='word_1_172' title='bbox 1493 1663 1602 1715; x_wconf 88' lang='grc' dir='ltr'><em>τῶν</em></span> <span class='ocrx_word' id='word_1_173' title='bbox 1643 1664 1877 1726; x_wconf 75' lang='grc' dir='ltr'><em>οἰκείων,</em></span> <span class='ocrx_word' id='word_1_174' title='bbox 1915 1664 1946 1732; x_wconf 84' lang='grc' dir='ltr'><em>ἢ</em></span> <span class='ocrx_word' id='word_1_175' title='bbox 1987 1666 2214 1729; x_wconf 90' lang='grc' dir='ltr'><em>γυναῖκα</em></span> <span class='ocrx_word' id='word_1_176' title='bbox 2251 1663 2283 1731; x_wconf 83' lang='grc' dir='ltr'><em>ἢ</em></span> 
     </span>
     <span class='ocr_line' id='line_1_18' title="bbox 199 1747 2285 1820; baseline -0.001 -22"><span class='ocrx_word' id='word_1_177' title='bbox 199 1747 381 1801; x_wconf 91' lang='grc' dir='ltr'><em>παῖδα</em></span> <span class='ocrx_word' id='word_1_178' title='bbox 419 1751 450 1819; x_wconf 89' lang='grc' dir='ltr'><em>ἢ</em></span> <span class='ocrx_word' id='word_1_179' title='bbox 493 1747 755 1820; x_wconf 88' lang='grc' dir='ltr'><em>ἀδελφόν,</em></span> <span class='ocrx_word' id='word_1_180' title='bbox 798 1747 1053 1812; x_wconf 84' lang='grc' dir='ltr'><em>ἀξιοῦσιν</em></span> <span class='ocrx_word' id='word_1_181' title='bbox 1085 1750 1459 1819; x_wconf 74' lang='grc' dir='ltr'><em>ἀφικνεῖσθαι</em></span> <span class='ocrx_word' id='word_1_182' title='bbox 1496 1751 1591 1800; x_wconf 87' lang='grc' dir='ltr'><em>τὸν</em></span> <span class='ocrx_word' id='word_1_183' title='bbox 1632 1747 1951 1819; x_wconf 89' lang='grc' dir='ltr'><em>φιλόσοφον</em></span> <span class='ocrx_word' id='word_1_184' title='bbox 1987 1748 2080 1797; x_wconf 85' lang='grc' dir='ltr'><em>καὶ</em></span> <span class='ocrx_word' id='word_1_185' title='bbox 2105 1762 2285 1816; x_wconf 90' lang='grc' dir='ltr'><em>παρη-</em></span> 
     </span>
    </p>

    <p class='ocr_par' dir='ltr' id='par_1_7' title="bbox 9 1831 2369 1988">
     <span class='ocr_line' id='line_1_19' title="bbox 9 1831 2285 1903; baseline -0.001 -21"><span class='ocrx_word' id='word_1_186' title='bbox 9 1838 399 1901; x_wconf 68' lang='grc' dir='ltr'><em>ῑεοΒΠ)γορεῖν,</em></span> <span class='ocrx_word' id='word_1_187' title='bbox 441 1835 518 1894; x_wconf 86' lang='grc' dir='ltr'><em>ὡς</em></span> <span class='ocrx_word' id='word_1_188' title='bbox 555 1836 682 1884; x_wconf 88' lang='grc' dir='ltr'><em>τότε</em></span> <span class='ocrx_word' id='word_1_189' title='bbox 710 1831 835 1884; x_wconf 86' lang='grc' dir='ltr'><em>δέον</em></span> <span class='ocrx_word' id='word_1_190' title='bbox 877 1837 1109 1884; x_wconf 90' lang='grc' dir='ltr'><em>σκοπεῖν</em></span> <span class='ocrx_word' id='word_1_191' title='bbox 1136 1835 1293 1894; x_wconf 81' lang='grc' dir='ltr'><em>ὅπως</em></span> <span class='ocrx_word' id='word_1_192' title='bbox 1317 1835 1558 1903; x_wconf 87' lang='grc' dir='ltr'><em>μετρίως</em></span> <span class='ocrx_word' id='word_1_193' title='bbox 1591 1837 1731 1903; x_wconf 85' lang='grc' dir='ltr'><em>φέρῃ</em></span> <span class='ocrx_word' id='word_1_194' title='bbox 1760 1850 1846 1893; x_wconf 90' lang='grc' dir='ltr'><em>τις</em></span> <span class='ocrx_word' id='word_1_195' title='bbox 1883 1832 1951 1881; x_wconf 84' lang='grc' dir='ltr'><em>τὰ</em></span> <span class='ocrx_word' id='word_1_196' title='bbox 1991 1834 2285 1899; x_wconf 90' lang='grc' dir='ltr'><em>γιγνόμενα</em></span> 
     </span>
     <span class='ocr_line' id='line_1_20' title="bbox 197 1915 2369 1988; baseline -0.001 -20"><span class='ocrx_word' id='word_1_197' title='bbox 197 1919 292 1968; x_wconf 85' lang='grc' dir='ltr'><em>καὶ</em></span> <span class='ocrx_word' id='word_1_198' title='bbox 331 1916 665 1988; x_wconf 85' lang='grc' dir='ltr'><em>δυνήσονται</em></span> <span class='ocrx_word' id='word_1_199' title='bbox 703 1919 949 1983; x_wconf 89' lang='grc' dir='ltr'><em>ἀντέχειν</em></span> <span class='ocrx_word' id='word_1_200' title='bbox 987 1921 1109 1979; x_wconf 88' lang='grc' dir='ltr'><em>τοῖς</em></span> <span class='ocrx_word' id='word_1_201' title='bbox 1148 1916 1390 1982; x_wconf 83' lang='grc' dir='ltr'><em>λοιποῖς,</em></span> <span class='ocrx_word' id='word_1_202' title='bbox 1430 1921 1704 1987; x_wconf 91' lang='grc' dir='ltr'><em>πρότερον</em></span> <span class='ocrx_word' id='word_1_203' title='bbox 1733 1915 1790 1967; x_wconf 81' lang='grc' dir='ltr'><em>δὲ</em></span> <span class='ocrx_word' id='word_1_204' title='bbox 1832 1918 1920 1967; x_wconf 75' lang='grc' dir='ltr'><em>οὔ·</em></span> <span class='ocrx_word' id='word_1_205' title='bbox 1963 1919 2151 1986; x_wconf 86' lang='grc' dir='ltr'><em>ὥσπερ</em></span> <span class='ocrx_word' id='word_1_206' title='bbox 2190 1917 2283 1967; x_wconf 83' lang='grc' dir='ltr'><em>καὶ</em></span> <span class='ocrx_word' id='word_1_207' title='bbox 2306 1916 2369 1966; x_wconf 91' lang='grc'><em>10</em></span> 
     </span>
    </p>

    <p class='ocr_par' dir='ltr' id='par_1_8' title="bbox 120 1999 2290 2411">
     <span class='ocr_line' id='line_1_21' title="bbox 120 1999 2284 2072; baseline -0.001 -19"><span class='ocrx_word' id='word_1_208' title='bbox 120 2011 170 2053; x_wconf 87' lang='grc'><em>20</em></span> <span class='ocrx_word' id='word_1_209' title='bbox 208 2004 340 2072; x_wconf 79' lang='grc' dir='ltr'><em>περὶ</em></span> <span class='ocrx_word' id='word_1_210' title='bbox 377 2005 439 2053; x_wconf 83' lang='grc' dir='ltr'><em>τὸ</em></span> <span class='ocrx_word' id='word_1_211' title='bbox 483 2002 638 2068; x_wconf 89' lang='grc' dir='ltr'><em>σῶμα</em></span> <span class='ocrx_word' id='word_1_212' title='bbox 678 2004 868 2068; x_wconf 85' lang='grc' dir='ltr'><em>ἔχουσι</em></span> <span class='ocrx_word' id='word_1_213' title='bbox 908 2001 1102 2068; x_wconf 84' lang='grc' dir='ltr'><em>σχεδὸν</em></span> <span class='ocrx_word' id='word_1_214' title='bbox 1142 2005 1198 2053; x_wconf 84' lang='grc' dir='ltr'><em>οἱ</em></span> <span class='ocrx_word' id='word_1_215' title='bbox 1235 2005 1489 2072; x_wconf 87' lang='grc' dir='ltr'><em>ἀνόητοι·</em></span> <span class='ocrx_word' id='word_1_216' title='bbox 1530 2005 1625 2053; x_wconf 85' lang='grc' dir='ltr'><em>τὸν</em></span> <span class='ocrx_word' id='word_1_217' title='bbox 1650 2005 1749 2068; x_wconf 81' lang='grc' dir='ltr'><em>μὲν</em></span> <span class='ocrx_word' id='word_1_218' title='bbox 1777 1999 1944 2052; x_wconf 80' lang='grc' dir='ltr'><em>ἄλλον</em></span> <span class='ocrx_word' id='word_1_219' title='bbox 1966 2005 2164 2071; x_wconf 92' lang='grc' dir='ltr'><em>χρόνον</em></span> <span class='ocrx_word' id='word_1_220' title='bbox 2196 2003 2284 2051; x_wconf 83' lang='grc' dir='ltr'><em>ού-</em></span> 
     </span>
     <span class='ocr_line' id='line_1_22' title="bbox 199 2084 2288 2154; baseline 0 -17"><span class='ocrx_word' id='word_1_221' title='bbox 199 2088 306 2137; x_wconf 81' lang='grc' dir='ltr'><em>θὲν</em></span> <span class='ocrx_word' id='word_1_222' title='bbox 357 2088 548 2148; x_wconf 79' lang='grc' dir='ltr'><em>αὐτοῖς</em></span> <span class='ocrx_word' id='word_1_223' title='bbox 598 2085 756 2153; x_wconf 88' lang='grc' dir='ltr'><em>μέλει</em></span> <span class='ocrx_word' id='word_1_224' title='bbox 804 2090 960 2148; x_wconf 86' lang='grc' dir='ltr'><em>ὅπως</em></span> <span class='ocrx_word' id='word_1_225' title='bbox 1001 2085 1274 2138; x_wconf 87' lang='grc' dir='ltr'><em>δύνωνται</em></span> <span class='ocrx_word' id='word_1_226' title='bbox 1321 2089 1615 2154; x_wconf 78' lang='grc' dir='ltr'><em>ὑγιαίνειν,</em></span> <span class='ocrx_word' id='word_1_227' title='bbox 1667 2084 1806 2136; x_wconf 82' lang='grc' dir='ltr'><em>ἀλλὰ</em></span> <span class='ocrx_word' id='word_1_228' title='bbox 1859 2087 2062 2146; x_wconf 88' lang='grc' dir='ltr'><em>σιτίοις</em></span> <span class='ocrx_word' id='word_1_229' title='bbox 2100 2103 2158 2135; x_wconf 91' lang='grc' dir='ltr'><em>τε</em></span> <span class='ocrx_word' id='word_1_230' title='bbox 2195 2088 2288 2137; x_wconf 83' lang='grc' dir='ltr'><em>καὶ</em></span> 
     </span>
     <span class='ocr_line' id='line_1_23' title="bbox 202 2168 2289 2241; baseline 0 -21"><span class='ocrx_word' id='word_1_231' title='bbox 202 2169 332 2238; x_wconf 82' lang='grc' dir='ltr'><em>οἴνῳ</em></span> <span class='ocrx_word' id='word_1_232' title='bbox 374 2173 467 2222; x_wconf 80' lang='grc' dir='ltr'><em>καὶ</em></span> <span class='ocrx_word' id='word_1_233' title='bbox 504 2169 873 2241; x_wconf 86' lang='grc' dir='ltr'><em>ἀφροδισίοις</em></span> <span class='ocrx_word' id='word_1_234' title='bbox 899 2173 992 2222; x_wconf 83' lang='grc' dir='ltr'><em>καὶ</em></span> <span class='ocrx_word' id='word_1_235' title='bbox 1016 2179 1084 2241; x_wconf 84' lang='grc' dir='ltr'><em>τῇ</em></span> <span class='ocrx_word' id='word_1_236' title='bbox 1112 2169 1248 2240; x_wconf 83' lang='grc' dir='ltr'><em>ἄλλῃ</em></span> <span class='ocrx_word' id='word_1_237' title='bbox 1279 2169 1464 2240; x_wconf 87' lang='grc' dir='ltr'><em>διαίτῃ</em></span> <span class='ocrx_word' id='word_1_238' title='bbox 1498 2174 1574 2232; x_wconf 86' lang='grc' dir='ltr'><em>ὡς</em></span> <span class='ocrx_word' id='word_1_239' title='bbox 1603 2171 1721 2221; x_wconf 82' lang='grc' dir='ltr'><em>οἷόν</em></span> <span class='ocrx_word' id='word_1_240' title='bbox 1748 2189 1808 2221; x_wconf 93' lang='grc' dir='ltr'><em>τε</em></span> <span class='ocrx_word' id='word_1_241' title='bbox 1846 2168 2169 2231; x_wconf 75' lang='grc' dir='ltr'><em>ἀκολάστως</em></span> <span class='ocrx_word' id='word_1_242' title='bbox 2196 2172 2289 2221; x_wconf 81' lang='grc' dir='ltr'><em>καὶ</em></span> 
     </span>
     <span class='ocr_line' id='line_1_24' title="bbox 201 2249 2289 2325; baseline -0 -20"><span class='ocrx_word' id='word_1_243' title='bbox 201 2253 378 2317; x_wconf 82' lang='grc' dir='ltr'><em>ἀδεῶς</em></span> <span class='ocrx_word' id='word_1_244' title='bbox 399 2254 663 2325; x_wconf 90' lang='grc' dir='ltr'><em>χρῶνται,</em></span> <span class='ocrx_word' id='word_1_245' title='bbox 707 2257 804 2307; x_wconf 80' lang='grc' dir='ltr'><em>ἐὰν</em></span> <span class='ocrx_word' id='word_1_246' title='bbox 842 2249 962 2324; x_wconf 77' lang='grc' dir='ltr'><em>&lt;δ’&gt;</em></span> <span class='ocrx_word' id='word_1_247' title='bbox 989 2258 1096 2324; x_wconf 81' lang='grc' dir='ltr'><em>ἄρα</em></span> <span class='ocrx_word' id='word_1_248' title='bbox 1124 2274 1210 2318; x_wconf 90' lang='grc' dir='ltr'><em>τις</em></span> <span class='ocrx_word' id='word_1_249' title='bbox 1235 2254 1630 2324; x_wconf 80' lang='grc' dir='ltr'><em>καταλαμβάνῃ</em></span> <span class='ocrx_word' id='word_1_250' title='bbox 1668 2253 1847 2315; x_wconf 89' lang='grc' dir='ltr'><em>κόπος</em></span> <span class='ocrx_word' id='word_1_251' title='bbox 1872 2256 1965 2305; x_wconf 81' lang='grc' dir='ltr'><em>καὶ</em></span> <span class='ocrx_word' id='word_1_252' title='bbox 1993 2250 2289 2323; x_wconf 85' lang='grc' dir='ltr'><em>&lt;πυρετὸς&gt;</em></span> 
     </span>
     <span class='ocr_line' id='line_1_25' title="bbox 202 2335 2290 2411; baseline -0.001 -20"><span class='ocrx_word' id='word_1_253' title='bbox 202 2342 333 2411; x_wconf 82' lang='grc' dir='ltr'><em>περὶ</em></span> <span class='ocrx_word' id='word_1_254' title='bbox 377 2342 478 2402; x_wconf 85' lang='grc' dir='ltr'><em>τὰς</em></span> <span class='ocrx_word' id='word_1_255' title='bbox 525 2348 626 2392; x_wconf 90' lang='grc' dir='ltr'><em>τοῦ</em></span> <span class='ocrx_word' id='word_1_256' title='bbox 670 2343 835 2408; x_wconf 87' lang='grc' dir='ltr'><em>ἀέρος</em></span> <span class='ocrx_word' id='word_1_257' title='bbox 871 2339 1188 2408; x_wconf 89' lang='grc' dir='ltr'><em>μεταβολάς</em></span> <span class='ocrx_word' id='word_1_258' title='bbox 1236 2335 1365 2410; x_wconf 81' lang='grc' dir='ltr'><em>[καὶ]</em></span> <span class='ocrx_word' id='word_1_259' title='bbox 1414 2342 1757 2410; x_wconf 76' lang='grc' dir='ltr'><em>θεραπεύειν</em></span> <span class='ocrx_word' id='word_1_260' title='bbox 1809 2345 1954 2409; x_wconf 83' lang='grc' dir='ltr'><em>σφᾶς</em></span> <span class='ocrx_word' id='word_1_261' title='bbox 2005 2336 2290 2389; x_wconf 85' lang='grc' dir='ltr'><em>κελεύουσι</em></span> 
     </span>
    </p>

    <p class='ocr_par' dir='ltr' id='par_1_9' title="bbox 121 2423 2291 2666">
     <span class='ocr_line' id='line_1_26' title="bbox 121 2423 2291 2495; baseline -0.001 -20"><span class='ocrx_word' id='word_1_262' title='bbox 121 2433 171 2475; x_wconf 84' lang='grc'><em>25</em></span> <span class='ocrx_word' id='word_1_263' title='bbox 207 2427 406 2492; x_wconf 83' lang='grc' dir='ltr'><em>μεστοὶ</em></span> <span class='ocrx_word' id='word_1_264' title='bbox 453 2428 608 2487; x_wconf 84' lang='grc' dir='ltr'><em>ὅντες</em></span> <span class='ocrx_word' id='word_1_265' title='bbox 651 2423 886 2489; x_wconf 83' lang='grc' dir='ltr'><em>ἀταξίας</em></span> <span class='ocrx_word' id='word_1_266' title='bbox 925 2424 1139 2495; x_wconf 85' lang='grc' dir='ltr'><em>πολλῆς</em></span> <span class='ocrx_word' id='word_1_267' title='bbox 1174 2428 1268 2477; x_wconf 84' lang='grc' dir='ltr'><em>καὶ</em></span> <span class='ocrx_word' id='word_1_268' title='bbox 1306 2428 1636 2495; x_wconf 84' lang='grc' dir='ltr'><em>νοσημάτων</em></span> <span class='ocrx_word' id='word_1_269' title='bbox 1675 2423 1938 2493; x_wconf 80' lang='grc' dir='ltr'><em>ἰσχυρῶν,</em></span> <span class='ocrx_word' id='word_1_270' title='bbox 1991 2423 2110 2474; x_wconf 85' lang='grc' dir='ltr'><em>οἷον</em></span> <span class='ocrx_word' id='word_1_271' title='bbox 2145 2425 2291 2484; x_wconf 82' lang='grc' dir='ltr'><em>εἰκὸς</em></span> 
     </span>
     <span class='ocr_line' id='line_1_27' title="bbox 197 2505 2283 2579; baseline -0.001 -19"><span class='ocrx_word' id='word_1_272' title='bbox 197 2513 328 2572; x_wconf 82' lang='grc' dir='ltr'><em>τοὺς</em></span> <span class='ocrx_word' id='word_1_273' title='bbox 365 2513 657 2572; x_wconf 91' lang='grc' dir='ltr'><em>τοιούτους</em></span> <span class='ocrx_word' id='word_1_274' title='bbox 694 2508 1170 2577; x_wconf 80' lang='grc' dir='ltr'><em>καταλαμβάνειν,</em></span> <span class='ocrx_word' id='word_1_275' title='bbox 1220 2514 1377 2572; x_wconf 83' lang='grc' dir='ltr'><em>ὅπως</em></span> <span class='ocrx_word' id='word_1_276' title='bbox 1421 2509 1478 2561; x_wconf 83' lang='grc' dir='ltr'><em>δὲ</em></span> <span class='ocrx_word' id='word_1_277' title='bbox 1527 2508 1699 2579; x_wconf 84' lang='grc' dir='ltr'><em>μηδὲν</em></span> <span class='ocrx_word' id='word_1_278' title='bbox 1739 2510 1937 2577; x_wconf 83' lang='grc' dir='ltr'><em>ἰατροῦ</em></span> <span class='ocrx_word' id='word_1_279' title='bbox 1974 2505 2283 2577; x_wconf 85' lang='grc' dir='ltr'><em>δεήσονται,</em></span> 
     </span>
     <span class='ocr_line' id='line_1_28' title="bbox 199 2596 1183 2666; baseline 0.002 -21"><span class='ocrx_word' id='word_1_280' title='bbox 199 2601 364 2645; x_wconf 88' lang='grc' dir='ltr'><em>τοῦτο</em></span> <span class='ocrx_word' id='word_1_281' title='bbox 404 2597 502 2665; x_wconf 83' lang='grc' dir='ltr'><em>τὴν</em></span> <span class='ocrx_word' id='word_1_282' title='bbox 542 2596 712 2666; x_wconf 76' lang='grc' dir='ltr'><em>ἀρχὴν</em></span> <span class='ocrx_word' id='word_1_283' title='bbox 751 2597 813 2646; x_wconf 81' lang='grc' dir='ltr'><em>ού</em></span> <span class='ocrx_word' id='word_1_284' title='bbox 860 2602 1183 2647; x_wconf 80' lang='grc' dir='ltr'><em>σκοποῦσιν.</em></span> 
     </span>
    </p>
   </div>
   <div class='ocr_carea' id='block_1_3' title="bbox 197 2786 2288 3478">
    <p class='ocr_par' dir='ltr' id='par_1_10' title="bbox 197 2786 2288 3478">
     <span class='ocr_line' id='line_1_29' title="bbox 342 2786 2286 2845; baseline 0 -13"><span class='ocrx_word' id='word_1_285' title='bbox 342 2792 367 2832; x_wconf 98' lang='grc'>2</span> <span class='ocrx_word' id='word_1_286' title='bbox 398 2805 467 2843; x_wconf 87' lang='grc' dir='ltr'><em>τις</em></span> <span class='ocrx_word' id='word_1_287' title='bbox 496 2802 583 2833; x_wconf 91' lang='lat' dir='ltr'><em>om.</em></span> <span class='ocrx_word' id='word_1_288' title='bbox 612 2788 662 2831; x_wconf 91' lang='lat' dir='ltr'>M</span> <span class='ocrx_word' id='word_1_289' title='bbox 777 2786 941 2835; x_wconf 77' lang='grc' dir='ltr'><em>ὤνιται</em></span> <span class='ocrx_word' id='word_1_290' title='bbox 971 2789 1019 2832; x_wconf 92' lang='grc' dir='ltr'>Μ</span> <span class='ocrx_word' id='word_1_291' title='bbox 1135 2793 1160 2833; x_wconf 90' lang='grc'><strong>6</strong></span> <span class='ocrx_word' id='word_1_292' title='bbox 1191 2789 1257 2842; x_wconf 84' lang='grc' dir='ltr'><em>εἰς</em></span> <span class='ocrx_word' id='word_1_293' title='bbox 1284 2802 1367 2845; x_wconf 88' lang='lat' dir='ltr'><em>pro</em></span> <span class='ocrx_word' id='word_1_294' title='bbox 1397 2786 1451 2834; x_wconf 80' lang='grc' dir='ltr'><em>ἐκ</em></span> <span class='ocrx_word' id='word_1_295' title='bbox 1480 2788 1530 2831; x_wconf 90' lang='grc' dir='ltr'><strong>Μ</strong></span> <span class='ocrx_word' id='word_1_296' title='bbox 1631 2787 1690 2835; x_wconf 74' lang='grc' dir='ltr'><em>τοὶ</em></span> <span class='ocrx_word' id='word_1_297' title='bbox 1723 2788 1908 2844; x_wconf 76' lang='lat' dir='ltr'><em>seclusi3</em></span> <span class='ocrx_word' id='word_1_298' title='bbox 1939 2787 2286 2842; x_wconf 79' lang='grc' dir='ltr'><em>εἰσδανείζοντα</em></span> 
     </span>
     <span class='ocr_line' id='line_1_30' title="bbox 198 2853 2174 2919; baseline -0.003 -13"><span class='ocrx_word' id='word_1_299' title='bbox 198 2855 353 2907; x_wconf 81' lang='grc' dir='ltr'><em>πολλὰ</em></span> <span class='ocrx_word' id='word_1_300' title='bbox 387 2860 568 2905; x_wconf 82' lang='lat' dir='ltr'>Geelius</span> <span class='ocrx_word' id='word_1_301' title='bbox 598 2860 825 2916; x_wconf 78' lang='lat' dir='ltr'>eleganter</span> <span class='ocrx_word' id='word_1_302' title='bbox 940 2865 963 2904; x_wconf 85' lang='lat'><strong>7</strong></span> <span class='ocrx_word' id='word_1_303' title='bbox 995 2855 1242 2919; x_wconf 80' lang='grc' dir='ltr'><em>ῧγιένοντα</em></span> <span class='ocrx_word' id='word_1_304' title='bbox 1273 2860 1314 2905; x_wconf 88' lang='lat' dir='ltr'>U</span> <span class='ocrx_word' id='word_1_305' title='bbox 1428 2861 1509 2905; x_wconf 81' lang='grc' dir='ltr'><em>καὶ</em></span> <span class='ocrx_word' id='word_1_306' title='bbox 1539 2858 1704 2903; x_wconf 83' lang='lat' dir='ltr'>seclusi</span> <span class='ocrx_word' id='word_1_307' title='bbox 1855 2861 1879 2901; x_wconf 90' lang='lat'>9</span> <span class='ocrx_word' id='word_1_308' title='bbox 1908 2853 2104 2915; x_wconf 82' lang='grc' dir='ltr'><em>μεγάλιν</em></span> <span class='ocrx_word' id='word_1_309' title='bbox 2133 2857 2174 2901; x_wconf 89' lang='lat' dir='ltr'>U</span> 
     </span>
     <span class='ocr_line' id='line_1_31' title="bbox 201 2927 2288 2984; baseline -0.002 -9"><span class='ocrx_word' id='word_1_310' title='bbox 201 2934 254 2975; x_wconf 85' lang='lat'><em>12</em></span> <span class='ocrx_word' id='word_1_311' title='bbox 282 2934 364 2978; x_wconf 83' lang='grc' dir='ltr'><em>καὶ</em></span> <span class='ocrx_word' id='word_1_312' title='bbox 392 2931 493 2977; x_wconf 77' lang='lat' dir='ltr'><strong>add,</strong></span> <span class='ocrx_word' id='word_1_313' title='bbox 522 2931 656 2977; x_wconf 88' lang='lat' dir='ltr'><strong>Dind.</strong></span> <span class='ocrx_word' id='word_1_314' title='bbox 793 2933 1034 2978; x_wconf 86' lang='grc' dir='ltr'><em>πλουσίων</em></span> <span class='ocrx_word' id='word_1_315' title='bbox 1063 2931 1103 2976; x_wconf 92' lang='lat' dir='ltr'>U</span> <span class='ocrx_word' id='word_1_316' title='bbox 1250 2934 1300 2974; x_wconf 89' lang='lat'><em>13</em></span> <span class='ocrx_word' id='word_1_317' title='bbox 1333 2929 1379 2976; x_wconf 75' lang='grc' dir='ltr'><em>οἳ</em></span> <span class='ocrx_word' id='word_1_318' title='bbox 1407 2930 1456 2976; x_wconf 81' lang='grc' dir='ltr'><em>δὲ</em></span> <span class='ocrx_word' id='word_1_319' title='bbox 1484 2930 1531 2973; x_wconf 88' lang='lat' dir='ltr'><em>in</em></span> <span class='ocrx_word' id='word_1_320' title='bbox 1560 2927 1745 2984; x_wconf 85' lang='lat' dir='ltr'><strong>apodosi</strong></span> <span class='ocrx_word' id='word_1_321' title='bbox 1772 2927 1860 2972; x_wconf 85' lang='lat' dir='ltr'><em>Dio</em></span> <span class='ocrx_word' id='word_1_322' title='bbox 1890 2927 2068 2983; x_wconf 83' lang='lat' dir='ltr'><strong>saepius</strong></span> <span class='ocrx_word' id='word_1_323' title='bbox 2097 2928 2288 2982; x_wconf 82' lang='lat' dir='ltr'><strong>usurpat</strong></span> 
     </span>
     <span class='ocr_line' id='line_1_32' title="bbox 197 2991 2281 3058; baseline -0.002 -13"><span class='ocrx_word' id='word_1_324' title='bbox 197 3001 366 3058; x_wconf 86' lang='lat' dir='ltr'><strong>(Emp.)</strong></span> <span class='ocrx_word' id='word_1_325' title='bbox 513 3005 563 3046; x_wconf 88' lang='lat'><em>16</em></span> <span class='ocrx_word' id='word_1_326' title='bbox 594 3019 664 3055; x_wconf 80' lang='grc' dir='ltr'><em>τις</em></span> <span class='ocrx_word' id='word_1_327' title='bbox 694 3002 845 3047; x_wconf 87' lang='lat' dir='ltr'><strong>addidi</strong></span> <span class='ocrx_word' id='word_1_328' title='bbox 1016 2997 1120 3048; x_wconf 83' lang='grc' dir='ltr'><em>τινὰ</em></span> <span class='ocrx_word' id='word_1_329' title='bbox 1150 3001 1283 3057; x_wconf 86' lang='lat' dir='ltr'><strong>Emp.</strong></span> <span class='ocrx_word' id='word_1_330' title='bbox 1314 2999 1553 3051; x_wconf 82' lang='lat' dir='ltr'>verissime,</span> <span class='ocrx_word' id='word_1_331' title='bbox 1583 2994 1715 3051; x_wconf 83' lang='grc' dir='ltr'><em>τινάς</em></span> <span class='ocrx_word' id='word_1_332' title='bbox 1742 2996 1845 3041; x_wconf 85' lang='lat' dir='ltr'><strong>libri</strong></span> <span class='ocrx_word' id='word_1_333' title='bbox 1991 2999 2042 3040; x_wconf 82' lang='lat'><em>18</em></span> <span class='ocrx_word' id='word_1_334' title='bbox 2074 2991 2139 3049; x_wconf 79' lang='grc' dir='ltr'><em>ὡς</em></span> <span class='ocrx_word' id='word_1_335' title='bbox 2168 2992 2281 3041; x_wconf 84' lang='grc' dir='ltr'><em>τότε</em></span> 
     </span>
     <span class='ocr_line' id='line_1_33' title="bbox 199 3062 2283 3129; baseline -0.002 -15"><span class='ocrx_word' id='word_1_336' title='bbox 199 3071 425 3124; x_wconf 82' lang='lat' dir='ltr'><strong>Reiskius,</strong></span> <span class='ocrx_word' id='word_1_337' title='bbox 457 3067 522 3125; x_wconf 79' lang='grc' dir='ltr'><em>ὡς</em></span> <span class='ocrx_word' id='word_1_338' title='bbox 550 3068 609 3118; x_wconf 85' lang='grc' dir='ltr'><em>τὸ</em></span> <span class='ocrx_word' id='word_1_339' title='bbox 639 3074 691 3118; x_wconf 89' lang='grc' dir='ltr'><strong>Μ</strong></span> <span class='ocrx_word' id='word_1_340' title='bbox 721 3064 847 3119; x_wconf 72' lang='grc' dir='ltr'><em>ὥστε</em></span> <span class='ocrx_word' id='word_1_341' title='bbox 877 3073 935 3118; x_wconf 82' lang='grc' dir='ltr'><em>τὸ</em></span> <span class='ocrx_word' id='word_1_342' title='bbox 968 3072 1049 3116; x_wconf 92' lang='lat' dir='ltr'><em>UB</em></span> <span class='ocrx_word' id='word_1_343' title='bbox 1181 3069 1417 3129; x_wconf 80' lang='grc' dir='ltr'><em>γενόμενα</em></span> <span class='ocrx_word' id='word_1_344' title='bbox 1446 3069 1573 3113; x_wconf 89' lang='lat' dir='ltr'><strong>malit</strong></span> <span class='ocrx_word' id='word_1_345' title='bbox 1601 3068 1734 3124; x_wconf 88' lang='lat' dir='ltr'>Emp.</span> <span class='ocrx_word' id='word_1_346' title='bbox 1879 3069 1929 3110; x_wconf 88' lang='grc'><em>19</em></span> <span class='ocrx_word' id='word_1_347' title='bbox 1960 3062 2146 3124; x_wconf 81' lang='grc' dir='ltr'><em>δύνηται</em></span> <span class='ocrx_word' id='word_1_348' title='bbox 2176 3066 2283 3111; x_wconf 85' lang='lat' dir='ltr'>Wil.</span> 
     </span>
     <span class='ocr_line' id='line_1_34' title="bbox 200 3132 2198 3201; baseline -0.003 -15"><span class='ocrx_word' id='word_1_349' title='bbox 200 3132 366 3200; x_wconf 70' lang='grc' dir='ltr'><em>ὥσπερ</em></span> <span class='ocrx_word' id='word_1_350' title='bbox 392 3140 544 3198; x_wconf 84' lang='lat' dir='ltr'>Emp.,</span> <span class='ocrx_word' id='word_1_351' title='bbox 575 3138 641 3196; x_wconf 79' lang='grc' dir='ltr'><em>ὡς</em></span> <span class='ocrx_word' id='word_1_352' title='bbox 669 3138 763 3201; x_wconf 80' lang='grc' dir='ltr'><em>γὰρ</em></span> <span class='ocrx_word' id='word_1_353' title='bbox 791 3142 894 3188; x_wconf 86' lang='lat' dir='ltr'>libri</span> <span class='ocrx_word' id='word_1_354' title='bbox 923 3134 1094 3196; x_wconf 59' lang='grc' dir='ltr'><em>(οὕτως</em></span> <span class='ocrx_word' id='word_1_355' title='bbox 1121 3136 1216 3200; x_wconf 81' lang='grc' dir='ltr'><em>γὰρ</em></span> <span class='ocrx_word' id='word_1_356' title='bbox 1245 3140 1376 3196; x_wconf 87' lang='lat' dir='ltr'><strong>Emp.</strong></span> <span class='ocrx_word' id='word_1_357' title='bbox 1407 3139 1455 3183; x_wconf 89' lang='lat' dir='ltr'><em>in</em></span> <span class='ocrx_word' id='word_1_358' title='bbox 1485 3138 1679 3190; x_wconf 80' lang='lat' dir='ltr'>schedis)</span> <span class='ocrx_word' id='word_1_359' title='bbox 1823 3140 1872 3180; x_wconf 87' lang='grc'><em>21</em></span> <span class='ocrx_word' id='word_1_360' title='bbox 1908 3132 2128 3183; x_wconf 82' lang='grc' dir='ltr'><em>ὃύνονται</em></span> <span class='ocrx_word' id='word_1_361' title='bbox 2158 3136 2198 3181; x_wconf 91' lang='lat' dir='ltr'>U</span> 
     </span>
     <span class='ocr_line' id='line_1_35' title="bbox 200 3207 2287 3272; baseline -0.006 -11"><span class='ocrx_word' id='word_1_362' title='bbox 200 3209 320 3261; x_wconf 81' lang='grc' dir='ltr'><em>ἀλλά</em></span> <span class='ocrx_word' id='word_1_363' title='bbox 354 3215 533 3267; x_wconf 82' lang='grc' dir='ltr'><em>σιτίους</em></span> <span class='ocrx_word' id='word_1_364' title='bbox 563 3239 616 3246; x_wconf 83' lang='lat'><em>--</em></span> <span class='ocrx_word' id='word_1_365' title='bbox 648 3217 701 3257; x_wconf 86' lang='lat'><em>22</em></span> <span class='ocrx_word' id='word_1_366' title='bbox 729 3217 942 3272; x_wconf 79' lang='grc' dir='ltr'><em>χρῶνται</em></span> <span class='ocrx_word' id='word_1_367' title='bbox 970 3214 1060 3257; x_wconf 88' lang='lat' dir='ltr'><em>huc</em></span> <span class='ocrx_word' id='word_1_368' title='bbox 1089 3212 1367 3269; x_wconf 78' lang='lat' dir='ltr'><strong>transposuit</strong></span> <span class='ocrx_word' id='word_1_369' title='bbox 1396 3210 1607 3264; x_wconf 84' lang='lat' dir='ltr'><strong>Casaub.‚</strong></span> <span class='ocrx_word' id='word_1_370' title='bbox 1644 3220 1758 3265; x_wconf 89' lang='lat' dir='ltr'><em>quae</em></span> <span class='ocrx_word' id='word_1_371' title='bbox 1786 3208 1916 3263; x_wconf 86' lang='lat' dir='ltr'><strong>vulgo</strong></span> <span class='ocrx_word' id='word_1_372' title='bbox 1946 3207 2155 3262; x_wconf 85' lang='lat' dir='ltr'><strong>leguntur</strong></span> <span class='ocrx_word' id='word_1_373' title='bbox 2182 3210 2287 3262; x_wconf 82' lang='lat' dir='ltr'><strong>post</strong></span> 
     </span>
     <span class='ocr_line' id='line_1_36' title="bbox 199 3278 2285 3344; baseline -0.004 -13"><span class='ocrx_word' id='word_1_374' title='bbox 199 3280 474 3344; x_wconf 80' lang='grc' dir='ltr'><em>μεταβολὰς</em></span> <span class='ocrx_word' id='word_1_375' title='bbox 493 3285 520 3329; x_wconf 92' lang='lat' dir='ltr'><em>l.</em></span> <span class='ocrx_word' id='word_1_376' title='bbox 544 3287 624 3341; x_wconf 80' lang='lat'><em>243</em></span> <span class='ocrx_word' id='word_1_377' title='bbox 663 3297 754 3329; x_wconf 89' lang='lat' dir='ltr'><em>non</em></span> <span class='ocrx_word' id='word_1_378' title='bbox 784 3285 948 3341; x_wconf 83' lang='lat' dir='ltr'><strong>probat</strong></span> <span class='ocrx_word' id='word_1_379' title='bbox 977 3283 1108 3337; x_wconf 89' lang='lat' dir='ltr'><strong>Wil.,</strong></span> <span class='ocrx_word' id='word_1_380' title='bbox 1150 3283 1227 3327; x_wconf 87' lang='lat' dir='ltr'><em>sed</em></span> <span class='ocrx_word' id='word_1_381' title='bbox 1267 3284 1442 3327; x_wconf 83' lang='lat' dir='ltr'><strong>servato</strong></span> <span class='ocrx_word' id='word_1_382' title='bbox 1483 3280 1704 3326; x_wconf 89' lang='lat' dir='ltr'><strong>librorum</strong></span> <span class='ocrx_word' id='word_1_383' title='bbox 1741 3278 1896 3324; x_wconf 85' lang='lat' dir='ltr'>ordine</span> <span class='ocrx_word' id='word_1_384' title='bbox 1933 3280 2037 3334; x_wconf 85' lang='lat' dir='ltr'><strong>post</strong></span> <span class='ocrx_word' id='word_1_385' title='bbox 2073 3280 2285 3337; x_wconf 81' lang='grc' dir='ltr'><em>χρῶνται</em></span> 
     </span>
     <span class='ocr_line' id='line_1_37' title="bbox 201 3348 2285 3411; baseline -0.003 -11"><span class='ocrx_word' id='word_1_386' title='bbox 201 3368 407 3411; x_wconf 84' lang='lat' dir='ltr'><strong>magnam</strong></span> <span class='ocrx_word' id='word_1_387' title='bbox 437 3355 645 3399; x_wconf 86' lang='lat' dir='ltr'><strong>lacunam</strong></span> <span class='ocrx_word' id='word_1_388' title='bbox 675 3354 835 3399; x_wconf 78' lang='lat' dir='ltr'><strong>statuit</strong></span> <span class='ocrx_word' id='word_1_389' title='bbox 978 3356 1030 3397; x_wconf 86' lang='lat'><em>22</em></span> <span class='ocrx_word' id='word_1_390' title='bbox 1063 3350 1246 3399; x_wconf 76' lang='grc' dir='ltr'><em>οἴονται</em></span> <span class='ocrx_word' id='word_1_391' title='bbox 1277 3352 1327 3396; x_wconf 91' lang='grc' dir='ltr'><strong>Μ</strong></span> <span class='ocrx_word' id='word_1_392' title='bbox 1469 3354 1522 3395; x_wconf 90' lang='grc'><em>23</em></span> <span class='ocrx_word' id='word_1_393' title='bbox 1553 3349 1594 3396; x_wconf 82' lang='grc' dir='ltr'><em>δ’</em></span> <span class='ocrx_word' id='word_1_394' title='bbox 1628 3349 1730 3394; x_wconf 83' lang='lat' dir='ltr'><strong>add.</strong></span> <span class='ocrx_word' id='word_1_395' title='bbox 1763 3348 1954 3394; x_wconf 82' lang='lat' dir='ltr'><strong>Casaub.</strong></span> <span class='ocrx_word' id='word_1_396' title='bbox 2080 3363 2285 3407; x_wconf 83' lang='grc' dir='ltr'><em>πυρετος</em></span> 
     </span>
     <span class='ocr_line' id='line_1_38' title="bbox 200 3415 2285 3478; baseline -0.004 -8"><span class='ocrx_word' id='word_1_397' title='bbox 200 3426 304 3471; x_wconf 83' lang='lat' dir='ltr'><strong>add.</strong></span> <span class='ocrx_word' id='word_1_398' title='bbox 326 3425 537 3471; x_wconf 79' lang='lat' dir='ltr'><em>Reiskius</em></span> <span class='ocrx_word' id='word_1_399' title='bbox 568 3429 646 3470; x_wconf 83' lang='lat' dir='ltr'><em>aut</em></span> <span class='ocrx_word' id='word_1_400' title='bbox 674 3427 753 3471; x_wconf 80' lang='grc' dir='ltr'><em>καὶ</em></span> <span class='ocrx_word' id='word_1_401' title='bbox 773 3425 858 3470; x_wconf 84' lang='lat' dir='ltr'>del.</span> <span class='ocrx_word' id='word_1_402' title='bbox 946 3427 1000 3468; x_wconf 86' lang='lat'><em>24</em></span> <span class='ocrx_word' id='word_1_403' title='bbox 1028 3426 1108 3470; x_wconf 84' lang='grc' dir='ltr'><em>καὶ</em></span> <span class='ocrx_word' id='word_1_404' title='bbox 1138 3423 1223 3467; x_wconf 84' lang='lat' dir='ltr'>del.</span> <span class='ocrx_word' id='word_1_405' title='bbox 1246 3422 1375 3478; x_wconf 89' lang='lat' dir='ltr'><strong>Emp.</strong></span> <span class='ocrx_word' id='word_1_406' title='bbox 1469 3424 1522 3466; x_wconf 86' lang='lat'><em>25</em></span> <span class='ocrx_word' id='word_1_407' title='bbox 1555 3415 1689 3476; x_wconf 81' lang='grc' dir='ltr'><em>ἀξίας</em></span> <span class='ocrx_word' id='word_1_408' title='bbox 1709 3419 1757 3464; x_wconf 90' lang='grc' dir='ltr'><strong>Μ</strong></span> <span class='ocrx_word' id='word_1_409' title='bbox 1847 3423 1898 3464; x_wconf 84' lang='grc'><em>26</em></span> <span class='ocrx_word' id='word_1_410' title='bbox 1929 3415 2184 3478; x_wconf 83' lang='grc' dir='ltr'><em>δεήσωνται</em></span> <span class='ocrx_word' id='word_1_411' title='bbox 2206 3417 2285 3462; x_wconf 90' lang='lat' dir='ltr'><em>UB</em></span> 
     </span>
    </p>
   </div>
  </div>
 </body>
</html>
