2684 4140
390 233 490 279 140
1166 219 1370 264 DIONIS
1402 218 1697 264 CHRYSEIS

384 376 648 440 γυναῖκες,
690 369 786 418 οὐκ
823 367 921 416 ἐπὶ
955 362 1147 415 κάλλει
1183 366 1383 429 μόνον,
1425 360 1565 412 ἀλλὰ
1605 364 1699 413 καὶ
1735 364 1834 432 τὴν
1874 364 2044 433 ἀρχὴν
2085 364 2477 430 αὑταῖςνομι-

387 453 583 518 ζουσαι
621 453 927 521 προσήκειν
965 446 1194 515 μᾶλλον.
1271 449 1402 509 τοὺς
1438 450 1540 513 μὲν
1577 448 1680 515 γὰρ
1719 444 2055 508 Πελοπίδας
2104 464 2164 499 τε
2203 447 2350 499 εἶναι
2385 451 2479 500 καὶ

382 535 665 607 ἐπήλυδας
702 543 799 606 τῆς
831 528 1116 596 Ἑλλάδος,
1170 534 1335 584 αὐταὶ
1374 530 1432 583 δὲ
1464 524 1772 597 Ἀχαιίδες,
1830 530 2127 599 Τυνδάρεω
2166 534 2477 603 θυγατέρες

379 625 472 674 καὶ
507 619 723 691 Λήδας.
801 621 831 669 ὁ
870 617 928 670 δὲ
963 616 1290 687 Τυνδάρειος
1329 615 1556 680 ἔνδοξος
1592 614 1658 686 ἦν
1695 619 1789 667 καὶ
1835 615 2102 684 βασιλεὺς
2150 625 2249 688 τῆς
2284 621 2475 688 Σπάρ-

380 725 493 777 της,
535 707 678 756 ὥστε
713 706 807 755 καὶ
843 706 941 774 τήν
973 696 1186 773 Ἑλένην
1227 700 1320 753 διὰ
1359 709 1524 752 τοῦτο
1575 703 1954 771 ἐμνήστευσαν
1994 705 2051 754 οἱ
2095 705 2324 773 ἄριστοι
2361 710 2471 755 τῶν
2508 713 2532 753 5

299 785 641 861 11Ἑλλήνων
676 791 770 840 καὶ
806 789 1118 859 βοηθήσειν
1148 790 1392 853 ὤμοσαν.
1456 790 1601 857 πρὸς
1640 785 1699 837 δὲ
1726 790 1950 850 τούτοις
1977 786 2223 860 ἀδελφαὶ
2249 790 2471 839 Κάστο-

379 894 476 946 ρος
511 878 604 927 καὶ
638 873 1028 936 Πολυδεύκους
1064 871 1220 945 ἦσαν,
1263 875 1319 924 οἳ
1353 875 1497 935 Διὸς
1537 871 1742 935 παῖδες
1779 875 2172 945 ἐνομίσθησαν
2209 876 2304 925 καὶ
2341 875 2475 926 θεοὶ

377 966 538 1031 μέχρι
575 968 667 1013 νῦν
706 966 849 1012 πᾶσι
889 959 1118 1012 δοκοῦσι
1158 958 1251 1011 διὰ
1290 962 1388 1030 τήν
1429 957 1663 1025 δύναμιν
1700 960 1766 1029 ἢν
1805 962 1931 1011 τότε
1970 961 2149 1025 ἔσχον.
2224 966 2334 1010 τῶν
2371 962 2473 1025 μὲν

377 1048 478 1116 γὰρ
518 1049 576 1098 ἐν
600 1044 1020 1116 Πελοποννήσῳ
1064 1050 1356 1114 προεῖχον·
1396 1052 1506 1096 τῶν
1537 1042 1594 1096 δὲ
1622 1042 1729 1108 ἔξω
1755 1043 2200 1115 Πελοποννήσου
2238 1046 2469 1114 μεγίστη

379 1131 612 1199 δύναμις
648 1130 714 1202 ἦν
752 1137 783 1201 ή
822 1134 954 1201 περὶ
991 1133 1091 1193 τὰς
1109 1124 1376 1202 Ἀθήνας,
1415 1133 1508 1182 καὶ
1545 1133 1751 1201 ταύτην
1788 1128 2061 1182 καθεῖλον
2099 1127 2468 1199 ἐπιστρατεύ-
2508 1139 2553 1180 10

383 1233 579 1280 σαντες
609 1218 842 1288 Θησέως
867 1216 1280 1284 βασιλεύοντος.
1351 1219 1436 1269 ἔτι
1475 1215 1533 1268 δὲ
1574 1219 1813 1285 ἀνεψιὸς
1851 1219 2091 1284 ἐγεγόνει
2132 1217 2324 1278 αὐτοῖς
2350 1217 2471 1267 Με-
2493 1227 2660 1268 (3173]

383 1301 613 1373 λέαγρος
651 1305 681 1354 ὁ
718 1310 827 1354 τῶν
859 1294 1126 1374 Ἑλλήνων
1165 1305 1414 1373 ἄριστος.
1481 1311 1654 1354 ταῦτα
1692 1305 1794 1370 μὲν
1836 1304 1930 1354 οὖν
1969 1301 2172 1368 (ἴσως)
2210 1295 2307 1353 οὐκ
2345 1303 2476 1372 ήπί-

384 1403 553 1439 στατο
603 1393 635 1459 ή
687 1390 968 1458 Χρυσηίς,
1020 1391 1082 1439 τὸ
1125 1387 1183 1440 δὲ
1239 1391 1499 1459 φρόνημα
1550 1391 1713 1459 ἤκουε
1760 1396 1870 1439 τῶν
1917 1395 2191 1455 γυναικῶν
2238 1389 2333 1439 καὶ
2380 1390 2478 1458 τήν

373 1467 587 1544 Ἑλένην
625 1476 1056 1541 ἐπεγίγνωσκεν,
1097 1476 1229 1524 ὅσον
1268 1475 1527 1543 ὑπερεῖχε
1565 1482 1667 1525 τοῦ
1703 1472 1933 1543 ἀνδρός·
1987 1475 2130 1524 ὥστε
2169 1471 2366 1543 ἐπειδὴ
2408 1473 2476 1522 τὰ

381 1561 513 1627 περὶ
564 1556 661 1628 τὴν
695 1551 890 1610 Ἀσίαν
934 1557 1148 1626 μεγάλα
1187 1561 1351 1629 ἤκουε
1402 1558 1495 1610 διά
1546 1577 1605 1611 τε
1649 1563 1838 1628 χώρας
1876 1556 2076 1629 ἀρετὴν
2113 1560 2207 1610 καὶ
2245 1556 2474 1628 πλῆθος
2511 1564 2559 1605 15

379 1644 705 1713 ἀνθρώπων
754 1646 848 1694 καὶ
880 1646 1206 1713 χρημάτων,
1255 1647 1673 1714 κατεφρόνησεν
1715 1639 1777 1694 οὐ
1815 1651 1917 1695 τοῦ
1954 1642 2250 1695 Μενελάου
2289 1646 2478 1709 μόνον,

379 1726 519 1778 ἀλλὰ
557 1735 660 1779 τοῦ
693 1747 752 1780 τε
784 1723 1196 1796 Ἀγαμέμνονος
1232 1731 1326 1780 καὶ
1365 1727 1663 1800 ξυμπάσης
1701 1738 1800 1801 τῆς
1831 1723 2120 1792 Ἑλλάδος,
2174 1730 2268 1778 καὶ
2304 1734 2478 1777 ταῦτα

299 1814 360 1864 12
383 1811 562 1864 εἵλετο
602 1807 722 1865 ἄντ’
777 1816 1016 1865 ἐκείνων.
1106 1816 1136 1864 o‘
1181 1816 1283 1880 μὲν
1336 1815 1431 1865 οὖν
1471 1813 1768 1877 ΠΙενέλαος
1815 1817 1910 1866 καὶ
1959 1816 2236 1882 πρότερον
2285 1814 2479 1863 ὑπεῖκε

381 1901 512 1968 περὶ
560 1902 788 1951 πάντων
836 1907 905 1970 τῇ
948 1891 1129 1968 Ἑλένῃ
1180 1902 1274 1951 καὶ
1326 1902 1559 1969 ὕστερον
1610 1899 1862 1971 εἰληφὼς
1913 1896 2269 1966 αἰχμάλωτον
2328 1900 2480 1962 ὅμως

379 1985 753 2053 ἐθεράπευεν·
794 1986 823 2035 ό
863 1983 921 2036 δὲ
954 1978 1315 2052 Ἀγαμέμνων
1356 1984 1449 2037 διὰ
1477 1984 1577 2056 τὴν
1605 1984 1774 2057 ἀρχὴν
1802 1989 2179 2055 ἐπαιρόμενος
2204 1979 2302 2052 τὴν
2330 1981 2474 2034 Κλυ-
2511 1991 2560 2032 20

381 2072 763 2140 ταιμνήστραν
804 2072 1092 2140 ἠτίμασεν,
1136 2073 1280 2123 ὥστε
1322 2070 1489 2143 δῆλον
1527 2070 1592 2142 ἧν
1631 2076 1719 2124 ὅτι
1758 2065 1854 2124 οὐκ
1893 2069 2181 2135 ἀνέξοιντο
2210 2066 2480 2138 ἀλλήλων,

382 2149 507 2206 ἀλλ’
560 2158 748 2207 ἔσοιτο
798 2164 1032 2207 τοιαῦτα
1075 2155 1270 2222 σχεδὸν
1322 2160 1499 2210 ὁποῖα
1551 2163 1872 2210 συνέπεσεν.
1961 2151 2090 2208 οὐδὲ
2142 2156 2245 2225 γὰρ
2298 2157 2480 2205 ἐκεῖνα

382 2239 544 2311 ἥδετο
586 2239 842 2309 λέγοντος
880 2250 981 2293 τοῦ
1013 2234 1425 2311 Ἀγαμέμνονος
1475 2248 1507 2312 ή
1545 2247 1829 2314 Χρυσηίς,
1875 2245 1970 2295 καὶ
2007 2249 2182 2293 ταῦτα
2224 2245 2481 2311 φανερῶς

382 2329 439 2378 έν
477 2325 738 2397 ἐκκλησία
765 2334 875 2379 τῶν
897 2322 1153 2394 Ἀχαιῶν,
1193 2332 1282 2380 ὅτι
1308 2329 1563 2400 προτιμᾷ
1592 2338 1690 2401 τῆς
1715 2331 1974 2398 γυναικὸς
2002 2320 2173 2398 αὐτὴν
2198 2327 2293 2377 καὶ
2321 2318 2480 2376 οὐδὲν

302 2413 578 2482 13ήγοῖτο
613 2415 866 2483 χείρονα·
919 2416 1141 2485 φθόνον
1179 2416 1282 2485 γὰρ
1321 2417 1414 2467 καὶ
1463 2412 1805 2486 ζηλοτυπίαν
1852 2408 1980 2485 ᾔδει
2029 2418 2289 2484 φέροντα.
2381 2411 2475 2460 καὶ
2509 2418 2560 2458 25

382 2494 444 2567 νὴ
482 2500 596 2549 Δία
645 2502 740 2550 τὸν
789 2503 1002 2570 τρόπον
1042 2504 1189 2571 ἑώρα
1228 2500 1332 2552 τόῦ
1372 2495 1785 2570 Ἀγαμέμνονος
1833 2504 1921 2553 ὅτι
1961 2494 2023 2551 οὗ
2063 2500 2295 2567 βέβαιος
2334 2493 2474 2547 ἀλλὰ
2502 2505 2580 2547 (585
2596 2504 2649 2547 Μ)

380 2584 742 2654 ὑπερήφανος
781 2585 864 2655 εἴη
904 2588 997 2637 καὶ
1033 2588 1328 2658 ὑβριστής,
1377 2589 1472 2639 καὶ
1519 2589 1577 2638 τί
1613 2590 1848 2658 ποιήσει
1886 2588 2032 2656 πρὸς
2071 2580 2240 2654 αὐτὴν
2282 2583 2480 2648 αἰχμά-

384 2665 560 2718 λωτον
612 2670 783 2721 οὖσαν
832 2668 1109 2738 ἐλογίζετο
1151 2675 1513 2739 παυσάμενος
1566 2681 1665 2744 τῆς
1703 2674 2050 2739 ἐπιθυμίας,
2102 2674 2246 2722 ὅπου
2285 2686 2344 2736 γε
2383 2675 2481 2738 τῆς

381 2757 584 2804 ἑαυτοῦ
618 2759 890 2822 γυναικός,
930 2755 1228 2823 βασιλίδος
1265 2776 1325 2810 τε
1367 2760 1537 2829 οὔσης
1562 2761 1656 2810 καὶ
1694 2757 1910 2820 παῖδας
1936 2756 1997 2821 ἐξ
2036 2750 2206 2827 αὐτῆς
2233 2770 2478 2822 πεποιη-

380 2842 573 2903 μένος,
625 2843 802 2903 οὕτως
850 2840 1135 2912 ὀλιγώρως
1182 2846 1566 2914 ἐμνημόνευεν.
1665 2846 1726 2895 αἱ
1754 2847 1872 2910 ’μὲν
1920 2844 2023 2912 γὰρ
2071 2839 2306 2910 ἀνόητοι
2351 2838 2474 2903 χαί·
2510 2841 2562 2883 30

381 2939 575 2992 ρουσιν
613 2927 711 2977 ἐπὶ
737 2932 858 2989 τοῖς
885 2930 1169 2998 ἐρασταῖς,
1208 2933 1342 2981 ὅταν
1378 2932 1695 3001 φαίνωνται
1733 2931 1835 2992 τὰς
1874 2926 2048 2989 ἄλλας
2085 2921 2476 2991 ἀτιμάζοντες·

384 3010 443 3058 αἱ
494 3007 551 3060 δὲ
592 3019 719 3063 νοῦν
770 3014 1000 3078 ἔχουσαι
1038 3012 1136 3086 τὴν
1178 3019 1350 3086 φύσιν
1402 3018 1579 3084 ὁρῶσι
1628 3023 1730 3067 τοῦ
1765 3022 1939 3066 ταῦτα
1980 3019 2283 3073 ποιοῦντος
2320 3012 2351 3081 ἢ
2396 3007 2478 3060 λέ·
2501 3014 2671 3058 (3183]

305 3095 366 3143 14
386 3108 595 3159 γοντος.
661 3099 773 3162 ἅμα
804 3096 861 3149 δὲ
899 3102 993 3151 καὶ
1031 3104 1176 3170 πρὸς
1216 3098 1384 3172 αὐτὴν
1421 3096 1710 3172 ᾐσθάνετο
1752 3095 1918 3152 αὐτὸν
1956 3102 2293 3170 ὑβριστικῶς
2319 3098 2478 3162 ἔχειν,

527 3278 544 3316 1
580 3269 744 3331 αὐταῖς
771 3278 813 3324 U
957 3284 981 3325 3
1012 3280 1233 3338 ἐπίλυδας
1263 3284 1301 3330 U
1332 3298 1391 3330 m.
1422 3298 1492 3342 pr.
1638 3278 1776 3333 αὗται
1806 3287 1900 3333 UM
2014 3289 2285 3349 θυγατέρας
2313 3290 2364 3335 Μ

387 3347 438 3386 10
468 3349 700 3392 καθεῖλαν
729 3349 818 3394 ΒΜ
993 3357 1042 3397 12
1074 3352 1188 3409 ἴσως
1217 3356 1320 3400 add.
1351 3356 1486 3414 Emp.
1518 3357 1730 3403 dubitans
1763 3371 1787 3402 e
1817 3359 1915 3405 cod.
1949 3360 1978 3403 S
2017 3362 2111 3417 (qui
2143 3354 2228 3407 οὖν
2257 3364 2364 3414 om.)

389 3419 438 3458 14
468 3413 789 3475 ἐπεγίνωσκεν
817 3420 859 3466 U
1031 3426 1336 3472 scribendum:
1376 3423 1618 3489 ὑπερεῖδε,
1647 3433 1699 3473 ut
1729 3429 1974 3474 ostendunt
2003 3444 2118 3486 quae
2147 3436 2363 3476 secuntur

388 3488 440 3529 16
470 3485 802 3569 κατεφρόνησε
832 3491 873 3536 U
903 3505 959 3539 m.
981 3507 1048 3550 pr.
1082 3499 1125 3547 (v
1153 3497 1255 3541 add.
1281 3502 1410 3553 corr.)
1506 3503 1553 3544 18
1583 3501 1732 3558 ὑπῆκε
1751 3500 1802 3545 Μ
1890 3503 1936 3544 21
1973 3501 2132 3546 immo:
2163 3496 2391 3560 ἠτίμαζεν

388 3559 440 3599 25
470 3565 629 3615 ηγεῖτο
662 3559 699 3601 Β
823 3558 922 3621 ήιδη
952 3563 993 3608 U
1022 3578 1080 3609 m.
1112 3580 1179 3622 pr.
1324 3573 1375 3613 27
1410 3565 1556 3630 αὐτὴν
1586 3570 1625 3615 U
1772 3575 1820 3616 31
1856 3572 2111 3630 φαίνονται
2142 3573 2273 3619 BMU
2304 3587 2363 3619 m.
2394 3588 2475 3631 pr„

386 3639 499 3671 corr.
531 3628 663 3686 Emp.
782 3635 835 3675 32
865 3628 1083 3691 ὑφορῶσι
1116 3637 1294 3684 Geelius
1419 3646 1473 3686 33
1506 3637 1653 3700 αὐτὴν
1680 3641 1797 3695 libri,
1830 3637 1978 3701 αὑτὴν
2005 3643 2138 3700 Emp.
2171 3655 2197 3688 e
2228 3644 2325 3689 cod.
2359 3644 2389 3689 S

384 3698 551 3742 malim:
585 3695 758 3758 ἔχοντα
