2684 4140
885 221 1296 268 CORINTHIACA
1324 221 1553 266 XXXVII.
2193 220 2259 267 25

178 371 244 421 ἂν
271 371 379 439 ἄρα
404 367 515 438 δέῃ,
544 371 708 440 τιμὴν
733 370 1140 438 ἀνατραπῆναι.
1183 364 1449 437 διαβολῆς
1475 368 1575 432 μὲν
1599 366 1702 434 γὰρ
1730 368 1884 416 ἕνεκα
1910 367 2010 417 κᾶν
2035 367 2258 432 Σωκρά-

177 473 275 525 της
303 454 386 524 εἴη
414 461 524 506 τῶν
551 459 688 505 νέων
716 452 1068 524 διαφθορεὺς
1092 455 1185 503 καὶ
1211 455 1437 503 πάντων
1464 458 1573 503 τῶν
1594 454 1652 502 ἐν
1679 452 2015 521 ἀνθρώποις
2042 446 2260 516 νομιζο-

176 544 357 605 μένων
378 541 744 609 ἀνατροπεύς,
773 541 887 589 ἀπὸ
910 545 1020 588 τῶν
1041 539 1195 589 θεῶν
1217 539 1534 606 ἀρχόμενος.
1575 539 1731 598 τίνας
1750 537 1852 606 γὰρ
1876 535 2033 586 οὑτοι
2055 536 2116 586 οὐ
2140 534 2259 587 δια-

177 623 510 695 βεβλήκασιν
552 627 607 675 οἱ
644 627 829 676 πάντα
870 621 1295 690 διαβάλλοντες,·
1334 624 1396 673 οὐ
1429 624 1728 692 Σωκράτην
1739 641 1758 684 ,·
1799 623 1860 672 οὑ
1881 623 2260 690 Πυθαγόραν,-

122 718 145 756 5
187 711 248 760 οὑ
274 707 585 772 Πλάτωνα,·
625 710 721 760 οὐκ
759 710 924 759 αὑτὸν
951 711 1046 759 τὸν
1071 709 1185 759 Δία
1223 709 1316 759 καὶ
1340 710 1435 758 τὸν
1461 704 1726 758 Ποσειδῶ
1753 709 1846 758 καὶ
1871 709 1966 758 τὸν
1997 699 2257 756 Ἀπόλλω

175 796 268 845 καὶ
304 796 434 855 τοὺς
472 791 674 855 ἄλλους
709 794 916 855 θεοὺς,·
967 795 1246 843 ἅπτονται
1285 790 1343 843 δὲ
1381 794 1474 842 καὶ
1511 797 1621 842 τῶν
1659 789 1909 860 θηλειῶν
1948 792 2128 854 θεῶν,
2180 789 2255 840 ὧν
2277 795 2344 847 33

177 881 323 940 εἰκὸς
369 876 435 948 ἦν
483 880 568 929 ἔτι
612 876 823 944 μᾶλλον
866 879 898 948 ἢ
950 883 1061 928 τῶν
1111 879 1356 947 ἀρρένων
1406 877 1806 945 ἐντρέπεσθαι.
1890 882 1983 927 νῦν
2033 877 2260 926 ἀκούετε

6 973 152 1014 [8311)
176 965 278 1032 γὰρ
320 965 354 1013 ἃ
393 961 616 1031 λέγουσι
652 965 750 1034 τὴν
774 965 1046 1033 Δήμητρα
1084 964 1178 1013 καὶ
1215 964 1311 1032 τὴν
1333 954 1673 1031 Ἀφροδίτην
1703 963 1796 1011 καὶ
1821 963 1918 1031 τὴν
1944 953 2051 1010 (Έω
2070 972 2080 982 ·
2120 960 2259 1009 ἀπέ-

173 1065 370 1113 χονται
409 1041 463 1099 δ>
517 1046 643 1099 οὐδὲ
692 1055 790 1118 τῆς
821 1039 1070 1116 Ἀθηνᾶς
1118 1044 1244 1096 οὑδὲ
1284 1053 1382 1116 τῆς
1414 1039 1771 1114 Ἀρτέμιδος·
1822 1043 1962 1095 ἀλλὰ
2013 1046 2110 1115 τὴν
2158 1045 2258 1108 μὲν

93 1139 139 1197 10
175 1134 562 1201 ἀπογυμνοῦσι
603 1131 680 1199 τῷ
713 1126 1035 1194 Ἀκταίωνι,
1082 1126 1210 1200 (τὴν
1250 1127 1341 1195 δὲ)
1384 1132 1478 1181 καὶ
1517 1132 1818 1197 συνάγουσι
1855 1129 1933 1197 τῷ
1964 1122 2255 1198 Ἡφαίστῳ

174 1219 267 1268 καὶ
304 1223 539 1268 ποιοῦσι
576 1218 673 1287 τὴν
714 1217 1006 1285 παρθένον
1044 1221 1248 1284 μικροῦ
1267 1219 1496 1284 μητέρα.
1561 1208 1719 1264 ταῦτ’
1765 1215 1859 1265 οὑν
1886 1215 2260 1278 ἐπιστάμενοι

174 1298 517 1368 θαυμάζετε,
565 1303 616 1351 εἰ
662 1302 756 1351 καὶ
800 1301 940 1350 κατὰ
979 1302 1178 1350 τούτου
1228 1317 1314 1360 τις
1352 1302 1535 1367 ψόγος
1575 1297 1839 1369 διεδόθη,
1891 1299 1953 1349 ὃν
2001 1300 2259 1368 ἐκφυγεῖν

171 1389 272 1452 μὲν
312 1384 493 1437 οὐδενὶ
540 1391 650 1436 τῶν
689 1387 917 1435 πάντων
955 1381 1167 1454 ὑπῆρξε
1207 1390 1317 1435 τῶν
1355 1386 1413 1435 ἐν
1455 1381 1586 1453 δόξῃ
1625 1384 2010 1450 βεβιωκότων,
2061 1385 2158 1452 τὴν
2199 1381 2258 1433 δὲ

171 1473 431 1542 ἀφορμὴν
470 1468 665 1537 ἔλαβεν
703 1472 762 1520 ἐκ
799 1476 897 1540 τῆς
935 1470 1068 1537 περὶ
1105 1471 1234 1530 τοὺς
1263 1466 1458 1536 λόγους
1484 1462 1594 1520 εἴτ’
1636 1467 2062 1538 ἐπαφροδισίαν
2090 1468 2258 1538 αὐτὴν

84 1562 130 1604 15
165 1549 285 1606 εἴθ’
336 1558 441 1619 ὅ,τι
491 1552 701 1625 δήποτε
746 1556 846 1624 χρὴ
895 1552 1083 1605 καλεῖν
1130 1560 1294 1604 τοῦτο
1346 1554 1376 1604 ὃ
1424 1556 1518 1605 καὶ
1563 1556 1722 1620 ὑμεῖς
1773 1556 1870 1604 σὺν
1908 1550 2125 1621 γυναιξὶ
2160 1555 2256 1604 καὶ

168 1643 380 1702 τέκνοις
427 1637 788 1703 ἀπεδέξασθε
800 1658 818 1701 ,·
877 1641 939 1689 οὐ
990 1640 1278 1707 σκέψεσθε
1290 1657 1309 1702 ;
1370 1640 1465 1690 οὐκ
1524 1639 2044 1709 ἀναμνησθήσεσθε
2107 1639 2253 1707 πρὸς
2277 1643 2344 1694 34

173 1726 418 1788 ἑαυτούς,
459 1723 517 1775 εἴ
548 1742 605 1774 τι
642 1730 899 1774 τοιοῦτον
939 1722 1086 1790 αὐτῷ
1120 1716 1260 1793 παρ’
1304 1725 1434 1789 ὑμῖν
1473 1727 1798 1791 πέπρακται
1809 1742 1828 1785 ,·
1864 1724 2052 1774 καίτοι
2089 1722 2258 1775 πόλιν

0 1820 148 1863 [susm
177 1812 376 1861 οἰκεῖτε
435 1816 545 1860 τῶν
597 1802 778 1859 οὐσῶν
826 1827 884 1860 τε
932 1810 1026 1860 καὶ
1072 1812 1445 1878 γεγενημένων
1503 1806 2062 1879 ἐπαφροδιτοτάτην,
2127 1808 2254 1861 ἀλλ’

0 1907 74 1942 ,464
95 1905 146 1946 Μ)
171 1897 321 1961 ὅμως
362 1885 519 1945 οὐδὲν
569 1896 869 1964 ἠκούσατε,
921 1894 1155 1963 θαρρῶν
1195 1887 1248 1944 δ>
1292 1895 1359 1944 ἂν
1399 1893 1624 1959 εἴποιμι
1662 1896 1750 1944 ὅτι
1785 1891 1926 1962 μηδὲ
1965 1891 2135 1956 ἄλλος
2171 1913 2259 1958 τις

91 1988 138 2030 20
167 1972 447 2049 Ἑλλήνων.
511 1977 632 2029 εἶτα
658 1980 754 2030 τὸν
781 1980 880 2030 ἐπὶ
904 1968 1002 2049 τῆς
1034 1972 1290 2040 Ἑλλάδος
1317 1981 1375 2030 έν
1403 1977 1625 2029 πλείονι
1652 1976 1815 2047 ἀδείᾳ
1848 1981 1942 2030 καὶ
1969 1982 2256 2050 συγγνώμῃ

167 2065 416 2130 κοσμίως
452 2064 779 2131 βεβιωκότα,
820 2070 1016 2115 τοῦτον
1044 2065 1143 2115 ἐπὶ
1168 2071 1266 2134 τῆς
1286 2058 1494 2133 Ῥώμης
1522 2055 1664 2133 παρ’
1698 2058 1866 2115 αὑτὸν
1893 2067 1988 2115 τὸν
2016 2067 2255 2134 ἄρχοντα

168 2150 260 2200 καὶ
297 2150 426 2209 τοὺς
463 2151 666 2213 νόμους
691 2149 924 2215 ἡγεῖσθε
949 2147 1413 2219 μεταβεβλῆσθαι
1425 2167 1444 2211 ,·
1482 2146 1623 2199 ἀλλὰ
1663 2152 1828 2199 τοῦτό
1867 2166 1926 2216 γε
1955 2149 2257 2221 παραπλή-

171 2236 293 2284 σιόν
330 2235 509 2296 ἐστιν,
562 2234 753 2301 ὥσπερ
794 2234 860 2283 ἂν
900 2232 959 2284 εἴ
999 2251 1086 2295 τις
1124 2235 1220 2284 τὸν
1269 2231 1523 2304 ἀθλητὴν
1575 2235 1715 2303 φαίη
1765 2226 1904 2284 καθ’
1951 2237 2118 2286 αὑτὸν
2154 2238 2256 2301 μὲν

169 2309 463 2381 εὐτακτεῖν,
503 2319 561 2368 ἐν
602 2315 659 2368 δὲ
699 2317 778 2386 τῷ
821 2316 1031 2385 σταδίῳ
1070 2320 1164 2369 καὶ
1191 2319 1347 2388 παρὰ
1375 2321 1470 2369 τὸν
1498 2320 1861 2389 ἀγωνοθέτην
1889 2317 2252 2389 πλημμελεῖν.

89 2412 134 2454 25
170 2403 490 2472 παρρησίαν
531 2400 589 2454 δὲ
629 2404 744 2470 ἄγω
786 2401 1007 2475 διπλῆν,
1047 2406 1170 2466 ένός
1195 2407 1295 2470 μὲν
1321 2400 1537 2471 <ἕνεκα>
1562 2411 1665 2455 τοῦ
1684 2403 2019 2469 συνειδότος,
2061 2410 2251 2476 ἑτέρου
2274 2409 2342 2460 35

171 2484 229 2537 δὲ
268 2493 369 2537 τοῦ
403 2488 778 2554 ἀγωνοθέτου.
819 2491 1263 2550 πεπιστευκότος
1299 2492 1400 2555 μὲν
1426 2491 1528 2560 γάρ
1557 2487 1622 2560 ἦν
1648 2492 1923 2560 τιμωρίαν
1963 2493 2119 2561 παρὰ
2158 2497 2259 2542 τοῦ

169 2575 550 2642 ἡμαρτηκότος
578 2571 784 2640 λαβεῖν,
813 2575 1155 2636 ἀκούσαντος
1184 2573 1242 2625 δὲ
1268 2580 1532 2645 μηνῖσαι·
1565 2578 1705 2645 ὅπερ
1734 2578 1943 2638 ἐκεῖνος
1968 2578 2253 2647 ἐποίησεν.

168 2659 326 2723 ὑμεῖς
366 2651 419 2709 δ>
473 2657 1040 2730 ἐπακολουθήσαντες
1090 2662 1428 2731 ἀνθρώποις
1467 2689 1534 2697 -
1575 2656 1734 2713 οὐδὲν
1786 2660 1844 2713 δὲ
1895 2657 2098 2724 αὑτοὺς
2145 2665 2253 2732 ἐρῶ

26 2752 144 2796 ›RID
169 2743 246 2803 ὡς
284 2743 652 2809 ἀμυνόμενος·
693 2742 838 2815 πλὴν
876 2748 964 2797 ὅτι
1004 2744 1350 2816 δικαιότερον
1388 2744 1453 2816 ἦν
1492 2749 1736 2809 ἐκείνους
1760 2750 1889 2813 ὑμῖν
1918 2746 2254 2800 ἀκολουθεῖν

88 2835 137 2877 30
171 2826 203 2895 ἢ
242 2828 385 2892 ὑμᾶς
422 2829 669 2890 ἐκείνοις.
743 2830 902 2895 ὑμεῖς
938 2833 1040 2899 γάρ
1080 2832 1206 2881 ἐστε
1244 2837 1337 2882 νῦν
1376 2833 1438 2881 τὸ
1481 2829 1544 2901 δὴ
1588 2829 1880 2898 λεγόμενον
1921 2831 2121 2902 πρῷρα
2162 2835 2255 2885 καὶ
2272 2834 2340 2885 36

312 2980 332 3020 1
366 2972 428 3024 ἄν
467 2974 563 3038 ἄρα
603 2979 681 3037 δὲῃ
710 2980 868 3037 Emp.,
913 2977 975 3028 ἄν
1010 2977 1106 3041 ἄρα
1146 2984 1218 3028 δεῖ
1245 2982 1291 3025 Μ
1322 2977 1594 3030 ἀνάδαστον
1624 2985 1703 3030 UB
1873 2979 1966 3029 κᾶν
1995 2982 2146 3039 Dind.,
2175 2985 2255 3029 καὶ

166 3046 269 3091 libri
399 3052 427 3092 4
457 3046 765 3108 διαβαλόντες
794 3050 874 3095 UB
1003 3056 1027 3096 5
1059 3049 1147 3098 τὸν
1174 3057 1280 3096 ante
1310 3056 1526 3099 Ποσειδῶ
1557 3068 1642 3099 om.
1675 3056 1712 3098 B
1815 3057 1838 3097 ’ἲ
1871 3058 1975 3110 post
2004 3046 2086 3100 νῦν
2115 3054 2253 3098 inter-

169 3117 327 3173 pungit
355 3119 548 3174 graviter
578 3120 632 3165 U.
664 3124 747 3167 νῦν
776 3125 856 3165 aut
885 3121 1124 3166 delendum
1154 3125 1235 3166 aut
1264 3135 1365 3167 cum
1393 3124 1607 3180 Emperio
1628 3126 1675 3169 in
1697 3120 1750 3183 νὴ
1783 3126 1872 3170 Δία
1905 3123 2169 3168 mutandum

176 3190 226 3230 10
255 3183 342 3245 τὴν
370 3187 419 3234 δὲ
447 3189 550 3233 add.
582 3189 759 3234 Selden.
934 3186 1142 3250 ἧφέστωι
1170 3192 1212 3236 U
1387 3197 1434 3237 11
1469 3197 1644 3241 τοῦτον
1673 3209 1755 3252 pro
1787 3189 1924 3242 ταῦτ’
1957 3186 2043 3241 οὖν
2073 3194 2121 3236 Μ

175 3259 225 3300 12
254 3254 549 3314 θαυμάζεται
570 3259 617 3301 Μ
704 3257 880 3307 τούτου
899 3278 969 3315 τις
989 3261 1217 3316 Reiskius,
1250 3263 1396 3310 τοῦτο’
1419 3281 1488 3318 τις
1508 3265 1611 3310 libri
1702 3270 1750 3310 13
1781 3262 2107 3326 βεβηωκότων
2130 3264 2167 3309 U

174 3330 225 3370 15
259 3321 286 3372 δ’
317 3340 400 3372 om.
431 3328 510 3373 ΠΒ
629 3333 679 3374 16
711 3327 1029 3386 ἅπεδέξασθαι
1058 3333 1107 3376 Μ
1224 3328 1279 3380 οὗ
1309 3334 1551 3393 σκέψεσθε
1580 3350 1666 3382 om.
1699 3337 1748 3380 M
1849 3341 1896 3383 18
1927 3335 2253 3397 ἐπαφροδιτω-

170 3393 316 3452 τᾶτην
345 3398 384 3443 U
499 3402 553 3443 20
583 3403 682 3445 τῶν
709 3414 793 3457 pro
823 3398 912 3448 τὸν
941 3402 979 3447 U
1100 3398 1225 3450 ἀδίαι
1255 3404 1296 3450 U
1411 3409 1465 3451 22
1494 3408 1859 3468 μεταβέβλησθε
1887 3409 1938 3454 Μ
2053 3411 2105 3451 23
2135 3399 2252 3453 κατ’

171 3463 319 3515 αὑτὸν
347 3469 463 3540 Ιίὶ-πί,
497 3483 611 3516 corr.
644 3472 775 3528 Emp.
866 3477 918 3517 25
950 3470 1089 3521 ἕνεκα
1110 3476 1262 3522 addidi
1346 3474 1402 3524 τὸ
1435 3477 1645 3534 συνειδὸς
1665 3501 1721 3517 =
1741 3481 1863 3526 bona
1892 3478 2168 3526 conscientia

172 3542 227 3583 26
256 3534 349 3600 γὰρ
380 3542 436 3597 ἠν
466 3541 589 3597 Wil.‚
620 3544 782 3589 πᾶσαν
810 3544 914 3588 libri
1049 3549 1099 3590 27
1122 3554 1312 3605 μηνῖσαι
1339 3549 1514 3607 scripsi,
1543 3555 1745 3610 μηνῦσαι
1764 3552 1893 3608 libri3
1927 3549 1966 3595 si
1985 3559 2251 3606 persuasum

134 3654 138 3659 ,
170 3609 330 3654 fuisset
360 3611 589 3656 Hadriano
633 3614 687 3658 de
719 3613 931 3660 Favorini
963 3617 1118 3673 culpa,
1158 3630 1305 3674 poena
1335 3631 1436 3664 eum
1467 3621 1713 3679 affecisset3
1756 3622 1874 3679 quod
1906 3621 1947 3666 ei
1978 3617 2251 3671 succensuit,

170 3678 318 3725 famae
349 3682 588 3727 obsecutus
618 3686 688 3728 est
861 3689 913 3730 29
943 3681 1051 3743 ὑμῖν
1081 3701 1164 3733 om.
1198 3689 1245 3732 M
