<?xml version="1.0" encoding="UTF-8"?>
<!DOCTYPE html PUBLIC "-//W3C//DTD XHTML 1.0 Transitional//EN"
    "http://www.w3.org/TR/xhtml1/DTD/xhtml1-transitional.dtd">
<html xmlns="http://www.w3.org/1999/xhtml" xml:lang="en" lang="en">
 <head>
  <title>
</title>
<meta http-equiv="Content-Type" content="text/html;charset=utf-8" />
  <meta name='ocr-system' content='tesseract 3.04.00' />
  <meta name='ocr-capabilities' content='ocr_page ocr_carea ocr_par ocr_line ocrx_word'/>
</head>
<body>
  <div class='ocr_page' id='page_1' title='image "./dionisprusaensis02diocuoft_0097.png"; bbox 0 0 2684 4140; ppageno 0'>
   <div class='ocr_carea' id='block_1_1' title="bbox 999 288 2239 339">
    <p class='ocr_par' dir='ltr' id='par_1_1' title="bbox 999 288 2239 339">
     <span class='ocr_line' id='line_1_1' title="bbox 999 288 2239 339; baseline -0.002 -1"><span class='ocrx_word' id='word_1_1' title='bbox 999 292 1223 339; x_wconf 86' lang='lat' dir='ltr'><strong>ORATIO</strong></span> <span class='ocrx_word' id='word_1_2' title='bbox 1253 292 1415 338; x_wconf 88' lang='lat' dir='ltr'><strong>XLVI.</strong></span> <span class='ocrx_word' id='word_1_3' title='bbox 2174 288 2239 336; x_wconf 86' lang='lat'><em>79</em></span> 
     </span>
    </p>
   </div>
   <div class='ocr_carea' id='block_1_2' title="bbox 0 428 2340 2963">
    <p class='ocr_par' dir='ltr' id='par_1_2' title="bbox 0 428 2246 761">
     <span class='ocr_line' id='line_1_2' title="bbox 0 428 2240 510; baseline -0.004 -16"><span class='ocrx_word' id='word_1_4' title='bbox 0 453 18 489; x_wconf 87' lang='grc'>7</span> <span class='ocrx_word' id='word_1_5' title='bbox 38 452 73 487; x_wconf 85' lang='lat' dir='ltr'>R</span> <span class='ocrx_word' id='word_1_6' title='bbox 97 451 149 496; x_wconf 84' lang='grc' dir='ltr'><em>ΙΙ)</em></span> <span class='ocrx_word' id='word_1_7' title='bbox 170 445 373 492; x_wconf 79' lang='grc' dir='ltr'><em>ποιεῖν.</em></span> <span class='ocrx_word' id='word_1_8' title='bbox 435 445 466 508; x_wconf 82' lang='grc' dir='ltr'>ἠ</span> <span class='ocrx_word' id='word_1_9' title='bbox 503 442 604 510; x_wconf 85' lang='grc' dir='ltr'><em>γὰρ</em></span> <span class='ocrx_word' id='word_1_10' title='bbox 632 442 760 510; x_wconf 84' lang='grc' dir='ltr'><em>τιμὴ</em></span> <span class='ocrx_word' id='word_1_11' title='bbox 790 446 891 489; x_wconf 83' lang='grc' dir='ltr'><em>τοῦ</em></span> <span class='ocrx_word' id='word_1_12' title='bbox 918 441 1072 489; x_wconf 84' lang='grc' dir='ltr'><em>σίτου</em></span> <span class='ocrx_word' id='word_1_13' title='bbox 1100 447 1197 509; x_wconf 84' lang='grc' dir='ltr'><em>τῆς</em></span> <span class='ocrx_word' id='word_1_14' title='bbox 1222 442 1322 504; x_wconf 79' lang='grc' dir='ltr'><em>μὲν</em></span> <span class='ocrx_word' id='word_1_15' title='bbox 1352 439 1656 507; x_wconf 70' lang='grc' dir='ltr'><strong><em>συνηθείας</em></strong></span> <span class='ocrx_word' id='word_1_16' title='bbox 1683 428 1823 504; x_wconf 74' lang='grc' dir='ltr'><em>παρ’</em></span> <span class='ocrx_word' id='word_1_17' title='bbox 1868 440 1996 503; x_wconf 81' lang='grc' dir='ltr'><em>ἡμῖν</em></span> <span class='ocrx_word' id='word_1_18' title='bbox 2029 432 2240 486; x_wconf 88' lang='grc' dir='ltr'><em>πλείων</em></span> 
     </span>
     <span class='ocr_line' id='line_1_3' title="bbox 159 515 2240 594; baseline -0.002 -19"><span class='ocrx_word' id='word_1_19' title='bbox 159 529 393 591; x_wconf 87' lang='grc' dir='ltr'><em>γέγονεν,</em></span> <span class='ocrx_word' id='word_1_20' title='bbox 436 526 497 575; x_wconf 83' lang='grc' dir='ltr'><em>ού</em></span> <span class='ocrx_word' id='word_1_21' title='bbox 535 526 642 594; x_wconf 85' lang='grc' dir='ltr'><em>μὴν</em></span> <span class='ocrx_word' id='word_1_22' title='bbox 684 525 827 574; x_wconf 86' lang='grc' dir='ltr'><em>ὥστε</em></span> <span class='ocrx_word' id='word_1_23' title='bbox 866 525 1149 574; x_wconf 78' lang='grc' dir='ltr'><em>ἀπειπεῖν.</em></span> <span class='ocrx_word' id='word_1_24' title='bbox 1225 515 1348 573; x_wconf 75' lang='grc' dir='ltr'><em>ἀλλ’</em></span> <span class='ocrx_word' id='word_1_25' title='bbox 1395 524 1507 573; x_wconf 85' lang='grc' dir='ltr'><em>εἰσὶ</em></span> <span class='ocrx_word' id='word_1_26' title='bbox 1546 520 1758 584; x_wconf 87' lang='grc' dir='ltr'><em>πόλεις,</em></span> <span class='ocrx_word' id='word_1_27' title='bbox 1799 523 1856 571; x_wconf 83' lang='grc' dir='ltr'><em>έν</em></span> <span class='ocrx_word' id='word_1_28' title='bbox 1897 520 1986 581; x_wconf 85' lang='grc' dir='ltr'><em>αἷς</em></span> <span class='ocrx_word' id='word_1_29' title='bbox 2025 522 2113 571; x_wconf 84' lang='grc' dir='ltr'><em>ἀεὶ</em></span> <span class='ocrx_word' id='word_1_30' title='bbox 2148 536 2240 570; x_wconf 90' lang='grc' dir='ltr'><em>το-</em></span> 
     </span>
     <span class='ocr_line' id='line_1_4' title="bbox 163 606 2246 676; baseline -0.002 -18"><span class='ocrx_word' id='word_1_31' title='bbox 163 611 362 659; x_wconf 90' lang='grc' dir='ltr'><em>σούτου</em></span> <span class='ocrx_word' id='word_1_32' title='bbox 400 611 570 671; x_wconf 75' lang='grc' dir='ltr'><em>ἐστίν,</em></span> <span class='ocrx_word' id='word_1_33' title='bbox 609 611 740 658; x_wconf 85' lang='grc' dir='ltr'><em>ὅταν</em></span> <span class='ocrx_word' id='word_1_34' title='bbox 780 610 982 675; x_wconf 79' lang='grc' dir='ltr'><em>ἄριστα</em></span> <span class='ocrx_word' id='word_1_35' title='bbox 1011 610 1117 676; x_wconf 81' lang='grc' dir='ltr'><em>ἔχῃ.</em></span> <span class='ocrx_word' id='word_1_36' title='bbox 1199 606 1371 658; x_wconf 91' lang='grc' dir='ltr'><em>πάλιν</em></span> <span class='ocrx_word' id='word_1_37' title='bbox 1412 608 1484 657; x_wconf 76' lang='grc' dir='ltr'><em>αὖ</em></span> <span class='ocrx_word' id='word_1_38' title='bbox 1517 607 1833 676; x_wconf 74' lang='grc' dir='ltr'><strong><em>θορυβεῖτε,</em></strong></span> <span class='ocrx_word' id='word_1_39' title='bbox 1876 607 2066 672; x_wconf 84' lang='grc' dir='ltr'><em>ὥσπερ</em></span> <span class='ocrx_word' id='word_1_40' title='bbox 2106 606 2246 671; x_wconf 79' lang='grc' dir='ltr'><em>ἐμοῦ</em></span> 
     </span>
     <span class='ocr_line' id='line_1_5' title="bbox 163 685 2244 761; baseline -0.002 -19"><span class='ocrx_word' id='word_1_41' title='bbox 163 690 417 759; x_wconf 83' lang='grc' dir='ltr'><em>λέγοντος</em></span> <span class='ocrx_word' id='word_1_42' title='bbox 463 695 550 743; x_wconf 82' lang='grc' dir='ltr'><em>ὅτι</em></span> <span class='ocrx_word' id='word_1_43' title='bbox 595 694 689 742; x_wconf 84' lang='grc' dir='ltr'><em>καὶ</em></span> <span class='ocrx_word' id='word_1_44' title='bbox 737 685 878 759; x_wconf 80' lang='grc' dir='ltr'><em>παρ&gt;</em></span> <span class='ocrx_word' id='word_1_45' title='bbox 932 694 1060 757; x_wconf 82' lang='grc' dir='ltr'><em>ὑμῖν</em></span> <span class='ocrx_word' id='word_1_46' title='bbox 1110 694 1276 743; x_wconf 82' lang='grc' dir='ltr'><em>αὐτὸν</em></span> <span class='ocrx_word' id='word_1_47' title='bbox 1326 694 1596 742; x_wconf 80' lang='grc' dir='ltr'><em>τοσούτου</em></span> <span class='ocrx_word' id='word_1_48' title='bbox 1648 693 1920 761; x_wconf 84' lang='grc' dir='ltr'><em>προσήκει</em></span> <span class='ocrx_word' id='word_1_49' title='bbox 1969 688 2114 740; x_wconf 81' lang='grc' dir='ltr'><em>εἶναι</em></span> <span class='ocrx_word' id='word_1_50' title='bbox 2149 689 2244 739; x_wconf 83' lang='grc' dir='ltr'><em>καὶ</em></span> 
     </span>
    </p>

    <p class='ocr_par' dir='ltr' id='par_1_3' title="bbox 103 771 2326 1186">
     <span class='ocr_line' id='line_1_6' title="bbox 103 771 2243 848; baseline -0.002 -20"><span class='ocrx_word' id='word_1_51' title='bbox 103 782 127 822; x_wconf 82' lang='lat'><strong>5</strong></span> <span class='ocrx_word' id='word_1_52' title='bbox 162 776 446 848; x_wconf 90' lang='grc' dir='ltr'><em>μηδέποτε</em></span> <span class='ocrx_word' id='word_1_53' title='bbox 497 780 742 847; x_wconf 81' lang='grc' dir='ltr'><em>ἥττονος.</em></span> <span class='ocrx_word' id='word_1_54' title='bbox 825 778 930 844; x_wconf 79' lang='grc' dir='ltr'><em>ἐγὼ</em></span> <span class='ocrx_word' id='word_1_55' title='bbox 982 775 1042 828; x_wconf 90' lang='grc' dir='ltr'><em>δέ</em></span> <span class='ocrx_word' id='word_1_56' title='bbox 1081 795 1228 847; x_wconf 76' lang='grc' dir='ltr'><em>φημι</em></span> <span class='ocrx_word' id='word_1_57' title='bbox 1267 776 1381 828; x_wconf 88' lang='grc' dir='ltr'><em>δεῖν</em></span> <span class='ocrx_word' id='word_1_58' title='bbox 1420 781 1716 845; x_wconf 76' lang='grc' dir='ltr'><em>προσέχειν</em></span> <span class='ocrx_word' id='word_1_59' title='bbox 1753 778 1852 840; x_wconf 82' lang='grc' dir='ltr'><em>μὲν</em></span> <span class='ocrx_word' id='word_1_60' title='bbox 1891 778 2048 836; x_wconf 83' lang='grc' dir='ltr'><em>ὅπως</em></span> <span class='ocrx_word' id='word_1_61' title='bbox 2085 771 2243 824; x_wconf 84' lang='grc' dir='ltr'><em>ἐλάτ-</em></span> 
     </span>
     <span class='ocr_line' id='line_1_7' title="bbox 159 859 2245 932; baseline -0.002 -20"><span class='ocrx_word' id='word_1_62' title='bbox 159 879 320 924; x_wconf 91' lang='grc' dir='ltr'><em>τονος</em></span> <span class='ocrx_word' id='word_1_63' title='bbox 359 863 546 925; x_wconf 83' lang='grc' dir='ltr'><em>ἔσται,</em></span> <span class='ocrx_word' id='word_1_64' title='bbox 596 864 667 932; x_wconf 81' lang='grc' dir='ltr'><em>μὴ</em></span> <span class='ocrx_word' id='word_1_65' title='bbox 721 866 915 927; x_wconf 90' lang='grc' dir='ltr'><em>μέντοι</em></span> <span class='ocrx_word' id='word_1_66' title='bbox 954 868 1169 930; x_wconf 79' lang='grc' dir='ltr'><em>πικρῶς</em></span> <span class='ocrx_word' id='word_1_67' title='bbox 1221 863 1396 922; x_wconf 81' lang='grc' dir='ltr'><em>οὕτως</em></span> <span class='ocrx_word' id='word_1_68' title='bbox 1437 863 1579 926; x_wconf 85' lang='grc' dir='ltr'><em>ἔχειν</em></span> <span class='ocrx_word' id='word_1_69' title='bbox 1617 862 1715 910; x_wconf 81' lang='grc' dir='ltr'><em>ἐπὶ</em></span> <span class='ocrx_word' id='word_1_70' title='bbox 1753 859 1830 927; x_wconf 76' lang='grc' dir='ltr'><em>τῴ</em></span> <span class='ocrx_word' id='word_1_71' title='bbox 1874 860 2245 928; x_wconf 78' lang='grc' dir='ltr'><em>συμβεβηκότι</em></span> 
     </span>
     <span class='ocr_line' id='line_1_8' title="bbox 157 942 2244 1015; baseline -0.002 -18"><span class='ocrx_word' id='word_1_72' title='bbox 157 945 296 1015; x_wconf 79' lang='grc' dir='ltr'><em>μηδὲ</em></span> <span class='ocrx_word' id='word_1_73' title='bbox 345 944 661 1009; x_wconf 77' lang='grc' dir='ltr'><em>ἐξεστάναι·</em></span> <span class='ocrx_word' id='word_1_74' title='bbox 713 947 789 1007; x_wconf 80' lang='grc' dir='ltr'><em>ὡς</em></span> <span class='ocrx_word' id='word_1_75' title='bbox 827 948 895 996; x_wconf 93' lang='grc' dir='ltr'><em>τά</em></span> <span class='ocrx_word' id='word_1_76' title='bbox 939 961 998 1012; x_wconf 92' lang='grc' dir='ltr'><em>γε</em></span> <span class='ocrx_word' id='word_1_77' title='bbox 1048 949 1312 1012; x_wconf 86' lang='grc' dir='ltr'><em>γενόμενα</em></span> <span class='ocrx_word' id='word_1_78' title='bbox 1352 952 1444 997; x_wconf 81' lang='grc' dir='ltr'><em>νῦν</em></span> <span class='ocrx_word' id='word_1_79' title='bbox 1486 946 1604 1010; x_wconf 81' lang='grc' dir='ltr'><em>οὐχὶ</em></span> <span class='ocrx_word' id='word_1_80' title='bbox 1641 947 1874 995; x_wconf 83' lang='grc' dir='ltr'><em>τοιαῦτά</em></span> <span class='ocrx_word' id='word_1_81' title='bbox 1915 946 2099 1006; x_wconf 83' lang='grc' dir='ltr'><em>ἐστιν,</em></span> <span class='ocrx_word' id='word_1_82' title='bbox 2153 942 2244 992; x_wconf 86' lang='grc' dir='ltr'><em>οἷα</em></span> 
     </span>
     <span class='ocr_line' id='line_1_9' title="bbox 159 1018 2245 1100; baseline -0.003 -17"><span class='ocrx_word' id='word_1_83' title='bbox 159 1034 257 1083; x_wconf 81' lang='grc' dir='ltr'><em>ἐπὶ</em></span> <span class='ocrx_word' id='word_1_84' title='bbox 294 1034 528 1099; x_wconf 84' lang='grc' dir='ltr'><em>τοιούτῳ</em></span> <span class='ocrx_word' id='word_1_85' title='bbox 572 1034 886 1100; x_wconf 90' lang='grc' dir='ltr'><em>πράγματι,</em></span> <span class='ocrx_word' id='word_1_86' title='bbox 937 1023 1062 1081; x_wconf 75' lang='grc' dir='ltr'><em>ἀλλ’</em></span> <span class='ocrx_word' id='word_1_87' title='bbox 1108 1033 1158 1081; x_wconf 86' lang='grc' dir='ltr'><em>εἰ</em></span> <span class='ocrx_word' id='word_1_88' title='bbox 1207 1031 1274 1081; x_wconf 83' lang='grc' dir='ltr'><em>τά</em></span> <span class='ocrx_word' id='word_1_89' title='bbox 1315 1035 1475 1081; x_wconf 90' lang='grc' dir='ltr'><em>τέκνα</em></span> <span class='ocrx_word' id='word_1_90' title='bbox 1515 1032 1667 1095; x_wconf 82' lang='grc' dir='ltr'><em>ὑμῶν</em></span> <span class='ocrx_word' id='word_1_91' title='bbox 1715 1031 1809 1079; x_wconf 81' lang='grc' dir='ltr'><em>καὶ</em></span> <span class='ocrx_word' id='word_1_92' title='bbox 1846 1029 1946 1088; x_wconf 84' lang='grc' dir='ltr'><em>τὰς</em></span> <span class='ocrx_word' id='word_1_93' title='bbox 1983 1018 2245 1094; x_wconf 85' lang='grc' dir='ltr'><em>γυναῖκας</em></span> 
     </span>
     <span class='ocr_line' id='line_1_10' title="bbox 164 1110 2326 1186; baseline -0.004 -18"><span class='ocrx_word' id='word_1_94' title='bbox 164 1118 551 1186; x_wconf 83' lang='grc' dir='ltr'><em>ἀνῃρήκειμεν,</em></span> <span class='ocrx_word' id='word_1_95' title='bbox 614 1115 772 1167; x_wconf 82' lang='grc' dir='ltr'><em>οὐδὲν</em></span> <span class='ocrx_word' id='word_1_96' title='bbox 821 1111 949 1183; x_wconf 87' lang='grc' dir='ltr'><em>&lt;ἂν&gt;</em></span> <span class='ocrx_word' id='word_1_97' title='bbox 999 1115 1171 1180; x_wconf 83' lang='grc' dir='ltr'><em>εἴχετε</em></span> <span class='ocrx_word' id='word_1_98' title='bbox 1222 1122 1464 1185; x_wconf 87' lang='grc' dir='ltr'><em>ποιῆσαι</em></span> <span class='ocrx_word' id='word_1_99' title='bbox 1506 1110 1916 1178; x_wconf 86' lang='grc' dir='ltr'><em>χαλεπώτερον.</em></span> <span class='ocrx_word' id='word_1_100' title='bbox 2016 1114 2078 1161; x_wconf 85' lang='grc' dir='ltr'><em>τὸ</em></span> <span class='ocrx_word' id='word_1_101' title='bbox 2137 1112 2239 1180; x_wconf 83' lang='grc' dir='ltr'><em>γάρ</em></span> <span class='ocrx_word' id='word_1_102' title='bbox 2267 1118 2326 1166; x_wconf 87' lang='grc'><em>11</em></span> 
     </span>
    </p>

    <p class='ocr_par' dir='ltr' id='par_1_4' title="bbox 85 1194 2250 1608">
     <span class='ocr_line' id='line_1_11' title="bbox 85 1194 2246 1269; baseline -0.004 -17"><span class='ocrx_word' id='word_1_103' title='bbox 85 1203 132 1246; x_wconf 88' lang='grc'><em>10</em></span> <span class='ocrx_word' id='word_1_104' title='bbox 169 1199 432 1263; x_wconf 83' lang='grc' dir='ltr'><em>πολίταις</em></span> <span class='ocrx_word' id='word_1_105' title='bbox 469 1205 679 1251; x_wconf 81' lang='grc' dir='ltr'><em>ἑαυτῶν</em></span> <span class='ocrx_word' id='word_1_106' title='bbox 718 1197 1104 1269; x_wconf 78' lang='grc' dir='ltr'><em>ὀργιζομένους</em></span> <span class='ocrx_word' id='word_1_107' title='bbox 1141 1202 1210 1263; x_wconf 87' lang='grc' dir='ltr'><em>(εἰ</em></span> <span class='ocrx_word' id='word_1_108' title='bbox 1245 1202 1346 1264; x_wconf 82' lang='grc' dir='ltr'><em>μὲν</em></span> <span class='ocrx_word' id='word_1_109' title='bbox 1373 1197 1634 1267; x_wconf 83' lang='grc' dir='ltr'><em>ἀδίκωςῆ</em></span> <span class='ocrx_word' id='word_1_110' title='bbox 1666 1196 1912 1259; x_wconf 89' lang='grc' dir='ltr'><em>δικαίως,</em></span> <span class='ocrx_word' id='word_1_111' title='bbox 1952 1194 2044 1254; x_wconf 75' lang='grc' dir='ltr'><em>ε’ῶ)</em></span> <span class='ocrx_word' id='word_1_112' title='bbox 2083 1194 2246 1245; x_wconf 90' lang='grc' dir='ltr'><em>πολί-</em></span> 
     </span>
     <span class='ocr_line' id='line_1_12' title="bbox 163 1277 2248 1351; baseline -0.003 -16"><span class='ocrx_word' id='word_1_113' title='bbox 163 1302 288 1346; x_wconf 90' lang='grc' dir='ltr'><em>ταις</em></span> <span class='ocrx_word' id='word_1_114' title='bbox 328 1277 380 1336; x_wconf 61' lang='grc' dir='ltr'><em>δ)</em></span> <span class='ocrx_word' id='word_1_115' title='bbox 426 1285 520 1335; x_wconf 82' lang='grc' dir='ltr'><em>οὖν</em></span> <span class='ocrx_word' id='word_1_116' title='bbox 556 1287 648 1335; x_wconf 82' lang='grc' dir='ltr'><em>καὶ</em></span> <span class='ocrx_word' id='word_1_117' title='bbox 685 1287 908 1345; x_wconf 89' lang='grc' dir='ltr'><em>τούτοις</em></span> <span class='ocrx_word' id='word_1_118' title='bbox 946 1285 1236 1348; x_wconf 81' lang='grc' dir='ltr'><em>ἐπιτίμοις</em></span> <span class='ocrx_word' id='word_1_119' title='bbox 1272 1284 1365 1333; x_wconf 80' lang='grc' dir='ltr'><em>καὶ</em></span> <span class='ocrx_word' id='word_1_120' title='bbox 1401 1279 1639 1351; x_wconf 84' lang='grc' dir='ltr'><em>μηδενὸς</em></span> <span class='ocrx_word' id='word_1_121' title='bbox 1679 1283 1900 1348; x_wconf 87' lang='grc' dir='ltr'><em>χείροσι</em></span> <span class='ocrx_word' id='word_1_122' title='bbox 1937 1277 2011 1349; x_wconf 85' lang='grc' dir='ltr'><em>μὴ</em></span> <span class='ocrx_word' id='word_1_123' title='bbox 2053 1278 2248 1330; x_wconf 81' lang='grc' dir='ltr'><em>δοῦναι</em></span> 
     </span>
     <span class='ocr_line' id='line_1_13' title="bbox 165 1362 2244 1438; baseline -0.003 -18"><span class='ocrx_word' id='word_1_124' title='bbox 165 1367 327 1436; x_wconf 87' lang='grc' dir='ltr'><em>λόγον</em></span> <span class='ocrx_word' id='word_1_125' title='bbox 363 1367 502 1438; x_wconf 82' lang='grc' dir='ltr'><em>μηδὲ</em></span> <span class='ocrx_word' id='word_1_126' title='bbox 544 1367 746 1435; x_wconf 81' lang='grc' dir='ltr'><em>λαβεῖν,</em></span> <span class='ocrx_word' id='word_1_127' title='bbox 786 1362 913 1418; x_wconf 76' lang='grc' dir='ltr'><em>ἀλλ&gt;</em></span> <span class='ocrx_word' id='word_1_128' title='bbox 957 1369 1129 1428; x_wconf 77' lang='grc' dir='ltr'><em>εὐθὺς</em></span> <span class='ocrx_word' id='word_1_129' title='bbox 1169 1363 1426 1428; x_wconf 75' lang='grc' dir='ltr'><em>λιθάζειν</em></span> <span class='ocrx_word' id='word_1_130' title='bbox 1452 1368 1545 1416; x_wconf 87' lang='grc' dir='ltr'><em>καὶ</em></span> <span class='ocrx_word' id='word_1_131' title='bbox 1569 1368 1891 1416; x_wconf 87' lang='grc' dir='ltr'><em>κατακαίειν</em></span> <span class='ocrx_word' id='word_1_132' title='bbox 1919 1366 2020 1426; x_wconf 80' lang='grc' dir='ltr'><em>τὰς</em></span> <span class='ocrx_word' id='word_1_133' title='bbox 2048 1366 2244 1426; x_wconf 84' lang='grc' dir='ltr'><em>οἰκίας,</em></span> 
     </span>
     <span class='ocr_line' id='line_1_14' title="bbox 165 1450 2245 1519; baseline -0.003 -14"><span class='ocrx_word' id='word_1_134' title='bbox 165 1456 269 1517; x_wconf 81' lang='grc' dir='ltr'><em>ἵνα,</em></span> <span class='ocrx_word' id='word_1_135' title='bbox 311 1456 360 1504; x_wconf 88' lang='grc' dir='ltr'><em>εἰ</em></span> <span class='ocrx_word' id='word_1_136' title='bbox 397 1452 690 1514; x_wconf 74' lang='grc' dir='ltr'><em>ἐδύνασθε,</em></span> <span class='ocrx_word' id='word_1_137' title='bbox 728 1454 867 1519; x_wconf 81' lang='grc' dir='ltr'><em>μετὰ</em></span> <span class='ocrx_word' id='word_1_138' title='bbox 907 1459 1017 1503; x_wconf 88' lang='grc' dir='ltr'><em>τῶν</em></span> <span class='ocrx_word' id='word_1_139' title='bbox 1043 1450 1267 1503; x_wconf 88' lang='grc' dir='ltr'><em>παίδων</em></span> <span class='ocrx_word' id='word_1_140' title='bbox 1295 1453 1496 1513; x_wconf 80' lang='grc' dir='ltr'><em>αὐτούς</em></span> <span class='ocrx_word' id='word_1_141' title='bbox 1531 1453 1625 1502; x_wconf 84' lang='grc' dir='ltr'><em>καὶ</em></span> <span class='ocrx_word' id='word_1_142' title='bbox 1661 1457 1772 1501; x_wconf 90' lang='grc' dir='ltr'><em>τῶν</em></span> <span class='ocrx_word' id='word_1_143' title='bbox 1810 1455 2082 1518; x_wconf 90' lang='grc' dir='ltr'><em>γυναικῶν</em></span> <span class='ocrx_word' id='word_1_144' title='bbox 2112 1463 2245 1514; x_wconf 90' lang='grc' dir='ltr'><em>συμ-</em></span> 
     </span>
     <span class='ocr_line' id='line_1_15' title="bbox 166 1533 2250 1608; baseline -0.002 -20"><span class='ocrx_word' id='word_1_145' title='bbox 166 1537 432 1608; x_wconf 79' lang='grc' dir='ltr'><em>φλέξητε,</em></span> <span class='ocrx_word' id='word_1_146' title='bbox 472 1540 638 1589; x_wconf 90' lang='grc' dir='ltr'><em>τίνων</em></span> <span class='ocrx_word' id='word_1_147' title='bbox 677 1540 828 1589; x_wconf 84' lang='grc' dir='ltr'><em>ἐστὶν</em></span> <span class='ocrx_word' id='word_1_148' title='bbox 867 1539 1226 1607; x_wconf 77' lang='grc' dir='ltr'><em>ἀνθρώπιον,-</em></span> <span class='ocrx_word' id='word_1_149' title='bbox 1275 1539 1403 1603; x_wconf 81' lang='grc' dir='ltr'><em>έμοὶ</em></span> <span class='ocrx_word' id='word_1_150' title='bbox 1447 1539 1548 1603; x_wconf 84' lang='grc' dir='ltr'><em>μὲν</em></span> <span class='ocrx_word' id='word_1_151' title='bbox 1595 1533 1659 1606; x_wconf 86' lang='grc' dir='ltr'><em>νὴ</em></span> <span class='ocrx_word' id='word_1_152' title='bbox 1699 1538 1796 1587; x_wconf 87' lang='grc' dir='ltr'><em>τὸν</em></span> <span class='ocrx_word' id='word_1_153' title='bbox 1833 1537 1949 1586; x_wconf 83' lang='grc' dir='ltr'><em>Δία</em></span> <span class='ocrx_word' id='word_1_154' title='bbox 1986 1536 2250 1596; x_wconf 82' lang='grc' dir='ltr'><em>καὶ-τούς</em></span> 
     </span>
    </p>

    <p class='ocr_par' dir='ltr' id='par_1_5' title="bbox 83 1619 2250 1777">
     <span class='ocr_line' id='line_1_16' title="bbox 83 1619 2250 1690; baseline -0.001 -17"><span class='ocrx_word' id='word_1_155' title='bbox 83 1623 133 1667; x_wconf 81' lang='grc'><em>15</em></span> <span class='ocrx_word' id='word_1_156' title='bbox 166 1623 364 1686; x_wconf 87' lang='grc' dir='ltr'><em>θεούς,</em></span> <span class='ocrx_word' id='word_1_157' title='bbox 413 1625 480 1686; x_wconf 34' lang='grc' dir='ltr'><em>εἰ,</em></span> <span class='ocrx_word' id='word_1_158' title='bbox 511 1619 662 1690; x_wconf 84' lang='grc' dir='ltr'><em>&lt;καὶ&gt;</em></span> <span class='ocrx_word' id='word_1_159' title='bbox 694 1621 957 1687; x_wconf 85' lang='grc' dir='ltr'><em>χαλεπῶς</em></span> <span class='ocrx_word' id='word_1_160' title='bbox 995 1623 1337 1686; x_wconf 88' lang='grc' dir='ltr'><em>ἀκούσεσθε,</em></span> <span class='ocrx_word' id='word_1_161' title='bbox 1392 1623 1454 1672; x_wconf 81' lang='grc' dir='ltr'><em>οὐ</em></span> <span class='ocrx_word' id='word_1_162' title='bbox 1508 1619 1667 1672; x_wconf 88' lang='grc' dir='ltr'><em>δοκεῖ</em></span> <span class='ocrx_word' id='word_1_163' title='bbox 1697 1622 1765 1671; x_wconf 84' lang='grc' dir='ltr'><em>τὰ</em></span> <span class='ocrx_word' id='word_1_164' title='bbox 1820 1627 2053 1672; x_wconf 82' lang='grc' dir='ltr'><em>τοιαῦτα</em></span> <span class='ocrx_word' id='word_1_165' title='bbox 2104 1619 2250 1671; x_wconf 84' lang='grc' dir='ltr'><em>εἶναι</em></span> 
     </span>
     <span class='ocr_line' id='line_1_17' title="bbox 164 1700 2247 1777; baseline -0.001 -19"><span class='ocrx_word' id='word_1_166' title='bbox 164 1714 273 1759; x_wconf 91' lang='grc' dir='ltr'><em>τῶν</em></span> <span class='ocrx_word' id='word_1_167' title='bbox 337 1706 538 1770; x_wconf 79' lang='grc' dir='ltr'><em>ἐνδεῶς</em></span> <span class='ocrx_word' id='word_1_168' title='bbox 607 1711 970 1777; x_wconf 88' lang='grc' dir='ltr'><em>πραττόντων</em></span> <span class='ocrx_word' id='word_1_169' title='bbox 1037 1701 1164 1758; x_wconf 76' lang='grc' dir='ltr'><em>οὐδὲ</em></span> <span class='ocrx_word' id='word_1_170' title='bbox 1221 1714 1331 1758; x_wconf 94' lang='grc' dir='ltr'><em>τῶν</em></span> <span class='ocrx_word' id='word_1_171' title='bbox 1389 1700 1484 1758; x_wconf 75' lang='grc' dir='ltr'><em>οὐκ</em></span> <span class='ocrx_word' id='word_1_172' title='bbox 1539 1709 1777 1772; x_wconf 82' lang='grc' dir='ltr'><em>ἐχόντων</em></span> <span class='ocrx_word' id='word_1_173' title='bbox 1833 1706 1901 1755; x_wconf 83' lang='grc' dir='ltr'><em>τὰ</em></span> <span class='ocrx_word' id='word_1_174' title='bbox 1960 1707 2247 1772; x_wconf 85' lang='grc' dir='ltr'><em>ἀναγκαῖα.</em></span> 
     </span>
    </p>

    <p class='ocr_par' dir='ltr' id='par_1_6' title="bbox 164 1787 2335 1947">
     <span class='ocr_line' id='line_1_18' title="bbox 164 1787 2247 1863; baseline -0.002 -19"><span class='ocrx_word' id='word_1_175' title='bbox 164 1797 195 1862; x_wconf 79' lang='grc' dir='ltr'><em>ἡ</em></span> <span class='ocrx_word' id='word_1_176' title='bbox 236 1794 338 1862; x_wconf 83' lang='grc' dir='ltr'><em>γὰρ</em></span> <span class='ocrx_word' id='word_1_177' title='bbox 377 1791 561 1844; x_wconf 82' lang='grc' dir='ltr'><em>ἔνδεια</em></span> <span class='ocrx_word' id='word_1_178' title='bbox 613 1795 982 1863; x_wconf 78' lang='grc' dir='ltr'><em>σωφροσύνην</em></span> <span class='ocrx_word' id='word_1_179' title='bbox 1031 1797 1204 1843; x_wconf 86' lang='grc' dir='ltr'><em>ποιεῖ.</em></span> <span class='ocrx_word' id='word_1_180' title='bbox 1287 1794 1380 1844; x_wconf 84' lang='grc' dir='ltr'><em>καὶ</em></span> <span class='ocrx_word' id='word_1_181' title='bbox 1429 1798 1602 1843; x_wconf 84' lang='grc' dir='ltr'><em>ταῦτα</em></span> <span class='ocrx_word' id='word_1_182' title='bbox 1653 1793 1703 1842; x_wconf 86' lang='grc' dir='ltr'><em>εἰ</em></span> <span class='ocrx_word' id='word_1_183' title='bbox 1740 1787 1814 1860; x_wconf 83' lang='grc' dir='ltr'><em>μὴ</em></span> <span class='ocrx_word' id='word_1_184' title='bbox 1857 1789 2067 1841; x_wconf 89' lang='grc' dir='ltr'><em>δοκεῖτε</em></span> <span class='ocrx_word' id='word_1_185' title='bbox 2105 1791 2247 1858; x_wconf 82' lang='grc' dir='ltr'><em>ὑπὲρ</em></span> 
     </span>
     <span class='ocr_line' id='line_1_19' title="bbox 165 1875 2335 1947; baseline -0.001 -21"><span class='ocrx_word' id='word_1_186' title='bbox 165 1878 317 1941; x_wconf 81' lang='grc' dir='ltr'><em>ὑμῶν</em></span> <span class='ocrx_word' id='word_1_187' title='bbox 356 1875 640 1944; x_wconf 89' lang='grc' dir='ltr'><em>λέγεσθαι,</em></span> <span class='ocrx_word' id='word_1_188' title='bbox 681 1875 947 1928; x_wconf 86' lang='grc' dir='ltr'><em>πλεῖστον</em></span> <span class='ocrx_word' id='word_1_189' title='bbox 986 1879 1344 1947; x_wconf 82' lang='grc' dir='ltr'><em>ἁμαρτάνετε.</em></span> <span class='ocrx_word' id='word_1_190' title='bbox 1407 1879 1457 1927; x_wconf 85' lang='grc' dir='ltr'><em>εἰ</em></span> <span class='ocrx_word' id='word_1_191' title='bbox 1482 1877 1584 1946; x_wconf 85' lang='grc' dir='ltr'><em>γὰρ</em></span> <span class='ocrx_word' id='word_1_192' title='bbox 1623 1883 1874 1927; x_wconf 81' lang='grc' dir='ltr'><em>τοιοῦτοι</em></span> <span class='ocrx_word' id='word_1_193' title='bbox 1899 1876 2108 1926; x_wconf 82' lang='grc' dir='ltr'><em>ἔσεσθε</em></span> <span class='ocrx_word' id='word_1_194' title='bbox 2143 1875 2243 1925; x_wconf 86' lang='grc' dir='ltr'><em>κᾶν</em></span> <span class='ocrx_word' id='word_1_195' title='bbox 2271 1876 2335 1926; x_wconf 84' lang='grc'><em>12</em></span> 
     </span>
    </p>

    <p class='ocr_par' dir='ltr' id='par_1_7' title="bbox 0 1958 2249 2031">
     <span class='ocr_line' id='line_1_20' title="bbox 0 1958 2249 2031; baseline 0 -22"><span class='ocrx_word' id='word_1_196' title='bbox 0 1964 144 2008; x_wconf 66' lang='grc' dir='ltr'><em>ἘΠ)</em></span> <span class='ocrx_word' id='word_1_197' title='bbox 170 1962 476 2031; x_wconf 81' lang='grc' dir='ltr'><em>ὀργισθῆτέ</em></span> <span class='ocrx_word' id='word_1_198' title='bbox 523 1979 598 2028; x_wconf 81' lang='grc' dir='ltr'><em>τῳ</em></span> <span class='ocrx_word' id='word_1_199' title='bbox 650 1959 852 2024; x_wconf 84' lang='grc' dir='ltr'><em>(πολλὰ</em></span> <span class='ocrx_word' id='word_1_200' title='bbox 894 1960 952 2012; x_wconf 83' lang='grc' dir='ltr'><em>δὲ</em></span> <span class='ocrx_word' id='word_1_201' title='bbox 992 1963 1139 2023; x_wconf 86' lang='grc' dir='ltr'><em>εἰκὸς</em></span> <span class='ocrx_word' id='word_1_202' title='bbox 1179 1963 1254 2023; x_wconf 84' lang='grc' dir='ltr'><em>ὡς</em></span> <span class='ocrx_word' id='word_1_203' title='bbox 1293 1963 1350 2012; x_wconf 83' lang='grc' dir='ltr'><em>ἐν</em></span> <span class='ocrx_word' id='word_1_204' title='bbox 1390 1959 1557 2012; x_wconf 85' lang='grc' dir='ltr'><em>πόλει</em></span> <span class='ocrx_word' id='word_1_205' title='bbox 1606 1962 1882 2031; x_wconf 87' lang='grc' dir='ltr'><em>συμβῆναι</em></span> <span class='ocrx_word' id='word_1_206' title='bbox 1927 1962 2022 2011; x_wconf 81' lang='grc' dir='ltr'><em>καὶ</em></span> <span class='ocrx_word' id='word_1_207' title='bbox 2061 1958 2249 2010; x_wconf 89' lang='grc' dir='ltr'><em>δίκαια</em></span> 
     </span>
    </p>

    <p class='ocr_par' dir='ltr' id='par_1_8' title="bbox 88 2038 2252 2284">
     <span class='ocr_line' id='line_1_21' title="bbox 88 2038 2252 2115; baseline 0 -21"><span class='ocrx_word' id='word_1_208' title='bbox 88 2047 137 2088; x_wconf 83' lang='lat'><em>20</em></span> <span class='ocrx_word' id='word_1_209' title='bbox 173 2047 265 2095; x_wconf 84' lang='grc' dir='ltr'><em>καὶ</em></span> <span class='ocrx_word' id='word_1_210' title='bbox 301 2043 484 2108; x_wconf 80' lang='grc' dir='ltr'><em>ἄδικα)</em></span> <span class='ocrx_word' id='word_1_211' title='bbox 522 2043 851 2114; x_wconf 82' lang='grc' dir='ltr'><em>τηλικαύτην</em></span> <span class='ocrx_word' id='word_1_212' title='bbox 890 2043 1158 2108; x_wconf 81' lang='grc' dir='ltr'><em>ἀξιώσετε</em></span> <span class='ocrx_word' id='word_1_213' title='bbox 1198 2047 1473 2115; x_wconf 89' lang='grc' dir='ltr'><em>τιμωρίαν</em></span> <span class='ocrx_word' id='word_1_214' title='bbox 1513 2043 1832 2111; x_wconf 90' lang='grc' dir='ltr'><em>λαμβάνειν,</em></span> <span class='ocrx_word' id='word_1_215' title='bbox 1887 2038 2024 2094; x_wconf 73' lang='grc' dir='ltr'><em>ὥστ’</em></span> <span class='ocrx_word' id='word_1_216' title='bbox 2078 2038 2252 2106; x_wconf 73' lang='grc' dir='ltr'><em>εὐθὺς</em></span> 
     </span>
     <span class='ocr_line' id='line_1_22' title="bbox 163 2128 2251 2198; baseline -0 -18"><span class='ocrx_word' id='word_1_217' title='bbox 163 2131 302 2196; x_wconf 81' lang='grc' dir='ltr'><em>μετὰ</em></span> <span class='ocrx_word' id='word_1_218' title='bbox 342 2136 451 2180; x_wconf 91' lang='grc' dir='ltr'><em>τῶν</em></span> <span class='ocrx_word' id='word_1_219' title='bbox 489 2128 712 2181; x_wconf 91' lang='grc' dir='ltr'><em>παίδων</em></span> <span class='ocrx_word' id='word_1_220' title='bbox 748 2132 1044 2181; x_wconf 90' lang='grc' dir='ltr'><em>κατακάειν</em></span> <span class='ocrx_word' id='word_1_221' title='bbox 1081 2132 1177 2180; x_wconf 92' lang='grc' dir='ltr'><em>καί</em></span> <span class='ocrx_word' id='word_1_222' title='bbox 1213 2148 1370 2191; x_wconf 90' lang='grc' dir='ltr'><em>τινας</em></span> <span class='ocrx_word' id='word_1_223' title='bbox 1423 2136 1534 2180; x_wconf 92' lang='grc' dir='ltr'><em>τῶν</em></span> <span class='ocrx_word' id='word_1_224' title='bbox 1571 2135 1872 2197; x_wconf 89' lang='grc' dir='ltr'><em>γυναικῶν,</em></span> <span class='ocrx_word' id='word_1_225' title='bbox 1925 2131 2251 2198; x_wconf 86' lang='grc' dir='ltr'><em>ἀνθρώπων</em></span> 
     </span>
     <span class='ocr_line' id='line_1_23' title="bbox 165 2211 2250 2284; baseline 0 -20"><span class='ocrx_word' id='word_1_226' title='bbox 165 2212 504 2283; x_wconf 79' lang='grc' dir='ltr'><em>ἐλευθέρων,</em></span> <span class='ocrx_word' id='word_1_227' title='bbox 554 2211 878 2281; x_wconf 73' lang='grc' dir='ltr'><em>ἀναγκάζειν</em></span> <span class='ocrx_word' id='word_1_228' title='bbox 926 2216 1055 2280; x_wconf 82' lang='grc' dir='ltr'><em>ὑμῖν</em></span> <span class='ocrx_word' id='word_1_229' title='bbox 1105 2216 1359 2284; x_wconf 83' lang='grc' dir='ltr'><em>ὁρᾶσθαι</em></span> <span class='ocrx_word' id='word_1_230' title='bbox 1406 2214 1879 2284; x_wconf 82' lang='grc' dir='ltr'><em>περιερρηγμένας</em></span> <span class='ocrx_word' id='word_1_231' title='bbox 1916 2217 2009 2265; x_wconf 83' lang='grc' dir='ltr'><em>καὶ</em></span> <span class='ocrx_word' id='word_1_232' title='bbox 2050 2216 2250 2265; x_wconf 85' lang='grc' dir='ltr'><em>ἱκετευ-</em></span> 
     </span>
    </p>

    <p class='ocr_par' dir='ltr' id='par_1_9' title="bbox 79 2296 2254 2455">
     <span class='ocr_line' id='line_1_24' title="bbox 79 2296 2251 2370; baseline 0.001 -22"><span class='ocrx_word' id='word_1_233' title='bbox 79 2339 83 2342; x_wconf 87' lang='grc'><em>.</em></span> <span class='ocrx_word' id='word_1_234' title='bbox 167 2301 336 2360; x_wconf 90' lang='grc' dir='ltr'><em>ούσας</em></span> <span class='ocrx_word' id='word_1_235' title='bbox 373 2301 517 2364; x_wconf 80' lang='grc' dir='ltr'><em>ὑμᾶς</em></span> <span class='ocrx_word' id='word_1_236' title='bbox 557 2300 747 2368; x_wconf 86' lang='grc' dir='ltr'><em>ὥσπερ</em></span> <span class='ocrx_word' id='word_1_237' title='bbox 787 2301 844 2350; x_wconf 80' lang='grc' dir='ltr'><em>ἐν</em></span> <span class='ocrx_word' id='word_1_238' title='bbox 884 2297 1144 2366; x_wconf 80' lang='grc' dir='ltr'><em>πολέμῳ·</em></span> <span class='ocrx_word' id='word_1_239' title='bbox 1183 2302 1270 2370; x_wconf 86' lang='grc' dir='ltr'><em>τίς</em></span> <span class='ocrx_word' id='word_1_240' title='bbox 1300 2301 1476 2361; x_wconf 84' lang='grc' dir='ltr'><em>οὕτως</em></span> <span class='ocrx_word' id='word_1_241' title='bbox 1515 2301 1751 2367; x_wconf 86' lang='grc' dir='ltr'><em>ἀνόητος</em></span> <span class='ocrx_word' id='word_1_242' title='bbox 1788 2302 1881 2351; x_wconf 86' lang='grc' dir='ltr'><em>καὶ</em></span> <span class='ocrx_word' id='word_1_243' title='bbox 1919 2296 2121 2369; x_wconf 84' lang='grc' dir='ltr'><em>ἀτυχὴς</em></span> <span class='ocrx_word' id='word_1_244' title='bbox 2159 2301 2251 2350; x_wconf 80' lang='grc' dir='ltr'><em>ἄν-</em></span> 
     </span>
     <span class='ocr_line' id='line_1_25' title="bbox 166 2374 2254 2455; baseline 0 -21"><span class='ocrx_word' id='word_1_245' title='bbox 166 2384 407 2452; x_wconf 88' lang='grc' dir='ltr'><em>θρωπός</em></span> <span class='ocrx_word' id='word_1_246' title='bbox 433 2383 602 2447; x_wconf 83' lang='grc' dir='ltr'><em>ἐστιν,</em></span> <span class='ocrx_word' id='word_1_247' title='bbox 642 2387 797 2446; x_wconf 86' lang='grc' dir='ltr'><em>ὅστις</em></span> <span class='ocrx_word' id='word_1_248' title='bbox 823 2374 1137 2454; x_wconf 71' lang='grc' dir='ltr'><em>ε’ντοιαύτῃ</em></span> <span class='ocrx_word' id='word_1_249' title='bbox 1179 2378 1345 2435; x_wconf 86' lang='grc' dir='ltr'><em>πόλει</em></span> <span class='ocrx_word' id='word_1_250' title='bbox 1385 2381 1478 2455; x_wconf 85' lang='grc' dir='ltr'><em>ζῆν</em></span> <span class='ocrx_word' id='word_1_251' title='bbox 1506 2386 1799 2454; x_wconf 83' lang='grc' dir='ltr'><em>αἱρήσεται</em></span> <span class='ocrx_word' id='word_1_252' title='bbox 1837 2387 1972 2451; x_wconf 92' lang='grc' dir='ltr'><em>μίαν</em></span> <span class='ocrx_word' id='word_1_253' title='bbox 2010 2389 2254 2454; x_wconf 78' lang='grc' dir='ltr'><em>ἠμέραν,·</em></span> 
     </span>
    </p>

    <p class='ocr_par' dir='ltr' id='par_1_10' title="bbox 0 2464 2259 2710">
     <span class='ocr_line' id='line_1_26' title="bbox 0 2464 2253 2540; baseline 0.001 -22"><span class='ocrx_word' id='word_1_254' title='bbox 0 2464 1 2467; x_wconf 50' lang='lat'>&#39;</span> <span class='ocrx_word' id='word_1_255' title='bbox 89 2469 138 2511; x_wconf 80' lang='lat'><em>25</em></span> <span class='ocrx_word' id='word_1_256' title='bbox 174 2465 318 2518; x_wconf 80' lang='grc' dir='ltr'><em>πολὺ</em></span> <span class='ocrx_word' id='word_1_257' title='bbox 357 2469 458 2536; x_wconf 84' lang='grc' dir='ltr'><em>γὰρ</em></span> <span class='ocrx_word' id='word_1_258' title='bbox 497 2473 746 2537; x_wconf 86' lang='grc' dir='ltr'><em>κρεῖττον</em></span> <span class='ocrx_word' id='word_1_259' title='bbox 786 2467 1006 2538; x_wconf 81' lang='grc' dir='ltr'><em>φυγάδα</em></span> <span class='ocrx_word' id='word_1_260' title='bbox 1038 2469 1183 2521; x_wconf 87' lang='grc' dir='ltr'><em>εἶναι</em></span> <span class='ocrx_word' id='word_1_261' title='bbox 1207 2471 1300 2520; x_wconf 81' lang='grc' dir='ltr'><em>καὶ</em></span> <span class='ocrx_word' id='word_1_262' title='bbox 1327 2474 1620 2539; x_wconf 88' lang='grc' dir='ltr'><em>παροικεῖν</em></span> <span class='ocrx_word' id='word_1_263' title='bbox 1647 2472 1748 2521; x_wconf 79' lang='grc' dir='ltr'><em>ἐπὶ</em></span> <span class='ocrx_word' id='word_1_264' title='bbox 1777 2468 1934 2540; x_wconf 81' lang='grc' dir='ltr'><em>ξένης</em></span> <span class='ocrx_word' id='word_1_265' title='bbox 1959 2472 1990 2540; x_wconf 84' lang='grc' dir='ltr'><em>ἢ</em></span> <span class='ocrx_word' id='word_1_266' title='bbox 2019 2477 2253 2521; x_wconf 85' lang='grc' dir='ltr'><em>τοιαῦτα</em></span> 
     </span>
     <span class='ocr_line' id='line_1_27' title="bbox 168 2547 2254 2625; baseline 0.001 -23"><span class='ocrx_word' id='word_1_267' title='bbox 168 2555 421 2617; x_wconf 88' lang='grc' dir='ltr'><em>πάσχειν.</em></span> <span class='ocrx_word' id='word_1_268' title='bbox 497 2555 624 2603; x_wconf 79' lang='grc' dir='ltr'><em>ἐπεὶ</em></span> <span class='ocrx_word' id='word_1_269' title='bbox 658 2555 881 2608; x_wconf 82' lang='grc' dir='ltr'><em>καὶνῦν</em></span> <span class='ocrx_word' id='word_1_270' title='bbox 918 2559 949 2624; x_wconf 81' lang='grc' dir='ltr'><strong><em>ἡ</em></strong></span> <span class='ocrx_word' id='word_1_271' title='bbox 991 2557 1286 2625; x_wconf 80' lang='grc' dir='ltr'><em>πρόφασις</em></span> <span class='ocrx_word' id='word_1_272' title='bbox 1323 2559 1354 2624; x_wconf 85' lang='grc' dir='ltr'>ή</span> <span class='ocrx_word' id='word_1_273' title='bbox 1399 2552 1678 2624; x_wconf 84' lang='grc' dir='ltr'><em>λεγομένη,</em></span> <span class='ocrx_word' id='word_1_274' title='bbox 1721 2547 1796 2606; x_wconf 74' lang='grc' dir='ltr'><em>δι&gt;</em></span> <span class='ocrx_word' id='word_1_275' title='bbox 1843 2557 1907 2625; x_wconf 81' lang='grc' dir='ltr'><em>ἣν</em></span> <span class='ocrx_word' id='word_1_276' title='bbox 1946 2558 2085 2621; x_wconf 78' lang='grc' dir='ltr'><em>ὑμᾶς</em></span> <span class='ocrx_word' id='word_1_277' title='bbox 2111 2556 2254 2605; x_wconf 89' lang='grc' dir='ltr'><em>ἀπο·</em></span> 
     </span>
     <span class='ocr_line' id='line_1_28' title="bbox 170 2638 2259 2710; baseline 0.002 -23"><span class='ocrx_word' id='word_1_278' title='bbox 170 2638 454 2707; x_wconf 84' lang='grc' dir='ltr'><em>τραπῆναί</em></span> <span class='ocrx_word' id='word_1_279' title='bbox 504 2652 648 2707; x_wconf 81' lang='grc' dir='ltr'><em>φασι</em></span> <span class='ocrx_word' id='word_1_280' title='bbox 697 2645 807 2708; x_wconf 81' lang='grc' dir='ltr'><em>τῆς</em></span> <span class='ocrx_word' id='word_1_281' title='bbox 834 2640 1016 2700; x_wconf 81' lang='grc' dir='ltr'><em>οἰκίας</em></span> <span class='ocrx_word' id='word_1_282' title='bbox 1062 2647 1161 2710; x_wconf 83' lang='grc' dir='ltr'><em>τῆς</em></span> <span class='ocrx_word' id='word_1_283' title='bbox 1197 2642 1360 2710; x_wconf 82' lang='grc' dir='ltr'><em>ἐμῆς,</em></span> <span class='ocrx_word' id='word_1_284' title='bbox 1409 2638 1787 2706; x_wconf 79' lang='grc' dir='ltr'><em>ὑπιδομένους</em></span> <span class='ocrx_word' id='word_1_285' title='bbox 1824 2647 1927 2690; x_wconf 82' lang='grc' dir='ltr'><em>τοῦ</em></span> <span class='ocrx_word' id='word_1_286' title='bbox 1964 2646 2259 2691; x_wconf 81' lang='grc' dir='ltr'><em>στενωποῦ</em></span> 
     </span>
    </p>

    <p class='ocr_par' dir='ltr' id='par_1_11' title="bbox 29 2722 2340 2878">
     <span class='ocr_line' id='line_1_29' title="bbox 29 2722 2340 2795; baseline 0.004 -26"><span class='ocrx_word' id='word_1_287' title='bbox 29 2734 76 2769; x_wconf 72' lang='lat'><em>›22</em></span> <span class='ocrx_word' id='word_1_288' title='bbox 95 2733 149 2774; x_wconf 82' lang='grc' dir='ltr'><em>Μ)</em></span> <span class='ocrx_word' id='word_1_289' title='bbox 173 2724 235 2772; x_wconf 87' lang='grc' dir='ltr'><em>τὸ</em></span> <span class='ocrx_word' id='word_1_290' title='bbox 275 2722 476 2788; x_wconf 85' lang='grc' dir='ltr'><em>βάθος,</em></span> <span class='ocrx_word' id='word_1_291' title='bbox 519 2723 678 2791; x_wconf 80' lang='grc' dir='ltr'><em>ὁρᾶτε</em></span> <span class='ocrx_word' id='word_1_292' title='bbox 720 2723 838 2774; x_wconf 85' lang='grc' dir='ltr'><em>οἷόν</em></span> <span class='ocrx_word' id='word_1_293' title='bbox 875 2726 1044 2775; x_wconf 76' lang='grc' dir='ltr'><em>ἐστιν.</em></span> <span class='ocrx_word' id='word_1_294' title='bbox 1112 2726 1161 2775; x_wconf 85' lang='grc' dir='ltr'><em>εἰ</em></span> <span class='ocrx_word' id='word_1_295' title='bbox 1197 2725 1300 2793; x_wconf 82' lang='grc' dir='ltr'><em>γάρ</em></span> <span class='ocrx_word' id='word_1_296' title='bbox 1339 2726 1436 2790; x_wconf 79' lang='grc' dir='ltr'><em>ἐμὲ</em></span> <span class='ocrx_word' id='word_1_297' title='bbox 1476 2730 1639 2775; x_wconf 85' lang='grc' dir='ltr'><em>τοῦτο</em></span> <span class='ocrx_word' id='word_1_298' title='bbox 1680 2727 1875 2789; x_wconf 84' lang='grc' dir='ltr'><em>ἔσωσε,</em></span> <span class='ocrx_word' id='word_1_299' title='bbox 1913 2727 2108 2794; x_wconf 85' lang='grc' dir='ltr'><em>καιρὸς</em></span> <span class='ocrx_word' id='word_1_300' title='bbox 2144 2723 2248 2795; x_wconf 86' lang='grc' dir='ltr'><em>ἤδη</em></span> <span class='ocrx_word' id='word_1_301' title='bbox 2276 2729 2340 2779; x_wconf 90' lang='grc'><em>13</em></span> 
     </span>
     <span class='ocr_line' id='line_1_30' title="bbox 168 2805 2254 2878; baseline 0.001 -21"><span class='ocrx_word' id='word_1_302' title='bbox 168 2809 230 2857; x_wconf 86' lang='grc' dir='ltr'><em>τὸ</em></span> <span class='ocrx_word' id='word_1_303' title='bbox 280 2805 481 2858; x_wconf 85' lang='grc' dir='ltr'><em>λοιπὸν</em></span> <span class='ocrx_word' id='word_1_304' title='bbox 530 2809 701 2869; x_wconf 81' lang='grc' dir='ltr'><em>ὡς-ἐν</em></span> <span class='ocrx_word' id='word_1_305' title='bbox 743 2807 1106 2878; x_wconf 79' lang='grc' dir='ltr'><em>στρατοπέδῳ</em></span> <span class='ocrx_word' id='word_1_306' title='bbox 1159 2816 1228 2878; x_wconf 84' lang='grc' dir='ltr'><em>τῇ</em></span> <span class='ocrx_word' id='word_1_307' title='bbox 1275 2807 1443 2860; x_wconf 89' lang='grc' dir='ltr'><em>πόλει</em></span> <span class='ocrx_word' id='word_1_308' title='bbox 1481 2810 1582 2871; x_wconf 84' lang='grc' dir='ltr'><em>τὰς</em></span> <span class='ocrx_word' id='word_1_309' title='bbox 1621 2807 1936 2878; x_wconf 87' lang='grc' dir='ltr'><em>δυσχωρίας</em></span> <span class='ocrx_word' id='word_1_310' title='bbox 1971 2808 2254 2875; x_wconf 91' lang='grc' dir='ltr'><em>καταλαμ-</em></span> 
     </span>
    </p>

    <p class='ocr_par' dir='ltr' id='par_1_12' title="bbox 89 2887 2256 2963">
     <span class='ocr_line' id='line_1_31' title="bbox 89 2887 2256 2963; baseline 0.002 -22"><span class='ocrx_word' id='word_1_311' title='bbox 89 2899 137 2941; x_wconf 75' lang='grc'><em>80</em></span> <span class='ocrx_word' id='word_1_312' title='bbox 171 2892 359 2958; x_wconf 88' lang='grc' dir='ltr'><em>βάνειν</em></span> <span class='ocrx_word' id='word_1_313' title='bbox 396 2895 488 2943; x_wconf 84' lang='grc' dir='ltr'><em>καὶ</em></span> <span class='ocrx_word' id='word_1_314' title='bbox 525 2894 592 2943; x_wconf 83' lang='grc' dir='ltr'><em>τὰ</em></span> <span class='ocrx_word' id='word_1_315' title='bbox 630 2891 821 2963; x_wconf 81' lang='grc' dir='ltr'><em>ὑψηλὰ</em></span> <span class='ocrx_word' id='word_1_316' title='bbox 859 2895 890 2963; x_wconf 86' lang='grc' dir='ltr'><em>ἢ</em></span> <span class='ocrx_word' id='word_1_317' title='bbox 932 2896 1213 2960; x_wconf 87' lang='grc' dir='ltr'><em>ἀπότομα.</em></span> <span class='ocrx_word' id='word_1_318' title='bbox 1251 2935 1253 2938; x_wconf 29' lang='lat'><em>⁴</em></span> <span class='ocrx_word' id='word_1_319' title='bbox 1297 2897 1485 2946; x_wconf 88' lang='grc' dir='ltr'><em>καίτοι</em></span> <span class='ocrx_word' id='word_1_320' title='bbox 1533 2896 1611 2959; x_wconf 82' lang='grc' dir='ltr'><em>μά</em></span> <span class='ocrx_word' id='word_1_321' title='bbox 1649 2896 1780 2955; x_wconf 78' lang='grc' dir='ltr'><em>τοὺς</em></span> <span class='ocrx_word' id='word_1_322' title='bbox 1815 2896 1991 2954; x_wconf 79' lang='grc' dir='ltr'><em>θεοὺς</em></span> <span class='ocrx_word' id='word_1_323' title='bbox 2030 2887 2158 2945; x_wconf 77' lang='grc' dir='ltr'><em>οὐδὲ</em></span> <span class='ocrx_word' id='word_1_324' title='bbox 2198 2896 2256 2946; x_wconf 83' lang='grc' dir='ltr'><em>ἑν</em></span> 
     </span>
    </p>
   </div>
   <div class='ocr_carea' id='block_1_3' title="bbox 169 3038 2264 3809">
    <p class='ocr_par' dir='ltr' id='par_1_13' title="bbox 169 3038 2264 3809">
     <span class='ocr_line' id='line_1_32' title="bbox 314 3038 2201 3104; baseline 0.002 -17"><span class='ocrx_word' id='word_1_325' title='bbox 314 3048 332 3087; x_wconf 84' lang='lat'>1</span> <span class='ocrx_word' id='word_1_326' title='bbox 366 3045 516 3090; x_wconf 83' lang='grc' dir='ltr'><em>πλείω</em></span> <span class='ocrx_word' id='word_1_327' title='bbox 537 3044 685 3097; x_wconf 74' lang='grc' dir='ltr'><em>ΠΒΜ,</em></span> <span class='ocrx_word' id='word_1_328' title='bbox 716 3046 892 3091; x_wconf 86' lang='grc' dir='ltr'><em>πλείων</em></span> <span class='ocrx_word' id='word_1_329' title='bbox 909 3044 946 3088; x_wconf 88' lang='grc' dir='ltr'><strong>Τ</strong></span> <span class='ocrx_word' id='word_1_330' title='bbox 1035 3048 1060 3088; x_wconf 87' lang='grc'>3</span> <span class='ocrx_word' id='word_1_331' title='bbox 1083 3040 1165 3103; x_wconf 73' lang='grc' dir='ltr'><em>ἔχη</em></span> <span class='ocrx_word' id='word_1_332' title='bbox 1184 3047 1227 3102; x_wconf 90' lang='grc' dir='ltr'><em>(η</em></span> <span class='ocrx_word' id='word_1_333' title='bbox 1247 3057 1275 3088; x_wconf 81' lang='lat' dir='ltr'><strong>a</strong></span> <span class='ocrx_word' id='word_1_334' title='bbox 1292 3047 1424 3099; x_wconf 90' lang='lat' dir='ltr'><strong>corr.)</strong></span> <span class='ocrx_word' id='word_1_335' title='bbox 1452 3044 1495 3090; x_wconf 91' lang='lat' dir='ltr'>U</span> <span class='ocrx_word' id='word_1_336' title='bbox 1575 3048 1599 3088; x_wconf 89' lang='grc'>8</span> <span class='ocrx_word' id='word_1_337' title='bbox 1628 3044 1742 3103; x_wconf 83' lang='grc' dir='ltr'><em>μηδὲ</em></span> <span class='ocrx_word' id='word_1_338' title='bbox 1773 3045 1920 3101; x_wconf 74' lang='grc' dir='ltr'><em>Εωρ.,</em></span> <span class='ocrx_word' id='word_1_339' title='bbox 1949 3038 2068 3104; x_wconf 79' lang='grc' dir='ltr'><em>μήτε</em></span> <span class='ocrx_word' id='word_1_340' title='bbox 2095 3046 2201 3091; x_wconf 88' lang='lat' dir='ltr'><strong>libri</strong></span> 
     </span>
     <span class='ocr_line' id='line_1_33' title="bbox 169 3109 2142 3174; baseline 0.001 -15"><span class='ocrx_word' id='word_1_341' title='bbox 169 3128 224 3171; x_wconf 86' lang='grc' dir='ltr'><em>γε</em></span> <span class='ocrx_word' id='word_1_342' title='bbox 254 3126 340 3160; x_wconf 88' lang='lat' dir='ltr'><em>om.</em></span> <span class='ocrx_word' id='word_1_343' title='bbox 369 3114 420 3158; x_wconf 88' lang='lat' dir='ltr'>M</span> <span class='ocrx_word' id='word_1_344' title='bbox 549 3118 574 3158; x_wconf 88' lang='grc'><strong>9</strong></span> <span class='ocrx_word' id='word_1_345' title='bbox 606 3109 919 3174; x_wconf 75' lang='grc' dir='ltr'><em>ἀνῃρήκειμεν</em></span> <span class='ocrx_word' id='word_1_346' title='bbox 948 3115 1037 3159; x_wconf 92' lang='grc' dir='ltr'><em>ΒΜ</em></span> <span class='ocrx_word' id='word_1_347' title='bbox 1071 3109 1372 3174; x_wconf 76' lang='grc' dir='ltr'><em>ἄνηρήκαμεν</em></span> <span class='ocrx_word' id='word_1_348' title='bbox 1403 3115 1483 3161; x_wconf 84' lang='lat' dir='ltr'><em>UT</em></span> <span class='ocrx_word' id='word_1_349' title='bbox 1630 3111 1691 3162; x_wconf 72' lang='grc' dir='ltr'><em>ἄν</em></span> <span class='ocrx_word' id='word_1_350' title='bbox 1719 3114 1909 3159; x_wconf 86' lang='lat' dir='ltr'><strong>inseruit</strong></span> <span class='ocrx_word' id='word_1_351' title='bbox 1937 3115 2142 3160; x_wconf 84' lang='lat' dir='ltr'><strong>Hertlein</strong></span> 
     </span>
     <span class='ocr_line' id='line_1_34' title="bbox 177 3182 2264 3245; baseline 0.003 -18"><span class='ocrx_word' id='word_1_352' title='bbox 177 3186 226 3227; x_wconf 88' lang='lat'><em>10</em></span> <span class='ocrx_word' id='word_1_353' title='bbox 255 3184 453 3237; x_wconf 80' lang='grc' dir='ltr'><em>πολίτας</em></span> <span class='ocrx_word' id='word_1_354' title='bbox 481 3183 529 3226; x_wconf 91' lang='grc' dir='ltr'><strong>Μ</strong></span> <span class='ocrx_word' id='word_1_355' title='bbox 665 3187 714 3227; x_wconf 85' lang='grc'><em>11</em></span> <span class='ocrx_word' id='word_1_356' title='bbox 742 3191 912 3241; x_wconf 83' lang='grc' dir='ltr'><em>χεῖρον</em></span> <span class='ocrx_word' id='word_1_357' title='bbox 941 3185 1057 3239; x_wconf 83' lang='lat' dir='ltr'>libri,</span> <span class='ocrx_word' id='word_1_358' title='bbox 1087 3187 1275 3245; x_wconf 86' lang='grc' dir='ltr'><em>χείροσι</em></span> <span class='ocrx_word' id='word_1_359' title='bbox 1298 3187 1504 3242; x_wconf 82' lang='lat' dir='ltr'><strong>impressi</strong></span> <span class='ocrx_word' id='word_1_360' title='bbox 1651 3190 1702 3231; x_wconf 88' lang='grc'><em>12</em></span> <span class='ocrx_word' id='word_1_361' title='bbox 1735 3182 1855 3234; x_wconf 80' lang='grc' dir='ltr'><em>ἀλλὰ</em></span> <span class='ocrx_word' id='word_1_362' title='bbox 1887 3185 1935 3228; x_wconf 93' lang='grc' dir='ltr'><strong>Μ</strong></span> <span class='ocrx_word' id='word_1_363' title='bbox 2084 3190 2135 3231; x_wconf 88' lang='grc'><em>13</em></span> <span class='ocrx_word' id='word_1_364' title='bbox 2164 3183 2264 3233; x_wconf 60' lang='lat'><em>§625-</em></span> 
     </span>
     <span class='ocr_line' id='line_1_35' title="bbox 173 3250 2257 3316; baseline 0.001 -19"><span class='ocrx_word' id='word_1_365' title='bbox 173 3256 319 3311; x_wconf 78' lang='grc' dir='ltr'><em>νησθε</em></span> <span class='ocrx_word' id='word_1_366' title='bbox 347 3253 398 3297; x_wconf 89' lang='grc' dir='ltr'><strong>Μ</strong></span> <span class='ocrx_word' id='word_1_367' title='bbox 570 3257 621 3297; x_wconf 82' lang='lat'><em>15</em></span> <span class='ocrx_word' id='word_1_368' title='bbox 651 3256 730 3299; x_wconf 82' lang='grc' dir='ltr'><em>καὶ</em></span> <span class='ocrx_word' id='word_1_369' title='bbox 761 3254 864 3298; x_wconf 83' lang='lat' dir='ltr'><strong>add.</strong></span> <span class='ocrx_word' id='word_1_370' title='bbox 894 3254 1062 3299; x_wconf 85' lang='lat' dir='ltr'><strong>Reiske</strong></span> <span class='ocrx_word' id='word_1_371' title='bbox 1234 3250 1528 3303; x_wconf 73' lang='grc' dir='ltr'><em>ἀκούσεσθαι</em></span> <span class='ocrx_word' id='word_1_372' title='bbox 1559 3257 1608 3301; x_wconf 93' lang='grc' dir='ltr'><strong>Μ</strong></span> <span class='ocrx_word' id='word_1_373' title='bbox 1727 3261 1778 3302; x_wconf 87' lang='grc'><em>16</em></span> <span class='ocrx_word' id='word_1_374' title='bbox 1808 3254 1866 3304; x_wconf 82' lang='grc' dir='ltr'><em>τὰ</em></span> <span class='ocrx_word' id='word_1_375' title='bbox 1898 3252 2136 3316; x_wconf 78' lang='grc' dir='ltr'><em>ἀναγκαῖα</em></span> <span class='ocrx_word' id='word_1_376' title='bbox 2167 3257 2257 3301; x_wconf 91' lang='grc' dir='ltr'><em>ΒΜ</em></span> 
     </span>
     <span class='ocr_line' id='line_1_36' title="bbox 173 3319 2188 3387; baseline 0.002 -19"><span class='ocrx_word' id='word_1_377' title='bbox 173 3320 408 3381; x_wconf 76' lang='grc' dir='ltr'><em>ἀναγκαῖα</em></span> <span class='ocrx_word' id='word_1_378' title='bbox 437 3326 542 3377; x_wconf 88' lang='lat' dir='ltr'><strong>(om.</strong></span> <span class='ocrx_word' id='word_1_379' title='bbox 564 3319 640 3377; x_wconf 80' lang='grc' dir='ltr'><em>τὰ)</em></span> <span class='ocrx_word' id='word_1_380' title='bbox 661 3323 742 3369; x_wconf 90' lang='lat' dir='ltr'><em>UT</em></span> <span class='ocrx_word' id='word_1_381' title='bbox 835 3328 883 3368; x_wconf 80' lang='lat'><em>17</em></span> <span class='ocrx_word' id='word_1_382' title='bbox 915 3327 1084 3384; x_wconf 82' lang='grc' dir='ltr'><em>δοκῆτε</em></span> <span class='ocrx_word' id='word_1_383' title='bbox 1106 3326 1145 3370; x_wconf 94' lang='grc' dir='ltr'>Β</span> <span class='ocrx_word' id='word_1_384' title='bbox 1234 3329 1284 3373; x_wconf 90' lang='grc'><em>18</em></span> <span class='ocrx_word' id='word_1_385' title='bbox 1315 3327 1514 3385; x_wconf 77' lang='grc' dir='ltr'><em>λέγεσθε</em></span> <span class='ocrx_word' id='word_1_386' title='bbox 1534 3329 1573 3372; x_wconf 93' lang='grc' dir='ltr'>Β</span> <span class='ocrx_word' id='word_1_387' title='bbox 1599 3329 1820 3387; x_wconf 79' lang='grc' dir='ltr'><em>λέγεσθαι</em></span> <span class='ocrx_word' id='word_1_388' title='bbox 1852 3333 1917 3380; x_wconf 86' lang='grc' dir='ltr'><em>(αι</em></span> <span class='ocrx_word' id='word_1_389' title='bbox 1936 3332 1966 3372; x_wconf 71' lang='grc'><em>8.</em></span> <span class='ocrx_word' id='word_1_390' title='bbox 1996 3331 2127 3381; x_wconf 85' lang='lat' dir='ltr'><strong>corr.)</strong></span> <span class='ocrx_word' id='word_1_391' title='bbox 2148 3327 2188 3372; x_wconf 94' lang='lat' dir='ltr'>U</span> 
     </span>
     <span class='ocr_line' id='line_1_37' title="bbox 175 3385 2256 3457; baseline 0.003 -21"><span class='ocrx_word' id='word_1_392' title='bbox 175 3397 226 3436; x_wconf 78' lang='lat'><em>‘20</em></span> <span class='ocrx_word' id='word_1_393' title='bbox 258 3385 383 3440; x_wconf 74' lang='grc' dir='ltr'><em>ὥστε</em></span> <span class='ocrx_word' id='word_1_394' title='bbox 412 3393 453 3438; x_wconf 92' lang='lat' dir='ltr'><strong>U</strong></span> <span class='ocrx_word' id='word_1_395' title='bbox 597 3397 646 3438; x_wconf 81' lang='lat'><em>21</em></span> <span class='ocrx_word' id='word_1_396' title='bbox 679 3395 761 3439; x_wconf 86' lang='grc' dir='ltr'><em>καί</em></span> <span class='ocrx_word' id='word_1_397' title='bbox 790 3411 921 3448; x_wconf 84' lang='grc' dir='ltr'><em>τινας</em></span> <span class='ocrx_word' id='word_1_398' title='bbox 950 3395 1143 3451; x_wconf 86' lang='lat' dir='ltr'><strong>Selden.,</strong></span> <span class='ocrx_word' id='word_1_399' title='bbox 1173 3392 1277 3443; x_wconf 82' lang='grc' dir='ltr'><em>τινὰ</em></span> <span class='ocrx_word' id='word_1_400' title='bbox 1308 3401 1387 3442; x_wconf 80' lang='grc' dir='ltr'><em>καὶ</em></span> <span class='ocrx_word' id='word_1_401' title='bbox 1417 3397 1521 3442; x_wconf 88' lang='lat' dir='ltr'><strong>libri</strong></span> <span class='ocrx_word' id='word_1_402' title='bbox 1666 3402 1720 3443; x_wconf 83' lang='lat'><em>26</em></span> <span class='ocrx_word' id='word_1_403' title='bbox 1751 3391 2014 3455; x_wconf 72' lang='grc' dir='ltr'><em>ἐλάττομεν</em></span> <span class='ocrx_word' id='word_1_404' title='bbox 2042 3395 2073 3457; x_wconf 72' lang='grc' dir='ltr'><strong><em>ἦ</em></strong></span> <span class='ocrx_word' id='word_1_405' title='bbox 2101 3402 2199 3455; x_wconf 79' lang='lat' dir='ltr'><strong>(pro</strong></span> <span class='ocrx_word' id='word_1_406' title='bbox 2230 3398 2256 3457; x_wconf 81' lang='grc' dir='ltr'>ἡ</span> 
     </span>
     <span class='ocr_line' id='line_1_38' title="bbox 172 3459 2258 3531; baseline 0.004 -23"><span class='ocrx_word' id='word_1_407' title='bbox 172 3463 415 3523; x_wconf 83' lang='grc' dir='ltr'><em>λεγομένη)</em></span> <span class='ocrx_word' id='word_1_408' title='bbox 446 3465 494 3508; x_wconf 91' lang='grc' dir='ltr'><strong>Μ</strong></span> <span class='ocrx_word' id='word_1_409' title='bbox 522 3465 692 3510; x_wconf 83' lang='lat' dir='ltr'><strong>latetne</strong></span> <span class='ocrx_word' id='word_1_410' title='bbox 720 3459 748 3524; x_wconf 78' lang='grc' dir='ltr'><em>ἦ</em></span> <span class='ocrx_word' id='word_1_411' title='bbox 778 3466 1080 3524; x_wconf 83' lang='grc' dir='ltr'><em>πλαττομένη</em></span> <span class='ocrx_word' id='word_1_412' title='bbox 1193 3461 1256 3513; x_wconf 74' lang='grc' dir='ltr'><em>δι’</em></span> <span class='ocrx_word' id='word_1_413' title='bbox 1287 3462 1315 3525; x_wconf 79' lang='grc' dir='ltr'><em>ἣ</em></span> <span class='ocrx_word' id='word_1_414' title='bbox 1347 3468 1385 3512; x_wconf 90' lang='grc' dir='ltr'><strong>Τ</strong></span> <span class='ocrx_word' id='word_1_415' title='bbox 1485 3510 1503 3531; x_wconf 56' lang='grc'><strong>.</strong></span> <span class='ocrx_word' id='word_1_416' title='bbox 1529 3464 1872 3526; x_wconf 77' lang='grc' dir='ltr'><em>ἀποτροπῆναί</em></span> <span class='ocrx_word' id='word_1_417' title='bbox 1902 3468 1952 3513; x_wconf 93' lang='grc' dir='ltr'><strong>Μ</strong></span> <span class='ocrx_word' id='word_1_418' title='bbox 2068 3473 2120 3513; x_wconf 85' lang='grc'><em>27</em></span> <span class='ocrx_word' id='word_1_419' title='bbox 2147 3466 2258 3516; x_wconf 75' lang='grc' dir='ltr'><em>ὑπι-</em></span> 
     </span>
     <span class='ocr_line' id='line_1_39' title="bbox 172 3531 2260 3597; baseline 0.004 -19"><span class='ocrx_word' id='word_1_420' title='bbox 172 3533 398 3590; x_wconf 81' lang='grc' dir='ltr'><em>δομένους</em></span> <span class='ocrx_word' id='word_1_421' title='bbox 429 3534 509 3580; x_wconf 92' lang='lat' dir='ltr'><em>BU</em></span> <span class='ocrx_word' id='word_1_422' title='bbox 539 3548 596 3578; x_wconf 90' lang='lat' dir='ltr'><em>m.</em></span> <span class='ocrx_word' id='word_1_423' title='bbox 628 3549 696 3589; x_wconf 88' lang='lat' dir='ltr'><em>pr.</em></span> <span class='ocrx_word' id='word_1_424' title='bbox 716 3531 1063 3591; x_wconf 76' lang='grc' dir='ltr'><em>,ὖπειδομένους</em></span> <span class='ocrx_word' id='word_1_425' title='bbox 1092 3537 1134 3582; x_wconf 94' lang='lat' dir='ltr'><strong>U</strong></span> <span class='ocrx_word' id='word_1_426' title='bbox 1164 3550 1223 3581; x_wconf 85' lang='lat' dir='ltr'><em>m.</em></span> <span class='ocrx_word' id='word_1_427' title='bbox 1255 3550 1345 3582; x_wconf 82' lang='lat' dir='ltr'><strong>sec.</strong></span> <span class='ocrx_word' id='word_1_428' title='bbox 1378 3538 1415 3581; x_wconf 88' lang='lat' dir='ltr'>T</span> <span class='ocrx_word' id='word_1_429' title='bbox 1447 3536 1753 3597; x_wconf 81' lang='grc' dir='ltr'><em>ἐπιδομὲνους</em></span> <span class='ocrx_word' id='word_1_430' title='bbox 1772 3539 1822 3583; x_wconf 92' lang='grc' dir='ltr'><strong>Μ</strong></span> <span class='ocrx_word' id='word_1_431' title='bbox 1909 3543 1963 3584; x_wconf 84' lang='grc'><em>29</em></span> <span class='ocrx_word' id='word_1_432' title='bbox 1993 3536 2052 3586; x_wconf 87' lang='grc' dir='ltr'><em>τὸ</em></span> <span class='ocrx_word' id='word_1_433' title='bbox 2085 3540 2260 3587; x_wconf 84' lang='grc' dir='ltr'><em>λοιπὸν</em></span> 
     </span>
     <span class='ocr_line' id='line_1_40' title="bbox 170 3601 2258 3671; baseline 0.002 -21"><span class='ocrx_word' id='word_1_434' title='bbox 170 3609 274 3662; x_wconf 79' lang='lat' dir='ltr'>post</span> <span class='ocrx_word' id='word_1_435' title='bbox 303 3605 614 3665; x_wconf 81' lang='grc' dir='ltr'><em>στρατοπέδῳ</em></span> <span class='ocrx_word' id='word_1_436' title='bbox 643 3610 815 3663; x_wconf 85' lang='lat' dir='ltr'><strong>transp.</strong></span> <span class='ocrx_word' id='word_1_437' title='bbox 849 3606 931 3652; x_wconf 89' lang='lat' dir='ltr'><em>UT</em></span> <span class='ocrx_word' id='word_1_438' title='bbox 1035 3601 1100 3661; x_wconf 78' lang='grc' dir='ltr'><em>ὡς</em></span> <span class='ocrx_word' id='word_1_439' title='bbox 1129 3606 1182 3653; x_wconf 76' lang='grc' dir='ltr'><em>ἐν</em></span> <span class='ocrx_word' id='word_1_440' title='bbox 1211 3609 1520 3671; x_wconf 82' lang='grc' dir='ltr'><em>στρατοπέδῳ</em></span> <span class='ocrx_word' id='word_1_441' title='bbox 1549 3622 1577 3655; x_wconf 80' lang='lat' dir='ltr'><strong>a</strong></span> <span class='ocrx_word' id='word_1_442' title='bbox 1605 3611 1775 3655; x_wconf 84' lang='lat' dir='ltr'><strong>lectore</strong></span> <span class='ocrx_word' id='word_1_443' title='bbox 1805 3610 1998 3666; x_wconf 83' lang='lat' dir='ltr'><strong>quodam</strong></span> <span class='ocrx_word' id='word_1_444' title='bbox 2029 3611 2258 3667; x_wconf 72' lang='lat' dir='ltr'><strong>adscripta</strong></span> 
     </span>
     <span class='ocr_line' id='line_1_41' title="bbox 171 3672 2261 3738; baseline 0.005 -21"><span class='ocrx_word' id='word_1_445' title='bbox 171 3672 309 3719; x_wconf 80' lang='lat' dir='ltr'><strong>fuisse</strong></span> <span class='ocrx_word' id='word_1_446' title='bbox 339 3675 569 3732; x_wconf 82' lang='lat' dir='ltr'><strong>suspicor3</strong></span> <span class='ocrx_word' id='word_1_447' title='bbox 602 3677 771 3721; x_wconf 79' lang='lat' dir='ltr'><strong>scribo:</strong></span> <span class='ocrx_word' id='word_1_448' title='bbox 803 3673 861 3723; x_wconf 84' lang='grc' dir='ltr'><em>τὸ</em></span> <span class='ocrx_word' id='word_1_449' title='bbox 895 3677 1069 3723; x_wconf 78' lang='grc' dir='ltr'><em>λοιπὸν</em></span> <span class='ocrx_word' id='word_1_450' title='bbox 1098 3686 1199 3732; x_wconf 84' lang='grc' dir='ltr'><em>τοῖς</em></span> <span class='ocrx_word' id='word_1_451' title='bbox 1228 3677 1280 3724; x_wconf 77' lang='grc' dir='ltr'><em>ἐν</em></span> <span class='ocrx_word' id='word_1_452' title='bbox 1309 3683 1368 3738; x_wconf 85' lang='grc' dir='ltr'><em>τῇ</em></span> <span class='ocrx_word' id='word_1_453' title='bbox 1397 3677 1536 3727; x_wconf 87' lang='grc' dir='ltr'><em>πόλει</em></span> <span class='ocrx_word' id='word_1_454' title='bbox 1702 3685 1755 3726; x_wconf 89' lang='grc'><em>30</em></span> <span class='ocrx_word' id='word_1_455' title='bbox 1786 3678 1907 3738; x_wconf 85' lang='grc' dir='ltr'><em>μετὰ</em></span> <span class='ocrx_word' id='word_1_456' title='bbox 1938 3694 2020 3738; x_wconf 90' lang='lat' dir='ltr'><em>pro</em></span> <span class='ocrx_word' id='word_1_457' title='bbox 2050 3680 2117 3738; x_wconf 79' lang='grc' dir='ltr'><em>μά</em></span> <span class='ocrx_word' id='word_1_458' title='bbox 2150 3677 2261 3736; x_wconf 83' lang='grc' dir='ltr'><em>τοὺς</em></span> 
     </span>
     <span class='ocr_line' id='line_1_42' title="bbox 171 3740 2034 3809; baseline 0.004 -21"><span class='ocrx_word' id='word_1_459' title='bbox 171 3742 292 3788; x_wconf 91' lang='lat' dir='ltr'><em>UBT</em></span> <span class='ocrx_word' id='word_1_460' title='bbox 409 3740 515 3793; x_wconf 75' lang='grc' dir='ltr'><em>οὐδὲ</em></span> <span class='ocrx_word' id='word_1_461' title='bbox 549 3772 596 3778; x_wconf 92' lang='lat'><em>——</em></span> <span class='ocrx_word' id='word_1_462' title='bbox 627 3760 670 3804; x_wconf 88' lang='lat' dir='ltr'><em>p.</em></span> <span class='ocrx_word' id='word_1_463' title='bbox 705 3750 802 3803; x_wconf 86' lang='lat'><strong>80,2</strong></span> <span class='ocrx_word' id='word_1_464' title='bbox 836 3744 976 3795; x_wconf 64' lang='grc' dir='ltr'><em>ἄλλαι</em></span> <span class='ocrx_word' id='word_1_465' title='bbox 1008 3761 1167 3805; x_wconf 84' lang='lat' dir='ltr'><strong>parum</strong></span> <span class='ocrx_word' id='word_1_466' title='bbox 1196 3750 1341 3804; x_wconf 85' lang='lat' dir='ltr'><strong>logice</strong></span> <span class='ocrx_word' id='word_1_467' title='bbox 1369 3751 1481 3796; x_wconf 82' lang='lat' dir='ltr'>haec</span> <span class='ocrx_word' id='word_1_468' title='bbox 1509 3752 1628 3797; x_wconf 87' lang='lat' dir='ltr'><strong>inter</strong></span> <span class='ocrx_word' id='word_1_469' title='bbox 1659 3765 1707 3797; x_wconf 78' lang='lat' dir='ltr'><em>se</em></span> <span class='ocrx_word' id='word_1_470' title='bbox 1739 3754 2034 3809; x_wconf 85' lang='lat' dir='ltr'><strong>opponuntur</strong></span> 
     </span>
    </p>
   </div>
   <div class='ocr_carea' id='block_1_4' title="bbox 9 3251 20 3556">
    <p class='ocr_par' dir='ltr' id='par_1_14' title="bbox 9 3251 20 3556">
     <span class='ocr_line' id='line_1_43' title="bbox 9 3251 20 3556; textangle 90"><span class='ocrx_word' id='word_1_471' title='bbox 16 3542 20 3556; x_wconf 63' lang='grc'><em>,-</em></span> <span class='ocrx_word' id='word_1_472' title='bbox 17 3511 19 3525; x_wconf 29' lang='grc' dir='ltr'><em>,Α</em></span> <span class='ocrx_word' id='word_1_473' title='bbox 11 3329 19 3499; x_wconf 44' lang='grc' dir='ltr'><em>«πη-,η-,φ</em></span> <span class='ocrx_word' id='word_1_474' title='bbox 9 3251 16 3315; x_wconf 51' lang='grc' dir='ltr'><em>-ι</em></span> 
     </span>
    </p>
   </div>
  </div>
 </body>
</html>
