2684 4140
458 274 526 322 80
1167 253 1313 300 DION
1315 253 1368 297 IS
1396 252 1482 296 DE
1510 249 1808 295 TUMULTU

456 417 576 471 τοῖς
622 400 1023 474 στρατοπέδοις
1070 396 1325 467 ζητοῦσιν
1363 392 1532 454 ἄλλος
1580 391 1750 443 ἄλλου
1802 389 2226 462 ἀσφαλέστερον
2275 401 2524 462 σκηνοῦν,

458 490 595 543 ἀλλὰ
648 490 790 555 πρὸς
834 486 963 545 τούς
1010 479 1315 546 πολεμίους
1354 471 1546 538 αὐτοῖς
1593 481 1624 547 ή
1679 474 1894 547 φυλακή
1935 478 2104 526 ἐστιν.
2183 483 2251 546 τῇ
2288 476 2390 539 μὲν
2430 476 2524 527 οὖν

454 577 582 640 τύχῃ
625 573 809 638 χάρις,
867 560 942 616 δι’
984 566 1049 634 ἢν
1086 564 1476 631 ἀπετράπητε,
1526 560 1639 611 εἴτε
1691 568 1855 611 τοῦτο
1896 562 2198 630 νοήσαντες
2237 560 2349 612 εἴτε
2387 558 2524 612 ἄλλο

450 660 657 708 ὁτιοῦν’
697 646 758 702 οὗ
806 654 999 715 μέντοι
1043 646 1275 717 ἀληθῶς
1321 643 1647 697 ὑπείδεσθε.
1739 639 1802 695 οὗ
1851 646 1954 715 γὰρ
2005 646 2072 696 ἂν
2111 646 2283 714 ἔγωγε
2322 648 2523 716 ἠμυνά-

443 756 551 808 μην
586 740 737 802 ὑμᾶς,
777 732 915 783 ἀλλὰ
953 734 1151 782 τούτου
1189 746 1249 798 γε
1287 733 1442 781 ἕνεκα
1482 726 1663 799 πολλὴ
1694 732 1824 796 ύμῖν
1852 727 2138 800 ἀσφάλειά
2176 732 2348 795 ἐστιν,
2387 733 2519 783 ὅταν
2557 744 2581 782 5

446 819 730 890 βούλησθε
765 818 1083 868 κατακαίειν
1119 812 1217 885 τὴν
1256 816 1453 878 οἰκίαν,
1493 816 1648 884 ἤρκει
1688 812 1750 865 δέ
1785 831 1886 880 μοι
1923 811 2022 885 τὴν
2059 819 2291 882 γυναῖκα
2327 818 2422 868 καὶ
2458 821 2521 870 τὸ
2547 828 2684 872 (2193.-

453 903 682 956 παιδίον
720 900 959 968 λαβόντα
998 902 1331 970 ἀποχωρεῖν.

366 995 428 1044 14
586 989 677 1038 καὶ
722 983 916 1055 μηδεὶς
963 986 1163 1054 νομίσῃ
1215 987 1292 1047 ὡς
1339 986 1444 1052 ἐγὼ
1492 987 1635 1055 ὑπὲρ
1687 987 1932 1052 ἐμαυτοῦ
1980 986 2303 1053 ἀγανακτῶν
2353 993 2527 1038 ταῦτα

447 1072 635 1142 εἴρηκα
671 1067 879 1136 μᾶλλον
925 1071 956 1139 ἢ
997 1071 1138 1139 ὑπὲρ
1185 1071 1339 1135 ὑμῶν
1390 1067 1590 1131 δεδιὼς
1638 1072 1860 1140 μήποτε
1909 1072 2018 1140 ἄρα
2060 1068 2410 1141 διαβληθῆτε
2451 1075 2528 1135 ὡς

442 1158 623 1225 βίαιοι
658 1156 750 1205 καὶ
786 1155 1125 1222 παράνομοι.
1191 1147 1254 1206 οὗ
1281 1155 1384 1224 γὰρ
1413 1152 1686 1206 λανθάνει
1710 1161 1822 1206 τῶν
1861 1157 1919 1206 ἐν
1945 1159 2070 1217 ταῖς
2097 1152 2334 1208 πόλεσιν
2363 1150 2521 1209 οὐδὲν
2561 1165 2607 1207 10

444 1243 572 1302 τούς
607 1241 878 1310 ἡγεμόνας
927 1236 1086 1306 (λέγω
1136 1237 1194 1290 δὲ
1242 1241 1374 1302 τούς
1409 1236 1634 1306 μείζους
1669 1243 1944 1311 ἡγεμόνας
1980 1246 2091 1292 τῶν
2129 1236 2358 1301 ἐνθάδε)
2399 1232 2523 1290 ἀλλ’

448 1328 634 1394 ὥσπερ
675 1330 784 1374 τῶν
823 1321 1072 1375 παιδίων
1119 1330 1230 1375 τῶν
1280 1326 1665 1394 ἀτακτοτέρων
1716 1325 1863 1377 οἴκοι
1913 1327 2057 1395 πρὸς
2095 1327 2226 1388 τούς
2264 1323 2528 1376 διδασκά-

445 1406 571 1468 λους
605 1414 1006 1478 κατηγοροῦσιν
1034 1410 1090 1458 οἱ
1115 1411 1511 1479 προσήκοντες,
1553 1412 1759 1462 οὑτωσὶ
1784 1413 1878 1462 καὶ
1902 1412 1971 1462 τὰ
1998 1417 2109 1463 τῶν
2136 1409 2326 1481 δήμων
2353 1412 2528 1480 ἀμαρ-

441 1495 655 1563 τήματα
694 1494 838 1562 πρὸς
875 1494 1119 1555 ἐκείνους
1167 1493 1594 1562 ἀπαγγέλλεται.
1684 1502 1858 1547 ταῦτα
1906 1499 2007 1563 μὲν
2047 1497 2143 1548 οὖν
2184 1497 2308 1547 οὔτε
2345 1494 2529 1558 καλῶς

443 1578 565 1629 οὔτε
593 1580 988 1649 συμφερόντως
1014 1580 1206 1641 αὐτοῖς
1231 1582 1538 1649 πράττοιτε
1565 1582 1648 1633 ἄν.
1714 1583 1777 1632 τὸ
1807 1580 1865 1632 δὲ
1894 1579 2086 1645 ἀξιοῦν
2113 1579 2524 1648 ἐπιμελεῖσθαι
2561 1589 2607 1631 15

442 1671 538 1733 τῆς
575 1664 776 1732 ἀγορᾶς
820 1665 914 1715 καὶ
959 1666 1090 1725 τοὺς
1139 1662 1478 1730 δυναμένους
1522 1670 1866 1735 χειροτονεῖν
1913 1668 2008 1717 καὶ
2053 1668 2185 1728 τούς
2231 1662 2306 1735 μὴ
2359 1663 2530 1717 λελει-

442 1750 824 1817 τουργηκότας,
866 1749 915 1799 εἰ
954 1746 1012 1799 δὲ
1038 1750 1113 1819 μή
1151 1765 1226 1816 γε,
1269 1751 1364 1811 οὓς
1401 1751 1469 1800 ἂν
1506 1747 1812 1820 βούλησθε,
1855 1753 2301 1821 σωφρονούντων
2338 1767 2398 1801 τε
2436 1752 2528 1802 ἀν-

440 1835 693 1901 θρώπων
730 1835 850 1886 ἐστὶ
885 1836 978 1885 καὶ
1015 1836 1160 1903 πρός
1195 1850 1256 1901 γε
1294 1841 1468 1885 ταῦτα
1509 1827 1692 1897 οὐδεὶς
1728 1837 1858 1901 ύμῖν
1901 1827 2322 1887 ἐναντιώσεται.

1305 2047 1643 2056 ——

721 2278 837 2347 (30)
887 2282 1440 2352 ΔΗΜΗΓΟΡΙΑ
1477 2280 1606 2348 ΕΝ
1642 2282 1813 2350 ΤΗΙ
1850 2281 2245 2352 ΠΑΤΡΙΔΙ.
2550 2269 2680 2311 (Μ

384 2515 404 2562 1
584 2512 819 2580 Πρῶτον
866 2515 991 2576 μέν,
1040 2510 1083 2561 ὦ
1134 2509 1358 2581 ἄνδρες,
1408 2515 1541 2564 ὅταν
1589 2514 1842 2576 ἀναστῶ,
1892 2509 1967 2582 μὴ
2016 2516 2246 2575 πάντως
2294 2515 2530 2584 ἡγεῖσθε

448 2594 619 2662 λόγων
658 2597 1006 2647 ἀκούσεσθαι
1030 2598 1381 2663 θαυμαστῶν
1405 2596 1546 2669 μηδὲ
1574 2600 1898 2668 ἐπισήμων·
1939 2595 2078 2665 λέγω
2121 2596 2179 2649 δὲ
2221 2598 2341 2649 οἷον
2381 2600 2525 2668 πρὸς
2561 2606 2611 2647 20

449 2677 647 2749 ήδονήν
685 2698 807 2730 τινα
845 2682 876 2750 ἢ
915 2678 1117 2742 κάλλος
1153 2683 1184 2752 ἢ
1229 2684 1438 2753 σοφίαν
1478 2684 1872 2752 εἰργασμένων.
1940 2682 2078 2745 ἴσως
2114 2686 2216 2749 μὲν
2254 2683 2357 2752 γὰρ
2401 2674 2527 2733 οὐδὲ

454 2761 634 2825 ἄλλως
669 2762 802 2834 ἦμεν
842 2767 1019 2817 ἱκανοὶ
1056 2769 1200 2836 πρὸς
1239 2770 1302 2818 τὸ
1341 2775 1626 2826 τοιοῦτον,
1681 2765 1821 2818 ἀλλὰ
1879 2770 2011 2836 τύχῃ
2051 2770 2163 2819 τινὶ
2199 2770 2263 2818 τὸ
2303 2765 2532 2838 πλῆθος

450 2851 540 2899 καὶ
575 2850 675 2910 τὰς
712 2848 906 2912 πόλεις
944 2854 1136 2914 πάσας
1173 2849 1632 2922 ἐξηπατήσαμεν·
1673 2854 1724 2903 εἰ
1754 2844 1806 2903 δ’
1853 2852 1964 2916 οὖν,
2005 2849 2145 2902 ἀλλὰ
2184 2858 2277 2903 νῦν
2315 2848 2530 2921 πολλὴν

451 2934 693 3002 ἀπορίαν
743 2937 835 2986 καὶ
896 2933 1075 3006 λήθην
1134 2939 1283 2998 εἰκὸς
1339 2941 1473 3007 ήμῖν
1522 2942 1808 3006 γεγονέναι
1855 2943 1965 2988 τῶν
2014 2939 2287 2987 τοιούτων
2338 2934 2530 3004 λόγων.

454 3018 623 3067 ὁποῖα
661 3020 763 3087 γὰρ
802 3021 867 3070 ἂν
906 3023 1123 3090 πράττῃ
1162 3040 1249 3083 τις
1285 3024 1379 3073 καὶ
1415 3024 1473 3073 ἑν
1513 3024 1740 3084 ὁποίοις
1778 3023 1846 3073 ἂν
1874 3006 1911 3091 ᾗ
1939 3024 2281 3090 πράγμασιν,
2322 3022 2526 3091 ἀνάγκη
2567 3027 2681 3073 25(OE

457 3102 548 3151 καὶ
583 3104 711 3163 τοὺς
750 3101 940 3170 λόγους
977 3105 1122 3156 εἶναι
1161 3104 1614 3177 παραπλησίους.
1677 3112 1840 3177 ήμεῖς
1875 3105 1933 3158 δὲ
1975 3104 2153 3157 πολύν
2192 3104 2295 3176 ἤδη
2331 3109 2532 3175 χρόνον

595 3277 620 3318 2
648 3273 796 3322 ἕσῖιῐῑ
830 3283 872 3332 (ν
901 3286 1093 3338 erasum)
1121 3284 1163 3330 U
1278 3289 1305 3328 4
1334 3279 1561 3332 ὕπίδεσθε
1590 3284 1722 3331 BMU
1752 3299 1812 3331 m.
1842 3299 1910 3343 pr.
2047 3289 2072 3329 6
2102 3282 2369 3345 βούλεσθαι
2397 3284 2448 3330 Μ

456 3339 597 3402 dim&
627 3345 675 3389 Μ
842 3353 867 3393 9
896 3347 1031 3409 ἡμῶν
1058 3354 1096 3398 T
1267 3355 1455 3410 δεδειώς
1484 3355 1523 3399 Β
1553 3354 1719 3402 δεδιών
1751 3356 1789 3400 Τ
1965 3359 2017 3400 14
2053 3351 2351 3414 ἀπαγγὲλετε
2378 3356 2417 3400 Β

463 3416 510 3456 ¹5
543 3407 702 3468 αὐτοῖς
730 3415 818 3460 UM
991 3422 1225 3483 πράττετε
1255 3426 1371 3479 libri,
1402 3439 1519 3472 corr.
1551 3426 1683 3483 Emp.
1863 3430 1914 3471 16
1941 3431 2242 3487 χειροτονεῖν
2282 3430 2389 3470 ante
2418 3425 2534 3479 τούς

456 3483 736 3540 δυναμένους
762 3488 915 3534 melius
943 3491 1162 3549 legeretur
1336 3500 1386 3540 17
1417 3494 1656 3556 βούλεσθε
1688 3496 1819 3542 UMT
1974 3512 2026 3542 τε
2054 3495 2236 3549 Reiske‚
2266 3494 2316 3542 δὲ
2343 3494 2448 3539 libri

463 3555 514 3596 18
541 3550 863 3603 ἐναντιόσεται
892 3559 931 3605 U
959 3575 1016 3607 m.
1047 3577 1115 3620 pr.
1145 3564 1457 3613 ἐναντιώσετε
1488 3567 1526 3611 Τ
1619 3571 1670 3612 19
1699 3562 1913 3626 ἡγείσθω
1943 3566 1992 3610 Μ
2109 3570 2159 3610 21
2192 3564 2377 3625 βάλλος
2404 3565 2455 3609 Μ

459 3618 892 3738 283Πὲξη7ῑαῖῆκᾱμεν
919 3630 957 3675 Τ
1099 3637 1153 3679 24
1183 3630 1415 3696 εὐπορίαν
1444 3637 1484 3681 Τ
1652 3640 1706 3683 25
1739 3635 1899 3694 ὃπίοις
1928 3632 1990 3684 ἂν
2020 3627 2078 3695 ἦν
2107 3635 2158 3680 Μ
2190 3631 2383 3690 ὁποίοις
2413 3629 2534 3695 ἀνὴρ

568 3707 626 3739 ΙΙΙ.
657 3707 722 3751 pr.
