2684 4140
1080 257 1305 303 ORATIO
1335 257 1476 302 LXX.
2215 259 2314 307 179

230 400 370 471 μηδὲ
410 404 542 471 περὶ
577 408 750 453 ταῦτα
780 399 1108 472 φροντίζων,
1148 401 1288 454 ἀλλὰ
1315 400 1524 469 μᾶλλον
1553 404 1730 454 συνὼν
1761 407 1882 464 τοῖς
1905 405 2202 470 κυβεύουσι
2226 406 2320 455 καὶ

230 479 354 553 μετ’
409 488 633 538 ἐκείνων
683 489 947 539 ἑκάστοτε
1004 485 1110 551 ζῶν
1156 490 1250 539 καὶ
1298 486 1674 555 βλεπόμενος,
1725 490 2073 554 ἀστρονόμον
2121 495 2318 540 τοῦτον

234 573 435 642 φήσεις
469 573 501 642 ἢ
540 573 803 642 κυβευτήν
815 590 834 634 ,·
870 600 942 607 --
973 571 1051 623 Οὐ
1089 573 1167 638 μὰ
1206 575 1302 623 τὸν
1339 567 1441 623 Δί’
1484 573 1861 640 ἀστρονομίας
1897 575 2212 643 ἡγησαίμην
2250 576 2317 625 ἂν

233 658 402 723 ἔγωγε
441 658 745 726 προσήκειν
796 656 945 724 αὐτῷ
992 675 1075 721 τι,
1127 655 1272 707 πολὺ
1324 655 1381 708 δὲ
1430 654 1642 722 μᾶλλον
1688 658 1928 723 κυβείας.
1980 685 2047 692 -
2093 660 2214 709 Δύο
2255 657 2317 709 δέ
2354 660 2384 708 5

175 751 200 792 5
235 758 402 792 τινων
427 747 529 791 τοῦ
552 743 653 806 μὲν
696 739 952 808 λέγοντος
977 744 1065 792 ὅτι
1091 739 1421 793 πλευσεῖται
1446 743 1544 812 τὴν
1573 743 1838 812 ταχίστην
1862 744 1954 793 καὶ
1980 740 2164 793 πολλὰ
2200 761 2318 813 κερ-

232 824 396 876 δανεῖ
418 827 675 895 χρήματα
715 827 831 876 ἀπὸ
871 828 1178 896 ἐμπορίας,
1228 828 1366 896 μήτε
1419 824 1477 876 δὲ
1528 833 1660 888 ναῦς
1704 828 1845 896 μήτε
1891 829 2097 888 ναύτας
2146 844 2317 898 παρε-

232 915 604 976 σκευασμένου
641 913 778 981 μήτε
819 914 1030 982 φόρτον
1068 913 1292 976 ἔχοντος
1327 909 1567 981 μηδένα,
1619 909 1760 961 ἀλλὰ
1797 910 1938 982 μηδὲ
1978 915 2319 980 προσιόντος

229 993 373 1056 ὅλως
410 994 488 1062 τῴ
530 993 713 1061 λιμένι
748 993 889 1065 μηδὲ
928 1003 997 1066 τῇ
1034 994 1320 1064 θαλάττῃ,
1372 1002 1475 1046 τοῦ
1510 993 1569 1046 δὲ
1609 1000 2138 1063 πραγματευομένου
2190 998 2322 1066 περὶ

229 1087 404 1131 ταῦτα
441 1083 535 1131 καὶ
570 1078 774 1131 πλοῖον
814 1087 1297 1150 περισκοποῦντος
1333 1082 1427 1131 καὶ
1461 1081 1796 1149 κυβερνήτην
1820 1082 1913 1131 καὶ
1933 1082 2189 1150 χρήματα
2227 1082 2320 1146 ἑμ-

151 1171 198 1213 10
232 1163 607 1231 βαλλομένου·
657 1167 898 1233 πότερον
943 1166 1124 1215 αὐτῶν
1165 1166 1367 1234 φήσεις
1404 1164 1655 1232 ἐμπορίᾳ
1692 1168 1990 1233 προσέχειν
2028 1166 2123 1214 τὸν
2163 1171 2291 1215 νοῦν
2302 1184 2321 1227 ,·

227 1253 323 1301 τὸν
363 1248 590 1318 λέγοντα
628 1251 660 1319 ἢ
700 1251 796 1299 τὸν
826 1250 1146 1316 πράττοντα
1184 1249 1278 1298 καὶ
1313 1243 1876 1315 παρασκευαζόμενον
1915 1248 1985 1297 τὰ
2037 1253 2139 1297 τοῦ
2175 1245 2324 1302 πλοῦ

60 1346 140 1387 (623
158 1345 211 1387 Μ)
229 1337 322 1386 καὶ
357 1336 426 1385 τὰ
463 1342 563 1405 τῆς
599 1334 879 1400 ἐμπορίας
890 1351 910 1394 ,·
949 1360 1016 1368 -
1048 1326 1178 1399 Ἐγὼ
1217 1334 1318 1397 μὲν
1356 1337 1571 1381 τοῦτον.
1626 1359 1696 1366 —-
1731 1332 1799 1381 A.
1834 1324 1958 1382 Ἐπὶ
1995 1333 2167 1382 παντὶ
2204 1333 2313 1401 ἄρα
2354 1334 2385 1384 6

227 1422 324 1470 τὸν
359 1421 460 1485 μὲν
500 1416 691 1485 λόγον,
740 1418 791 1467 εἰ
827 1409 967 1467 καθ’
1013 1418 1179 1467 αὐτὸν
1220 1413 1469 1483 λέγοιτο,
1506 1413 1746 1485 μηδενὸς
1785 1416 1945 1485 ἔργου
1984 1418 2316 1484 προσόντος,

227 1505 427 1574 ἄκυρον
463 1504 636 1572 ήγήσῃ
674 1503 768 1552 καὶ
807 1502 869 1551 οὐ
908 1504 1142 1552 πιστόν·
1181 1503 1244 1551 τὸ
1276 1493 1331 1551 δ’
1376 1502 1536 1569 ἔργον
1566 1501 1700 1550 αὐτὸ
1729 1503 1935 1551 πιστόν
1961 1518 2021 1550 τε
2058 1503 2151 1551 καὶ
2188 1498 2318 1570 ἀλη-

146 1595 192 1635 15
229 1589 358 1652 θές,
408 1588 505 1638 ἐὰν
540 1589 634 1638 καὶ
676 1589 749 1657 μή
802 1589 1022 1656 προάγῃ
1065 1584 1256 1654 λόγος,·
1305 1613 1374 1621 -
1428 1584 1637 1647 Οὕτως.
1687 1611 1758 1620 —-
1802 1586 1870 1635 A.
1920 1586 2175 1653 Πότερον
2225 1586 2319 1636 οὖν

226 1674 496 1743 γεωργίας
523 1674 646 1723 ἐστί
672 1690 796 1723 τινα
824 1673 955 1742 ἔργα
981 1673 1075 1723 καὶ
1114 1672 1437 1740 παρασκευὴ
1475 1672 1570 1721 καὶ
1607 1667 1895 1731 ναυτιλίας
1930 1671 2024 1720 καὶ
2061 1667 2202 1719 ἄλλα
2241 1668 2318 1737 τῷ

226 1763 488 1829 κυνηγέτῃ
512 1759 869 1828 προσήκοντα
889 1759 984 1808 καὶ
1008 1755 1088 1823 τῷ
1114 1757 1442 1825 ἀστρονόμω
1470 1757 1564 1806 καὶ
1589 1749 1723 1823 [ἐπὶ]
1750 1758 1870 1816 τοῖς
1897 1752 2091 1815 ἄλλοις
2117 1756 2317 1817 ἅπασι,

17 1853 207 1895 375311)
235 1840 585 1913 φιλοσοφίας
627 1840 685 1893 δὲ
727 1840 887 1893 οὐδέν
925 1843 1079 1892 ἐστιν
1119 1842 1324 1892 οἰκεῖον
1363 1842 1522 1910 ἔργον
1562 1837 1688 1890 ουδὲ
1717 1845 1942 1909 πρᾶγμα
1972 1837 2098 1890 οὐδὲ
2138 1855 2318 1908 παρα-

229 1928 421 1996 σκευή,·
457 1954 528 1961 -
563 1928 724 1978 Πάνυ
762 1929 863 1992 μὲν
906 1926 1016 1977 οὖν.
1055 1953 1128 1961 —
1162 1927 1231 1976 A.
1252 1918 1421 1975 Ἀλλὰ
1460 1930 1634 1974 ταῦτα
1671 1926 1771 1989 μὲν
1811 1922 1990 1994 ἄδηλα
2029 1925 2097 1974 τὰ
2137 1938 2313 1993 προσ·
2354 1925 2383 1974 7

149 2018 196 2060 20
232 2013 433 2081 ήκοντα
471 2010 550 2079 τῷ
580 2009 880 2081 φιλοσόφῳ
908 2012 1002 2061 καὶ
1030 2008 1365 2080 φιλοσοφίᾳ,
1405 2010 1473 2059 τά
1514 2007 1572 2059 δὲ
1611 2015 1722 2060 τῶν
1745 2010 2010 2078 εμπόρων
2034 2011 2127 2060 καὶ
2151 2025 2319 2077 γεωρ-

226 2102 338 2162 γῶν
383 2098 477 2147 καὶ
522 2102 807 2161 μουσικῶν
843 2097 938 2146 καὶ
987 2096 1351 2164 ἀστρονόμων
1397 2095 1491 2144 καὶ
1530 2092 1605 2143 ὧν
1654 2100 1747 2144 νῦν
1802 2091 1864 2163 δή
1915 2092 2078 2144 εἷπον
2118 2091 2318 2162 ἔκδηλα

225 2182 319 2231 καὶ
357 2183 603 2251 φανερά,·
651 2209 720 2216 -
775 2179 857 2231 Οὔ
904 2197 1005 2246 μοι
1055 2177 1220 2230 δοκεῖ.
1275 2206 1344 2214 —
1391 2180 1459 2228 A.
1493 2171 1663 2228 Ἀλλὰ
1715 2176 1778 2248 δὴ
1828 2180 1922 2228 καὶ
1972 2176 2128 2245 λόγοι
2173 2182 2320 2238 τινές

228 2267 387 2329 εἰσιν,
428 2265 503 2316 ὧν
543 2264 637 2316 δεῖ
665 2267 761 2316 τὸν
791 2262 1216 2335 φιλοσοφοῦντα
1246 2265 1483 2326 ἀκούειν,
1521 2264 1616 2313 καὶ
1639 2263 1972 2332 μαθήματα,
2013 2265 2047 2312 ἃ
2076 2260 2168 2313 δεῖ
2183 2280 2320 2328 μανψ

227 2352 455 2414 θάνειν,
503 2353 598 2402 καὶ
638 2348 856 2414 δίαιτα,
907 2351 974 2419 ἢν
1014 2348 1108 2400 δεῖ
1140 2347 1508 2411 διαιτᾶσθαι,
1556 2349 1652 2399 καὶ
1696 2345 1949 2398 καθόλου
1988 2348 2113 2414 βίος
2151 2345 2320 2408 ἄλλος

148 2442 195 2482 25
230 2438 330 2501 μὲν
367 2442 469 2486 τοῦ
507 2433 985 2506 φιλοσοφοῦντος,
1027 2432 1196 2496 ἄλλος
1235 2432 1294 2484 δὲ
1332 2439 1443 2484 τῶν
1484 2430 1710 2483 πολλῶν
1749 2434 2102 2499 ἀνθρώπων·
2154 2434 2185 2482 ό
2220 2434 2320 2497 μὲν

232 2522 376 2589 πρὸς
413 2518 691 2590 ἀλήθειαν
728 2522 822 2571 καὶ
850 2523 1124 2590 φρόνησιν
1150 2520 1347 2570 τείνων
1372 2520 1466 2570 καὶ
1490 2519 1645 2569 θεῶν
1672 2516 2001 2584 ἐπιμέλειαν
2026 2520 2119 2569 καὶ
2144 2519 2319 2586 θερα·

372 2729 391 2769 1
424 2721 456 2784 ἢ
484 2739 566 2783 pro
595 2726 710 2785 μηδὲ
740 2726 820 2770 ΗΡ
937 2728 1044 2783 περὶ
1075 2729 1274 2772 τοιαῦτα
1296 2725 1331 2768 Ρ
1362 2727 1562 2770 τοιαῦτα
1592 2731 1695 2778 (om.
1725 2726 1850 2784 περὶ)
1873 2724 1915 2768 Η
2031 2719 2187 2769 συνὼν
2215 2730 2318 2777 τοῖς

227 2796 409 2851 Reiske,
442 2793 529 2843 σὺν
557 2804 661 2850 τοῖς
677 2797 782 2841 libri
869 2801 894 2840 3
924 2794 1074 2855 φήσης
1094 2796 1130 2840 Ρ
1217 2794 1306 2841 τὸν
1334 2796 1412 2841 δία
1435 2794 1558 2839 ΠΒΜ
1646 2789 1976 2851 ἀστρονομίαν
2004 2794 2110 2838 libri
2138 2796 2319 2849 praeter

228 2866 275 2909 M
306 2869 438 2921 (corr.
469 2867 526 2922 U)
639 2871 667 2911 4
697 2884 742 2913 τι
772 2880 859 2912 om.
893 2867 1022 2912 UBM
1135 2867 1335 2925 κυβείαν
1362 2865 1468 2910 libri
1497 2869 1678 2920 praeter
1708 2866 1756 2908 M
1786 2868 1920 2917 (corr.
1952 2864 2008 2918 U)
2125 2870 2149 2908 5
2181 2859 2318 2909 πλεύ-

228 2950 362 2984 σεται
390 2939 472 2984 UB
502 2935 757 2997 πλεύσηται
787 2939 835 2982 Μ
968 2942 993 2982 6
1023 2939 1112 2983 ναῦ
1141 2938 1264 2990 (sicl)
1294 2937 1329 2980 Ρ
1451 2932 1570 2994 μήτε
1602 2935 1652 2981 δὲ
1681 2933 1856 2988 ναύτας
1886 2936 1934 2979 Μ
2029 2949 2318 2994 παρεσκευα-

227 3008 428 3065 σμένους
449 3010 494 3052 Μ
516 3009 967 3067 παρεσκευασμένας
988 3009 1022 3052 Ρ
1140 3013 1163 3051 ’7
1194 3007 1308 3066 μηδὲ
1324 3007 1456 3052 UBM
1543 3003 1730 3064 φόρτου
1750 3006 1830 3051 UB
1944 3006 2117 3064 μηδένα
2137 3005 2318 3057 Reiske‚

226 3078 369 3136 μηδὲν
397 3079 500 3122 libri
615 3083 640 3124 8
670 3082 780 3139 περὶ
808 3083 958 3126 ταῦτα
990 3091 1212 3136 superscr.
1244 3077 1288 3121 H
1377 3080 1425 3119 11
1459 3075 1660 3134 λέγοντα
1690 3077 1778 3133 μὲν
1806 3068 1951 3133 ἧττον
1971 3077 2020 3123 δὲ
2041 3092 2317 3135 πραττοντα

228 3148 284 3201 Η,
314 3148 422 3191 item
452 3161 536 3192 om.
570 3148 618 3195 δὲ
646 3149 683 3193 P
803 3153 852 3193 12
885 3142 971 3195 οὖν
1002 3152 1177 3196 τοῦτον
1204 3148 1241 3191 P
1273 3141 1330 3193 οὗ
1359 3149 1535 3192 τοῦτον
1554 3146 1597 3191 Η
1716 3150 1766 3191 13
1797 3143 1999 3206 μηδενὸς
2030 3143 2173 3206 ε’ργου
2202 3161 2319 3204 προ-

11 3184 16 3284 l
230 3216 406 3271 σόντος
434 3218 614 3271 Jacobs,
647 3219 789 3278 μηδὲν
818 3222 927 3278 περὶ
956 3222 1044 3266 τοῦ
1074 3215 1349 3277 προσόντος
1378 3217 1427 3261 Μ
1457 3212 1645 3275 μηδὲν)
1629 3213 1753 3275 ε’χων
1783 3221 1892 3277 περὶ
1921 3221 2008 3264 τοῦ
2045 3213 2319 3277 προσόντος

12 3292 15 3330 1
231 3288 308 3332 ΠΒ
338 3291 446 3345 περὶ
467 3291 554 3335 τοῦ
574 3290 849 3348 προσόντος
869 3290 1010 3349 μηδὲν
1031 3290 1110 3334 ΡΗ
1201 3293 1252 3332 14
1281 3290 1362 3334 καὶ
1381 3287 1507 3344 prius
1527 3301 1610 3332 om.
1633 3289 1669 3331 B
1758 3291 1805 3335 δὲ
1825 3289 1906 3333 ΗΡ
1983 3294 2047 3346 ‚15
2077 3288 2139 3348 μὴ
2171 3291 2251 3334 καὶ
2276 3287 2319 3331 Η

0 3351 15 3405 ἱ»
229 3359 330 3427 (hpc
361 3360 473 3413 ord.)
589 3358 810 3430 προσάγῃ
841 3357 987 3419 λόγος
1016 3361 1051 3404 Ρ
1082 3359 1306 3420 προσάγῃ
1337 3356 1512 3416 λόγους
1542 3358 1646 3413 UB;
1688 3363 1850 3418 προσῇ
1879 3360 2081 3405 Hertlein
2232 3359 2321 3414 μὲν

230 3430 314 3475 οὐν
343 3428 378 3471 Ρ
407 3432 487 3475 καὶ
517 3442 598 3486 pro
631 3432 716 3477 οὐν
738 3431 781 3475 Η
870 3435 921 3475 16
952 3430 1057 3478 ἐστί
1086 3448 1191 3477 τινα
1210 3431 1333 3484 wil„
1365 3425 1488 3475 εἶναί
1516 3446 1622 3476 τινα
1643 3431 1745 3474 libri
1844 3427 2118 3490 παρασκευὴ
2149 3431 2318 3475 Jacobs

228 3502 336 3559 περὶ
367 3493 507 3559 σκεύη
526 3500 620 3544 ΜΗ
650 3498 792 3561 σκεύη
821 3502 942 3548 PUB
1058 3505 1138 3548 καὶ
1157 3502 1263 3546 Wil.
1297 3497 1326 3559 ἢ
1355 3501 1499 3555 ΠΒΜ,
1532 3514 1618 3545 om.
1649 3502 1731 3547 PH
1847 3499 1969 3550 ἄλλα
1999 3516 2085 3547 om.
2117 3501 2209 3546 ΒΜ

232 3574 279 3614 17
311 3568 389 3617 ἐπὶ
418 3572 550 3617 UBM
580 3569 649 3619 ἔτι
678 3574 772 3629 ΡΗ,
805 3575 911 3620 secl.
944 3575 1047 3619 Wil.
1180 3578 1232 3619 18
1265 3571 1408 3633 ἔργον
1444 3588 1664 3631 superscr.
1696 3573 1741 3618 H
1889 3577 1938 3617 19
1969 3569 2143 3631 ταύτην
2170 3572 2207 3616 Ρ

12 3664 16 3689 ι
229 3645 278 3685 21
312 3646 409 3688 νυνὶ
429 3643 466 3687 Ρ
497 3647 598 3697 (om.
632 3641 703 3702 δὴ)
840 3649 892 3690 23
925 3642 976 3704 δὴ
1006 3659 1089 3702 pro
1122 3649 1192 3692 δεῖ
1220 3646 1295 3689 ΒΡ
1439 3650 1494 3690 24
1523 3647 1709 3692 δίαιταν
1737 3644 1841 3689 libri
1870 3646 2051 3701 praeter
2081 3644 2121 3689 U
2233 3643 2321 3699 μὲν

231 3708 374 3766 ἄλλος
403 3714 503 3768 (hoc
533 3715 648 3770 ord.)
679 3716 760 3760 PH
868 3720 920 3760 26
951 3713 1075 3775 πρὸς
1107 3730 1193 3761 om.
1227 3716 1268 3759 H
1299 3720 1430 3771 (corr.
1461 3717 1520 3771 U)
1615 3718 1787 3762 τείνων
1817 3714 2008 3768 Selden„
2039 3719 2188 3772 τιμῶν
2215 3713 2321 3759 libri

1897 3788 1984 3830 12*
