2684 4140
1056 266 1283 311 ORATIO
1314 266 1521 311 LXXIII.
2234 265 2334 313 189

253 406 631 461 δουλεύουσαι.
706 411 800 461 καὶ
835 414 992 480 ἡμῶν
1030 413 1262 471 ἕκαστος
1298 413 1395 481 τὴν
1433 413 1533 476 μὲν
1574 408 1775 481 στολὴν
1826 412 1939 476 ἔχει
1975 413 2077 482 τὴν
2114 413 2336 479 Σωκρά-

250 510 380 555 τους
427 496 520 545 καὶ
553 496 882 561 Διογένους,
935 497 998 545 τὸ
1053 493 1111 546 δὲ
1163 500 1390 565 φρονεῖν
1440 493 1658 546 πολλοῦ
1708 494 1903 560 δέομεν
1950 498 2141 562 ὅμοιοι
2191 494 2338 546 εἶναι

254 581 375 639 τοῖς
402 576 670 646 ἀνδράσιν
696 580 930 641 ἐκείνοις
956 581 987 649 ἢ
1019 576 1112 650 ζῆν
1140 582 1350 646 ὁμοίως
1378 582 1570 642 αὐτοῖς
1594 582 1625 650 ἢ
1655 579 1850 647 λόγους
1887 583 2177 641 τοιούτους
2217 578 2337 631 δια-

36 674 234 715 (389311)
254 658 538 728 λέγεσθαι.
613 666 902 733 τοιγάρτοι
941 662 1099 715 οὐδὲν
1138 662 1273 715 ἄλλο
1312 666 1344 734 ἢ
1389 663 1731 731 βλεπόμενοι
1783 667 1974 732 ὥσπερ
2016 666 2076 715 αἱ
2111 662 2339 732 γλαῦκες

194 757 218 796 5
257 744 416 810 ὄχλον
463 744 642 797 πολὺν
691 745 992 815 ξυνάγομεν
1040 748 1121 817 τῷ
1158 751 1277 800 ὄντι
1315 752 1547 818 ὀρνέων,
1598 751 1761 800 αὐτοί
1806 767 1865 800 τε
1916 751 2068 810 ὄντες
2115 747 2340 818 ἠλίθιοι

252 832 345 881 καὶ
381 826 484 901 ὑφ’
528 835 732 901 ἑτέρων
769 836 1041 885 τοιούτων
1078 832 1480 900 ἐνοχλούμενοι.

817 1265 937 1329 (56)
991 1262 1246 1332 ΠΕΡΙ
1295 1263 1773 1333 ΠΙΣΤΕΩΣ.

381 1487 519 1574 Ἆρά
557 1521 616 1572 γε
654 1507 718 1556 τὸ
759 1508 1144 1558 πιστεύεσθαι
1180 1511 1302 1569 τοῖς
1341 1511 1772 1573 πιστευομένοις
1820 1506 2040 1573 ἀγαθόν
2087 1507 2211 1557 ἐστι
2247 1507 2340 1556 καὶ
2383 1510 2406 1557 1

250 1596 507 1651 τοιοῦτον
547 1590 667 1642 οἷον
704 1593 768 1641 τὸ
809 1589 1074 1643 πλουτεῖν
1110 1593 1205 1643 καὶ
1241 1594 1303 1642 τὸ
1343 1593 1612 1659 ὑγιαίνειν
1649 1593 1742 1643 καὶ
1789 1593 1853 1642 τὸ
1899 1592 2186 1657 τιμᾶσθαι
2222 1595 2343 1652 τοῖς

253 1680 592 1742 τιμωμένοις
637 1677 732 1727 καὶ
774 1678 1091 1744 ὑγιαίνουσι
1139 1678 1235 1728 καὶ
1271 1675 1641 1740 πλουτοῦσιν,
1691 1677 1882 1738 αὐτοῖς
1936 1678 2170 1738 ἐκείνοις
2217 1677 2341 1727 τινὰ

172 1766 218 1808 10
256 1764 428 1831 φέρον
467 1758 777 1831 ὠφέλειαν,·
816 1759 955 1829 λέγω
997 1760 1055 1812 δὲ
1097 1762 1217 1813 οἷον
1256 1761 1314 1812 εἴ
1344 1780 1431 1823 τις
1471 1760 1716 1831 δημοσίᾳ
1754 1764 1910 1826 τύχοι
1937 1763 2343 1827 πιστευόμενος

251 1847 364 1896 ὑπὸ
412 1853 510 1916 τῆς
558 1848 732 1897 αὑτοῦ
781 1844 1003 1908 πόλεως
1049 1848 1080 1917 ἢ
1136 1851 1330 1916 ἑτέρας
1381 1847 1648 1915 στρατιὰν
1705 1836 1738 1916 ἢ
1784 1848 2042 1916 χρήματα
2091 1836 2124 1915 ἢ
2174 1847 2343 1914 τείχη,

252 1931 518 2000 καθάπερ
566 1929 669 2001 ἤδη
721 1929 926 1983 πολλοὶ
962 1932 1031 1982 τοὶ
1081 1938 1315 1983 τοιαῦτα
1355 1934 1783 2001 ἐπετράπησαν,
1838 1933 1894 1982 οἱ
1944 1929 2002 1982 δὲ
2042 1933 2134 1982 καὶ
2174 1925 2346 1991 αὐτὰς

253 2017 354 2077 τὰς
392 2014 590 2078 πόλεις
626 2017 766 2082 μετὰ
805 2015 1030 2068 παίδων
1066 2019 1160 2068 καὶ
1196 2023 1469 2085 γυναικῶν
1505 2019 1727 2088 εἰρήνης
1763 2034 1822 2067 τε
1863 2017 2032 2087 οὔσης
2056 2018 2150 2067 καὶ
2178 2013 2344 2065 πολέ-

252 2118 361 2167 μου
397 2099 813 2168 καταλαβόντος
850 2103 1045 2165 ἐνίοτε,
1083 2104 1176 2153 καὶ
1212 2104 1273 2172 νὴ
1312 2104 1426 2153 Δία
1462 2101 1521 2152 εἴ
1553 2120 1641 2164 τις
1677 2094 1783 2152 ὑπ’
1833 2100 2034 2172 ἀνδρὸς
2063 2098 2343 2167 βασιλέως
2381 2103 2412 2152 2

174 2190 220 2232 15
255 2187 287 2256 ἢ
327 2188 594 2255 τυράννου
621 2188 951 2237 πιστεύοιτο
985 2188 1217 2256 χρυσίον
1255 2188 1578 2257 ἢάργύριον
1615 2188 1645 2256 ἢ
1687 2194 1819 2248 ναῦς
1855 2188 1887 2257 ἢ
1928 2184 2075 2238 ὅπλα
2112 2187 2143 2255 ἢ
2186 2186 2346 2253 ἀκρό-

252 2269 422 2322 πολιν
469 2261 502 2341 ἢ
555 2269 856 2338 ξύμπασαν
904 2274 1002 2343 τὴν
1051 2273 1247 2342 ἀρχήν,
1309 2273 1500 2341 ὥσπερ
1550 2274 1847 2342 Λεπτίνης
1893 2274 1994 2338 μὲν
2046 2271 2201 2339 παρὰ
2249 2275 2351 2319 τοῦ

253 2353 507 2426 ἀδελφοῦ
541 2354 817 2418 πολλάκις
854 2359 1213 2426 Συρακούσας
1251 2355 1564 2426 παρέλαβε,
1626 2354 1899 2419 Φίλιστος
1948 2355 2006 2407 δὲ
2055 2356 2210 2425 παρὰ
2250 2360 2351 2404 τοῦ

251 2445 523 2510 νεωτέρου
560 2443 895 2506 Διονυσίου,
950 2444 1122 2510 μάγοι
1162 2440 1220 2493 δὲ
1261 2443 1416 2511 παρὰ
1456 2443 1765 2508 Καμβύσου
1804 2443 1872 2492 τὰ
1910 2443 2149 2511 Περσῶν
2186 2440 2347 2507 βασί-

256 2523 405 2590 λεια,
444 2528 535 2577 ὅτε
574 2528 656 2588 εἰς
692 2525 994 2594 Αἴγυπτον
1033 2529 1414 2596 ἐστρατεύετο,
1456 2528 1611 2597 παρὰ
1654 2525 1712 2577 δὲ
1751 2528 1996 2596 Δαρείου
2036 2526 2348 2593 Μιθράνης

173 2614 224 2655 20
260 2612 358 2680 τὴν
395 2609 656 2680 Σάρδεων
696 2609 1020 2680 ἀκρόπολιν,
1059 2613 1348 2681 Περσαῖος
1388 2610 1446 2663 δὲ
1485 2613 1641 2681 παρὰ
1673 2606 1992 2679 Ἀντιγόνου
2030 2613 2127 2661 τὸν
2158 2603 2347 2678 Ἀκρο-

36 2687 164 2772 (3ἑο6ξ
179 2686 552 2771 ῘἪκόρινθον,
604 2694 749 2746 πολὺ
790 2694 849 2747 δὲ
888 2699 1101 2748 τούτων
1148 2700 1423 2767 πρότερον
1457 2691 1682 2767 Ἀτρεύς
1721 2690 1861 2765 παρ’
1904 2696 2246 2764 Εὐρυσθέως
2283 2696 2345 2743 τὸ

244 2772 271 2791 )Ι

249 2779 471 2850 Αργος,
520 2783 611 2832 ὅτε
649 2782 975 2849 Εὐρυσθεύς
1012 2774 1109 2833 ἐπ’
1147 2776 1398 2852 Ἀθήνας
1439 2785 1830 2852 ἐστρατεύετο,
1883 2782 1978 2831 οὐκ
2014 2777 2347 2830 ἐκδιδόντων

248 2855 574 2935 Ἀθηναίων
612 2868 742 2928 τοὺς
774 2859 1106 2936 Ἡρακλέους
1145 2865 1391 2928 παῖδας·
1442 2869 1473 2917 ό
1522 2866 1581 2917 δὲ
1630 2869 1754 2927 υἱὸς
1804 2867 1978 2916 αὐτοῦ
2013 2866 2043 2914 ὁ
2075 2858 2346 2930 Ἀγαμέμ-

257 2968 392 3014 νων,
441 2952 601 3021 ἡνίκα
640 2953 739 3002 ἑπὶ
781 2953 989 3018 Τροίαν
1028 2950 1221 3015 ἔπλει,
1275 2951 1526 3018 μουσικῴ
1579 2949 1739 3019 ἀνδρὶ
1786 2952 2084 3000 ἐπίστευσε
2122 2950 2219 3017 τὴν
2257 2963 2347 3013 γυ-

173 3037 222 3078 25
257 3037 419 3085 ναῖκα
466 3037 559 3085 καὶ
596 3038 694 3105 τὴν
743 3038 923 3086 οἰκίαν
961 3064 1030 3071 —-
1068 3039 1300 3097 τούτους
1348 3038 1604 3096 ἅπαντας
1655 3041 1847 3104 φῶμεν
1897 3035 2028 3094 τοὺς
2079 3045 2341 3082 πιστευο-
2382 3034 2411 3082 3

399 3230 417 3268 1
454 3222 742 3272 παλεὺουσαι
771 3239 854 3282 pro
886 3227 1190 3273 δουλεύουσαι
1223 3227 1495 3272 Herwerden
1525 3240 1581 3271 ex
1610 3227 1748 3272 Arist.
1781 3228 1862 3271 Av.
1898 3230 2021 3272 1083.
2055 3230 2105 3270 87
2262 3230 2348 3272 τοῦ

256 3309 335 3352 pro
366 3291 451 3354 τὴν
481 3296 562 3340 ΗΡ
694 3299 719 3340 2
750 3299 820 3342 τῶ
850 3296 899 3343 δὲ
929 3297 978 3340 Μ
1095 3289 1269 3354 δ’μοιον
1298 3298 1349 3351 Β,
1381 3299 1427 3342 in
1458 3297 1497 3341 U
1527 3316 1543 3343 ι
1571 3297 1649 3341 fin.
1679 3310 1708 3342 a
1739 3310 1854 3342 corr.
1994 3301 2022 3341 4
2054 3295 2102 3343 αὶ
2129 3297 2277 3354 Emp.,
2308 3298 2352 3344 εἰ

256 3367 359 3410 libri
475 3371 498 3410 5
531 3362 709 3412 πολλὺν
738 3367 786 3408 Μ
926 3371 973 3410 11
1010 3362 1158 3414 αὐτοῦ
1186 3368 1303 3422 libri,
1335 3381 1449 3413 corr.
1481 3369 1611 3424 Emp.
1763 3363 1994 3427 στρατιὰν
2024 3368 2173 3425 Emp.,
2203 3384 2346 3425 στρα-

256 3439 390 3483 τείαν
418 3437 521 3482 libri
638 3442 690 3481 14
720 3433 804 3484 ὑπ’
836 3438 982 3494 Emp.,
1014 3432 1105 3484 ἀπ’
1134 3439 1238 3483 libri
1359 3444 1405 3482 15
1440 3437 1655 3486 πιστεύοι
1684 3438 1741 3486 τὸ
1774 3438 1809 3481 Ρ
1915 3442 1966 3483 16
1996 3439 2211 3494 Leptines
2242 3439 2346 3483 Dio-

256 3508 373 3564 nysii
402 3508 582 3552 maioris
612 3507 753 3552 frater
881 3512 928 3552 17
963 3505 1295 3568 συρακούσσας
1325 3509 1415 3553 ΒΜ
1445 3502 1678 3569 συρακού;
1699 3525 1809 3563 ισας
1839 3513 1959 3563 (cum
1988 3518 2161 3559 rasura)
2195 3509 2232 3553 U

259 3582 310 3622 18
333 3582 420 3624 τοῦ
438 3575 687 3639 καμβύσου
707 3578 751 3623 Η
844 3582 893 3623 19
915 3578 1160 3623 Mithrenes
1182 3581 1308 3625 audit
1328 3580 1528 3626 Diodoro
1549 3584 1595 3626 et
1616 3580 1785 3633 Curtio,
1818 3579 2055 3624 Mithrines
2071 3580 2261 3625 Arriano

254 3645 500 3708 μηθράνης
520 3649 599 3693 UB
720 3653 772 3693 20
804 3647 1008 3709 περσεύς
1038 3649 1087 3696 δὲ
1117 3649 1220 3694 libri
1249 3654 1427 3706 praeter
1455 3650 1505 3694 M
1609 3647 1736 3709 παρ’
1771 3651 1821 3695 Μ
1935 3653 1984 3694 21
2020 3645 2278 3708 εὖρυσθέος
2308 3650 2344 3693 U

255 3731 313 3762 m.
343 3732 410 3774 pr.
440 3719 479 3762 B
528 3725 539 3736 ·
594 3723 647 3763 22
679 3713 964 3778 εὐρυσθέους
994 3719 1042 3762 Μ
1178 3722 1230 3763 23
1265 3714 1413 3766 αὐτοῦ
1442 3733 1528 3766 om.
1560 3720 1603 3764 H
1631 3735 1688 3766 m.
1721 3735 1790 3778 pr.
1935 3725 1990 3765 24
2019 3719 2235 3767 ἐπίστευε
2267 3720 2347 3763 ΒΗ
