2684 4140
361 248 462 295 124
1119 233 1324 279 DIONIS
1355 233 1438 278 DE
1467 232 1678 278 REGNO

277 390 423 442 11τὸ
473 383 699 452 πλῆθος
745 381 878 447 περὶ
925 385 1023 448 τῆς
1068 379 1467 438 καταστάσεως
1513 383 1617 428 τοῦ
1670 373 1939 442 πολέμου.
1989 405 2061 412 -—
2114 380 2293 428 Τοῦτο
2341 378 2445 444 μὲν

357 467 514 520 οὐδὲν
551 467 795 526 ἄτοπον,
852 463 904 512 εἰ
950 459 1216 528 βασιλεὺς
1267 462 1344 511 ὢν
1394 458 1689 526 μετεδίδου
1743 458 1907 528 λόγου
1958 465 2080 523 τοῖς
2119 460 2314 525 ἄλλοις
2350 464 2662 520 καὶφθιΒΠ)

356 546 664 616 σύμβουλον
703 545 813 611 εἶχε
853 543 946 596 διὰ
970 552 1144 616 γῆρας
1170 547 1594 611 πιστευόμενον,
1635 545 1804 606 αὐτὸς
1833 544 1918 596 ὢν
1945 548 2137 615 κύριος
2174 549 2444 600 ἁπάντων

353 639 462 684 τῶν
489 632 847 700 πραγμάτων.
923 630 1051 680 ἐπεὶ
1078 628 1171 681 διὰ
1198 630 1257 680 τί
1279 630 1349 680 τὰ
1377 632 1511 700 περὶ
1534 632 1633 701 τήν
1659 629 1941 700 Βρισηίδα
1971 632 2148 695 οὕτως
2173 634 2444 704 ἐποίησεν

355 718 416 767 οὐ
456 716 723 775 πεισθεὶς
749 713 828 781 τῷ
855 716 1105 784 Νέστορι
1141 714 1223 783 τῷ
1246 712 1518 782 βελτίστῳ
1533 733 1552 778 ;
1589 743 1661 749 ——
1683 717 1752 766 A.
1780 708 1995 786 Ὥσπερ
2025 714 2088 788 δή
2116 719 2210 769 καὶ
2235 716 2441 770 πολλοὶ
2475 727 2500 770 5

352 806 462 851 τῶν
500 797 742 849 ἰδιωτῶν
781 790 844 849 οὗ
883 799 1229 866 πειθόμενοι
1265 805 1387 862 τοῖς
1425 802 1692 870 ἄρχουσιν
1733 793 1861 851 οὐδὲ
1889 805 2010 863 τοῖς
2035 803 2232 868 νόμοις
2259 800 2444 853 πολλὰ

354 887 669 954 πράττουσι
695 887 1058 952 παρανόμως,
1085 887 1228 955 ὑπὲρ
1259 885 1334 937 ὥν
1359 887 1453 936 καὶ
1478 886 1579 947 τὰς
1606 879 1851 947 εὐθύνας
1876 887 2208 952 ὑπέχουσιν·
2249 879 2447 939 οὗκοῢν

351 970 620 1034 ἀχθέντες
658 970 740 1030 εἰς
767 963 850 1038 [τὸ
892 966 1271 1042 δικαστήριον]
1313 973 1412 1042 τήν
1439 972 1608 1042 ἀρχὴν
1647 966 1976 1042 ζημιοῦνται
2011 971 2077 1042 ῆς
2115 972 2182 1022 ἂν
2220 975 2448 1024 ἕκαστοι

271 1056 334 1107 12
357 1052 593 1104 δοκῶσιν
630 1050 788 1117 ἄξιοι
825 1050 1054 1125 ζημίας,·
1090 1084 1162 1091 -
1196 1058 1358 1108 Πάνυ
1397 1073 1473 1124 γε.
1513 1085 1584 1091 --
1612 1059 1681 1109 Δ.
1714 1058 1786 1108 Τί
1823 1057 1949 1119 οὖν,·
1980 1049 2342 1125 Ἀγαμέμνων
2382 1051 2445 1108 οὗ

354 1137 513 1189 δοκεῖ
544 1152 636 1189 σοι
673 1141 801 1190 τότε
839 1141 1171 1211 ἀπειθήσας
1207 1143 1440 1210 ὕστερον
1480 1135 1834 1194 εὐθύνεσθαι
1869 1143 1983 1192 ὑπὸ
2011 1148 2115 1192 τοῦ
2136 1144 2442 1213 Νέστορος,
2481 1151 2528 1194 10

352 1225 590 1293 ὁπηνίκα
647 1215 822 1275 αὐτοῦ
864 1231 1171 1297 κατηγορεῖ
1207 1234 1306 1298 τῆς
1354 1226 1616 1298 πράξεως
1653 1229 1866 1298 ἐκείνης
1904 1229 1962 1278 ἐν
2000 1230 2122 1289 τοῖς
2162 1244 2448 1298 φρονιμω-

351 1312 543 1371 τάτοις
579 1308 690 1361 τῶν
731 1314 1049 1377 συμμάχων,
1091 1307 1230 1381 [τοῖς
1266 1316 1534 1383 ἡγεμόσιν
1574 1305 1785 1382 αὐτοῖς]
1823 1315 2038 1383 τίμημα
2077 1315 2305 1381 ἐπάγων
2343 1316 2450 1378 ὅ,τι

346 1396 447 1465 χρὴ
489 1394 706 1445 παθεῖν
743 1396 775 1465 ἢ
816 1396 1122 1461 ἀποτῖσαι,
1169 1400 1507 1469 κατηγορίαν
1542 1396 1972 1469 χαλεπωτάτην,
2014 1400 2113 1449 ἅτε
2152 1396 2335 1460 δεινὸς
2373 1400 2450 1450 ὢν

352 1481 553 1550 ῥήτωρ,
595 1476 767 1547 λέγων
804 1482 894 1532 ὅτι
931 1480 1115 1534 πάλαι
1150 1484 1371 1553 βαρέως
1406 1484 1520 1549 ἔχει
1557 1489 1679 1546 τοῖς
1718 1486 2071 1553 πράγμασιν·

273 1568 335 1619 13
498 1559 644 1627 ἐξέτι
680 1571 795 1629 τοῦ,
834 1568 942 1631 ὅτε,
984 1565 1246 1635 διογενές,
1283 1566 1567 1639 Βρισηίδα
1604 1571 1808 1639 κούρην
2482 1577 2529 1619 15

491 1654 780 1716 χωομένου
814 1645 1071 1724 Ἀχιλῆος
1110 1654 1242 1723 ἔβης
1277 1651 1576 1724 κλισίηθεν
1615 1656 1873 1724 ἀπούρας

497 1736 619 1787 οὔτι
654 1730 797 1787 καθ’
838 1741 1109 1808 ἡμέτερόν
1145 1755 1206 1806 γε
1244 1742 1389 1790 νόον.
1464 1737 1617 1805 μάλα
1656 1742 1759 1808 γάρ
1798 1756 1890 1790 τοι
1927 1741 2098 1807 ἔγωγε

495 1812 664 1871 πόλλ’
707 1823 1147 1894 ἀπεμυθεόμην·
1190 1826 1255 1875 σὺ
1296 1822 1355 1876 δὲ
1397 1823 1477 1893 σῷ
1516 1822 1856 1895 μεγαλήτορι
1892 1823 2062 1892 θυμῷ

496 1904 649 1969 εἴξας
687 1905 864 1978 ἄνδρα
906 1912 1192 1979 φέριστον,
1233 1911 1295 1962 δν
1334 1911 1624 1962 ἀθάνατοί
1659 1928 1766 1980 περ
1806 1912 2016 1975 ἔτισαν,
2480 1922 2560 1963 (568
2576 1920 2627 1962 Μ)

496 1993 842 2061 ἠτίμασσας·
883 1992 1023 2046 ἑλὼν
1060 1996 1164 2065 γὰρ
1204 1997 1349 2061 ἔχεις
1387 2001 1579 2066 γέρας·
1619 1989 1745 2046 ἀλλ’
1790 1997 1875 2047 ἔτι
1910 1998 2004 2048 καὶ
2041 2003 2134 2047 νῦν
2486 2004 2535 2046 20

500 2075 906 2148 φραζώμεσθα.

276 2165 342 2213 14
358 2164 452 2214 καὶ
489 2166 550 2233 νή
579 2166 695 2214 Δία
734 2182 795 2232 γε
835 2159 898 2216 οὐ
935 2169 1109 2232 μόνον
1138 2159 1306 2218 αὐτὸν
1336 2167 1538 2218 εὔθυνε
1576 2171 1698 2229 τοῖς
1726 2165 1930 2235 λόγοις,
1971 2164 2111 2217 ἀλλὰ
2137 2168 2231 2218 καὶ
2258 2163 2458 2236 ζημίαν

357 2249 601 2318 ἐπήγαγε
650 2256 754 2300 τοῦ
787 2252 1191 2321 ἁμαρτήματος
1228 2251 1428 2322 πασῶν
1466 2254 1799 2323 βαρυτάτην.
1883 2250 2096 2304 κελεύει
2143 2253 2247 2322 γὰρ
2288 2245 2458 2302 αὐτὸν

361 2331 637 2404 δεηθῆναι
673 2342 777 2386 τοῦ
804 2329 1104 2402 Ἀχιλλέως
1139 2338 1234 2388 καὶ
1270 2339 1458 2388 πάντα
1487 2342 1693 2402 ποιεῖν,
1733 2340 1891 2400 ὅπως
1919 2340 2089 2408 πείσῃ
2127 2339 2224 2388 τὸν
2263 2334 2456 2406 ἄνδρα.

357 2421 451 2470 καὶ
498 2420 560 2481 ὃς
607 2422 955 2488 ὑποτιμᾶται
988 2425 1290 2493 χρημάτων
1328 2424 1391 2473 τὸ
1431 2421 1685 2492 πρῶτον,
1737 2424 1930 2493 ὥσπερ
1971 2424 2027 2473 οἱ
2065 2420 2294 2484 ἁλόντες
2329 2425 2452 2483 τοῖς
2488 2428 2536 2470 25

362 2503 762 2577 δικαστηρίοις,
802 2510 907 2558 ὅσα
938 2509 1111 2579 φησὶν
1141 2509 1418 2559 ἀποτῖσαι
1446 2505 1731 2559 δύνασθαι
1772 2509 1896 2559 ἀντὶ
1932 2514 2032 2579 τῆς
2067 2508 2281 2577 ὕβρεως
2306 2501 2460 2575 (nal)
2480 2513 2675 2559 (295311)

504 2721 531 2761 4
562 2716 633 2763 διὰ
667 2718 715 2763 τί
745 2719 1008 2773 corruptum
1040 2729 1138 2762 esse
1168 2729 1193 2760 e
1211 2729 1430 2773 responso
1450 2715 1726 2772 intelligitur,
1756 2717 1972 2760 fortasse:
2003 2713 2106 2762 ἐπεὶ
2127 2710 2326 2772 αὖτίκα,·
2355 2713 2459 2761 ἐπεὶ

363 2794 505 2849 δῆλον
538 2782 613 2836 ὅτι
643 2789 752 2834 Wil.
898 2794 922 2833 5
955 2787 1267 2834 scribendum:
1299 2786 1358 2834 τὸ
1389 2786 1644 2847 βέλτιστον
1788 2777 1954 2846 ὥσπερ
1983 2782 2036 2845 δὴ
2066 2789 2148 2832 καὶ
2178 2788 2351 2832 πολλοὶ
2379 2784 2461 2829 ΡΗ

366 2853 438 2907 ὅτι
470 2863 640 2907 πολλοὶ
669 2863 749 2907 καὶ
781 2859 830 2904 Μ
859 2859 926 2914 ὡς
956 2862 1130 2905 πολλοὶ
1157 2861 1238 2905 καὶ
1268 2857 1350 2904 UB
1379 2857 1576 2903 fortasse
1605 2862 1755 2914 recte,
1787 2869 1891 2901 nam
1923 2849 1999 2903 ὅτι
2029 2861 2215 2914 propter
2242 2855 2355 2901 illud
2385 2851 2459 2903 διὰ

365 2934 412 2978 τί
430 2932 750 2989 interpolatum
771 2936 840 2976 est
1006 2934 1031 2976 8
1053 2926 1111 2977 τὸ
1134 2922 1438 2989 δικαστήριον
1458 2929 1563 2973 secl.
1586 2929 1709 2984 WiL,
1740 2924 1825 2985 τὴν
1855 2922 2007 2988 ἀρχὴν
2027 2931 2240 2984 suspecta
2257 2927 2462 2986 Reiskio‚

366 3004 474 3050 secl.
503 3004 639 3048 Dind.
776 2999 959 3064 ἑκάστῳ
987 3002 1118 3048 UBM
1272 2997 1301 3060 ἢ
1330 3001 1416 3059 τὴν
1445 2994 1596 3062 ἀρχὴν
1625 3000 1741 3044 male
1770 3000 1904 3057 Emp.
2048 3001 2073 3042 9
2104 3000 2283 3044 δοκῶσι
2312 2997 2347 3041 Ρ

365 3075 755 3129 interrogationem
776 3074 1076 3119 antecessisse
1095 3074 1229 3119 docet
1250 3069 1375 3120 πάνυ
1390 3089 1445 3131 γε
1537 3076 1581 3115 11
1607 3078 1868 3131 κατηγορεῖ
1885 3070 1967 3116 UB
1983 3068 2240 3130 κατηγόρει
2257 3069 2397 3113 ceteri

371 3148 422 3188 12
444 3153 545 3199 τοῖς
561 3170 614 3177 -
635 3144 684 3189 13
707 3142 934 3192 ἀποτῖσαι
955 3145 1039 3190 del.
1056 3144 1206 3202 Emp.,
1226 3143 1305 3189 sed
1325 3145 1570 3203 τίμημα-
1588 3137 1819 3189 ἀποτῖσαι
1831 3141 2040 3187 videntur
2056 3141 2234 3187 defendi
2254 3152 2389 3198 posse

373 3218 424 3259 13
445 3210 711 3274 ἀποστῆσαι
740 3217 782 3262 U
810 3230 870 3262 m.
900 3230 969 3274 pr.
1086 3217 1408 3275 κατηγορείαν
1437 3214 1488 3258 Μ
1621 3218 1673 3258 14
1703 3210 1828 3261 πάνυ
1856 3226 1937 3270 pro
1968 3211 2116 3260 πάλαι
2146 3217 2191 3257 et
2220 3211 2280 3259 τὰ
2311 3207 2463 3272 πράγ-

370 3301 498 3341 ματα
528 3285 608 3328 ΡΗ
752 3287 817 3331 cf.
847 3287 901 3332 11.
931 3286 999 3331 IX
1034 3290 1112 3331 106
1131 3300 1196 3342 sq.
1348 3291 1399 3331 15
1432 3278 1516 3332 ὅτε
1546 3281 1604 3332 σὺ
1633 3284 1715 3328 ΡΗ
1861 3280 2073 3343 διογενὴς
2101 3283 2190 3326 ΒΜ
2220 3284 2465 3341 διογενοῦς

371 3355 478 3400 fort.
508 3355 550 3400 U
580 3369 637 3400 m.
667 3369 736 3412 pr.
879 3357 1107 3419 βρησηΐδα
1138 3359 1188 3403 Μ
1339 3362 1390 3403 16
1409 3351 1641 3416 Ἀχιλλῆος
1670 3355 1755 3400 UH
1785 3359 1890 3400 ante
1919 3366 2124 3399 rasuram
2268 3349 2354 3413 ἔβη
2383 3353 2464 3397 UB

372 3425 434 3489 βὴ
466 3429 516 3472 Μ
632 3433 680 3473 17
715 3422 788 3475 ὅτι
818 3429 854 3473 Ρ
974 3434 1024 3474 19
1056 3426 1243 3477 ἔτεισαν
1271 3431 1320 3474 Μ
1451 3432 1505 3474 20
1535 3423 1768 3487 ἧτίμασας
1798 3427 1846 3469 Μ
1874 3423 2143 3486 ἠτίμασσας
2169 3426 2208 3470 Β
2238 3419 2466 3483 ἠτίμησας

374 3503 417 3558 (η
447 3512 475 3544 a
503 3503 635 3554 corr.)
664 3499 704 3544 U
733 3495 962 3560 ἠτίμησας
989 3502 1070 3546 ΡΗ
1184 3497 1511 3562 φραζώμεσθα
1543 3499 1590 3543 Μ
1621 3491 1919 3559 φραζώμεθα
1951 3497 1992 3540 Η
2022 3489 2311 3556 φραζώμεθ’
2343 3495 2379 3538 Β

376 3574 429 3614 22
462 3565 654 3617 εύθῦναι
684 3571 733 3614 Μ
867 3576 922 3616 24
952 3575 1146 3630 ποιῆσαι
1175 3572 1256 3615 ΡΗ
1403 3575 1456 3616 25
1487 3565 1716 3623 ἀλλόντες
1746 3570 1780 3612 Ρ
1925 3570 1979 3612 26
2009 3568 2157 3626 φασὶν
2184 3565 2227 3611 U
2342 3560 2466 3611 ἀπο·

375 3649 528 3688 τεῖσαι
557 3640 607 3685 Μ
643 3640 874 3689 ἀποτῖσαι
903 3642 985 3686 ΗΒ
1023 3637 1281 3701 ἀπαιτῆσαι
1321 3642 1359 3687 U
1389 3655 1447 3688 m.
1480 3655 1546 3698 pr.
1587 3635 1834 3694 (ἀποτῖσαι
1874 3652 1901 3684 a
1947 3641 2080 3693 corr.)
2251 3637 2331 3680 καὶ
2361 3635 2464 3680 add.

375 3711 542 3757 Reiske
