2684 4140
797 245 839 288 5.
885 241 992 287 DEI
1023 243 1266 290 HEROES
1296 243 1378 290 ΕΤ
1407 243 1604 291 SAORA
1631 246 1868 293 EORUM.

2281 249 2384 298 359
2437 321 2448 330 .

339 381 499 426 Peleus
509 381 814 437 luctationem,
831 382 1128 431 Telemachus
1144 385 1305 443 disum,
1351 387 1592 432 oraculum
1621 386 1709 446 τὴν
1735 390 1968 446 μαντείαν
1997 385 2084 447 τὴν
2103 392 2202 436 τῶν
2221 407 2378 450 γυναι-

340 451 543 497 Theseus
584 448 831 508 ἐνόπλιον,
869 453 1105 500 Phaethon
1135 456 1305 516 κέλητι,

337 520 506 566 Neleus
536 521 752 584 quadriga
780 522 826 566 II
857 526 925 576 20,
958 528 999 570 7.

279 591 391 637 Iuno
427 595 520 646 118,
541 595 582 636 9.
614 616 669 623 —
701 592 796 637 eius
824 594 1039 650 templum
1061 594 1306 652 Olympiae,

338 661 419 706 ubi
447 661 496 705 in
525 661 841 717 opisthodomo
879 675 988 708 arca
1019 664 1199 722 Cypseli
1227 667 1305 711 ad-

333 734 541 775 servatur
575 735 668 787 127,
701 734 740 775 2.

274 829 534 874 Leucothea
564 832 806 874 nautarum
836 831 919 876 dea
947 832 994 876 11
1027 837 1120 884 150,
1156 838 1189 878 1.

1405 460 1506 503 κῶν
1533 457 1585 503 ἐν
1614 465 1716 512 τοῖς
1746 457 1908 516 ἱεροῖς.
1954 457 2131 506 ἐκεῖναι
2153 459 2248 519 γὰρ
2277 465 2376 520 βαῖ-

1407 524 1494 574 λόν
1522 544 1628 574 τινα
1656 525 1687 587 ἢ
1716 531 1856 576 λίθον
1876 527 2097 590 αἴρουσαι
2117 535 2382 578 σκοποῦσιν

1406 596 1459 644 ἐν
1509 592 1663 660 τούτῳ
1707 603 1816 655 περὶ
1861 603 1948 647 τοῦ
1993 599 2276 659 πράγματος
2320 595 2377 650 οὗ

1406 667 1733 715 πυνθάνονται
1763 683 1801 727 e.
1834 684 1876 727 q.
1907 683 1943 715 s.
1980 675 2073 728 179,
2105 675 2174 716 20.

1342 737 1529 797 Ὄρθιος
1545 737 1695 796 νόμος
1709 753 1738 786 a
1753 741 1955 786 Minerva
1971 747 2257 799 nuncupatus
2280 748 2317 799 1,
2335 748 2375 789 4.

1347 851 1449 896 Pan
1478 851 1523 895 II
1560 856 1652 906 150,
1687 857 1723 896 1.

275 941 531 986 Mercurius
571 941 679 996 quid
718 942 887 988 Panem
921 944 1063 990 filium
1101 946 1304 993 docuerit
1351 920 1509 966 Πειθώ
1542 925 1582 977 ²2
1613 926 1682 965 25.

330 1011 477 1068 (Cyn.)
508 1016 577 1068 87,
608 1015 675 1055 23.
708 1038 760 1044 —
794 1017 889 1070 170,
921 1018 960 1059 6.

273 1084 459 1140 Μοῖραι
489 1079 777 1142 τελεσφόροι
807 1087 904 1135 215,
941 1090 1005 1129 14.

1346 993 1592 1037 Ποσειδῶν
1629 988 1932 1052 Ταράξιππος
1963 997 2060 1048 289,
2091 998 2160 1040 22.

1345 1062 1532 1107 Πυλαία
1564 1062 1820 1122 πανήγυρις
1849 1063 1893 1107 11
1924 1067 2021 1118 208,
2055 1069 2093 1109 7.

269 1151 431 1196 Musae
462 1155 500 1205 2,
533 1155 602 1196 25·
632 1179 687 1185 —
718 1157 879 1200 cantus
918 1154 1149 1209 ἐπινίκιος
1178 1168 1206 1199 a
1235 1156 1298 1201 M·
1343 1129 1507 1186 Pythia
1522 1131 1566 1174 ΙΙ
1595 1135 1688 1185 187,
1707 1135 1773 1175 20.
1799 1156 1852 1166 m-
1874 1137 2099 1178 certamen
2118 1135 2368 1191 gymnicum

329 1223 604 1279 compositus
647 1226 722 1278 28,
763 1228 830 1271 20.
875 1251 931 1258 -
977 1226 1040 1268 Μ·
1079 1226 1300 1283 appellari
1335 1265 1438 1315 Ῥέα
1468 1267 1620 1329 μήτηρ
1652 1274 1731 1315 215
1783 1275 1833 1315 14

1737 1305 1747 1325 ,
1838 1306 1847 1315 .

323 1293 517 1348 virgines
538 1289 604 1347 ὡς
624 1290 686 1341 ἄν
716 1295 996 1352 αἰδουμένας
1017 1312 1069 1342 τε
1097 1298 1178 1341 καὶ
1208 1294 1297 1342 σώ-

323 1380 510 1421 φρονας
539 1367 637 1417 283,
669 1368 737 1409 21.

264 1434 482 1490 Mysteria
492 1430 518 1480 ὁ
532 1430 829 1489 καλούμενος
840 1432 1109 1495 θρονισμός
1123 1439 1216 1492 163,
1228 1441 1296 1482 26.

1398 1200 1443 1243 11
1475 1204 1572 1256 293,
1604 1204 1673 1245 26.

1342 1381 1576 1438 Sarpedon
1607 1383 1752 1436 heros,
1783 1383 1879 1427 eius
1909 1386 2060 1428 statua
2079 1385 2369 1441 inscriptione

1400 1464 1558 1513 carens
1591 1455 1688 1508 246,
1723 1457 1788 1498 11.

263 1560 999 1617 Neptunitemplum,ubilsthmia
1011 1562 1296 1608 celebrantur
1340 1550 1588 1606 Tlepolemi
1618 1554 1770 1596 statua
1799 1553 1920 1609 apud
1951 1552 2151 1597 Rhodios
2183 1556 2363 1607 246,16.

319 1630 373 1671 97
426 1630 490 1672 13.

264 1660 494 1754 Νεμέσεις
523 1699 869 1758 Smyrnaeorum
898 1703 944 1747 II
974 1706 1043 1758 50,
1078 1707 1115 1748 1.

262 1823 495 1882 Olympia,
543 1822 632 1872 τὸν
676 1821 841 1886 άγῶνα
887 1831 984 1874 τῶν
1033 1823 1293 1885 Ὀλυμπίων

320 1899 387 1949 16,
420 1900 487 1940 25.
520 1922 575 1929 -
604 1910 769 1953 praeco
802 1902 872 1956 20,
902 1902 941 1943 3.
974 1925 1029 1932 -
1061 1898 1107 1945 οἱ
1139 1893 1291 1957 Ὀλυμ-

317 1967 454 2012 πίασι
473 1963 673 2027 κήρυκες
698 1972 790 2022 182,
813 1974 854 2013 5.
886 1995 941 2001 —
972 1983 1139 2015 corona
1168 1971 1291 2015 olea-

314 2036 421 2092 gina
459 2042 556 2094 251,
593 2043 659 2082 10.
699 2063 751 2070 —
791 2038 938 2083 victor
977 2039 1234 2096 Olympicus
1264 2054 1291 2084 a

316 2107 450 2152 divite
470 2109 724 2153 athlotheta
748 2108 786 2154 V
808 2109 991 2154 talentis
1022 2110 1291 2155 conducitur

313 2178 359 2221 II
393 2181 487 2235 163,
519 2183 589 2223 20.
619 2204 675 2211 -
706 2183 934 2224 certamen
961 2180 1216 2237 gymnicum
1246 2181 1289 2224 11

314 2251 412 2306 293,
446 2252 514 2295 30.

1338 1648 1492 1694 Venus
1526 1652 1620 1704 118,
1655 1653 1695 1693 9.

1337 1755 1452 1814 Ζεὺς
1461 1763 1688 1822 πατρῷος
1702 1764 1793 1818 166,
1810 1762 2179 1821 18.-γενε’θλιος
2192 1767 2361 1820 215,13.

1392 1856 1447 1862 -—
1478 1830 1573 1875 eius
1594 1833 1747 1875 statua
1767 1832 1889 1888 apud
1908 1832 2106 1877 Rhodios
2129 1836 2226 1890 222,
2245 1840 2283 1879 6.
2307 1860 2361 1867 --

1394 1896 1452 1947 τὰ
1484 1903 1592 1960 περὶ
1622 1905 1710 1948 τοῦ
1735 1897 1850 1955 Διὸς
1879 1914 1944 1946 or.
1976 1902 1998 1945 1
2027 1903 2054 1959 ξ
2076 1906 2239 1947 39-41
2273 1903 2361 1948 XII

1392 1973 1419 2027 ς,
1439 1976 1604 2015 75—77
1621 1971 1688 2016 111
1705 1972 1732 2028 ς
1750 1976 1802 2016 50
1818 1971 1883 2017 IV
1900 1977 2011 2016 extr.
2028 1997 2075 2003 —
2094 1968 2121 2031 ἢ
2143 1977 2230 2019 τοῦ
2246 1972 2360 2028 Διὸς

1391 2042 1529 2100 τέχνη
1558 2038 1584 2100 ἢ
1616 2036 1833 2101 βασιλική
1857 2046 1926 2098 59,
1949 2046 2016 2088 26.
2047 2069 2100 2074 -
2131 2044 2249 2088 IovIs
2281 2045 2359 2088 filii

1391 2112 1448 2156 ab
1479 2112 1674 2168 antiquis
1695 2112 1956 2157 dicebantur
1988 2112 2032 2158 οἳ
2064 2116 2144 2171 τῆς
2174 2108 2358 2172 άγαθῆς

1390 2183 1604 2234 παιδείας
1649 2180 2042 2241 ἐπιτυγχάνοντες
2085 2188 2161 2240 61,
2205 2187 2270 2228 12.
2305 2210 2355 2215 —

1391 2243 1467 2297 ὅτι
1502 2251 1703 2310 βασιλέα
1744 2256 1971 2300 καλοῦσιν
2011 2247 2159 2300 αὐτόν
2189 2258 2256 2310 64,
2287 2257 2354 2298 26.

1079 2439 1127 2490 6.
1185 2435 1545 2494 HOMERUS.

252 2574 475 2619 Homerus
504 2575 741 2619 verborum
759 2575 1010 2619 fabricator
1030 2573 1281 2619 audacissi-

307 2657 407 2689 mus
427 2643 643 2703 καναχάς
662 2662 714 2691 τε
734 2648 815 2691 καὶ
833 2645 1056 2705 βόμβους
1074 2648 1155 2691 καὶ
1174 2642 1283 2692 κτύ-

310 2731 407 2762 πον
436 2718 517 2762 καὶ
547 2719 728 2762 δοῦπον
756 2719 837 2762 καὶ
866 2713 1061 2776 ἄραβον
1089 2719 1285 2775 πρῶτος

308 2783 512 2847 ἐξευρὼν
530 2789 611 2833 καὶ
634 2781 881 2844 ὀνομάσας
900 2783 1150 2843 ποταμοὺς
1163 2802 1283 2846 μορ·

309 2854 551 2918 μύροντας
581 2859 666 2902 etc.
699 2870 764 2902 or.
792 2857 882 2901 XII
904 2861 929 2912 ξ
952 2862 1019 2902 68.
1044 2861 1112 2902 69.
1144 2883 1198 2890 -
1229 2857 1284 2902 de

308 2929 428 2973 bono
449 2940 553 2983 rege
573 2931 613 2983 2,
631 2931 681 2971 31
701 2940 765 2983 sq.
789 2932 830 2982 7,
854 2932 920 2972 17.
942 2953 997 2960 —
1018 2927 1281 2972 Euboenses

307 2998 543 3043 ulciscitur
558 3001 687 3044 3542
709 3001 776 3054 18,
790 3000 858 3041 31.
879 3001 1055 3051 190,18.
1072 3022 1127 3029 —
1145 2991 1282 3042 οὐδὲν

306 3067 462 3126 μάτην
480 3067 605 3126 λέγει
626 3071 695 3123 24,
722 3070 769 3111 18
791 3066 971 3125 στολὴν
998 3069 1079 3112 καὶ
1101 3063 1282 3124 οἷ’κησιν

306 3140 388 3183 καὶ
417 3138 601 3182 δίαιταν
631 3132 756 3196 πρὸς
785 3136 843 3182 τὸ
876 3139 976 3182 τῶν
1004 3132 1280 3192 ἀνθρώπων

306 3200 427 3266 ἦθος
458 3202 702 3262 ἀπεικάζει
731 3205 835 3250 ibid.
856 3230 912 3238 —
933 3206 990 3250 de
1009 3207 1133 3251 victu
1161 3207 1278 3261 regis

307 3278 526 3334 praecipit
581 3281 657 3333 25,
699 3281 751 3321 20
780 3289 845 3332 sq.
899 3293 958 3309 ·‘—
1008 3279 1116 3322 θεοὶ
1171 3274 1277 3335 ῥεῖα

307 3347 514 3406 ζώοντες
546 3351 615 3401 89,
646 3351 715 3392 21.
747 3372 804 3379 -
832 3346 1062 3391 mendicus
1099 3350 1192 3402 118,
1223 3349 1276 3390 29

305 3421 492 3465 insanus
530 3419 724 3464 habetur
756 3420 852 3473 119,
884 3420 924 3462 2.
963 3442 1018 3448 -—
1056 3416 1142 3462 diis
1171 3416 1278 3461 vitia

306 3492 504 3537 humana
533 3487 692 3533 tribuit
727 3491 820 3543 119,
840 3491 887 3530 11
906 3500 973 3542 sq.
995 3511 1049 3518 -
1080 3490 1276 3532 secretos

306 3561 489 3606 deorum
519 3570 745 3603 sermones
777 3557 916 3602 refert
943 3559 1035 3612 119,
1058 3560 1125 3600 26.
1144 3582 1200 3588 -
1222 3555 1277 3600 de

305 3643 435 3676 muro
457 3643 556 3675 eum
577 3629 755 3675 mentiri
772 3628 975 3683 credunt,
996 3626 1102 3683 quia
1117 3630 1275 3683 postea

306 3702 363 3746 ab
394 3701 603 3758 Apolline
633 3704 678 3745 et
707 3701 918 3757 Neptuno
949 3711 1050 3743 eum
1081 3697 1275 3742 deletum

1362 2578 1481 2620 ‘esse
1512 2580 1670 2621 narrat
1703 2579 1795 2633 134,
1819 2580 1885 2621 30.
1913 2602 1960 2609 -
1993 2577 2097 2621 deos
2127 2577 2354 2622 hominum

1383 2646 1548 2691 similes
1590 2646 1761 2701 effingit
1805 2650 1904 2702 172,
1943 2650 2009 2690 25.
2050 2671 2103 2678 —
2141 2646 2351 2691 Doricam

1385 2717 1628 2761 dialectum
1659 2729 1758 2761 cnm
1789 2716 1943 2760 Ionica
1982 2721 2027 2760 et
2064 2717 2218 2761 Attica
2247 2731 2348 2773 per-

1383 2787 1542 2831 miscet
1577 2790 1670 2842 173,
1693 2790 1760 2830 28.
1798 2787 1931 2840 121b,
1967 2790 2029 2829 14.
2059 2811 2117 2818 —
2143 2788 2346 2843 μεταφέ-

1384 2873 1483 2916 ρων
1500 2853 1555 2903 οῦ
1573 2854 1630 2902 τὰ
1655 2858 1931 2914 γειτνιῶντα
1955 2855 2111 2910 μόνον
2127 2852 2233 2903 οὐδὲ
2248 2854 2346 2904 α’πὸ
2366 2858 2369 2860 ’

1382 2928 1479 2970 τῶν
1507 2921 1721 2982 ἐγγύθεν,
1752 2920 1870 2970 ἄλλα
1901 2921 1959 2971 τὰ
1991 2929 2214 2972 πλεῖστον
2235 2922 2346 2974 άπέ-

1379 3010 1530 3052 χοντα
1551 2998 1644 3049 174,
1661 2998 1701 3038 6.
1717 3017 1775 3028 —-
1790 2994 1952 3038 Troiae
1968 2995 2185 3039 excidium
2209 3009 2233 3040 e
2247 3011 2348 3054 per-

1380 3077 1491 3109 sona
1502 3064 1743 3110 Demodoci
1752 3063 1908 3120 paucis
1922 3069 2344 3114 narrat3500-520.

1380 3148 1424 3191 p.
1451 3138 1544 3188 124,
1565 3138 1633 3178 11.
1654 3159 1710 3167 -
1739 3139 1786 3179 et
1804 3134 2027 3179 Hesiodus
2057 3147 2085 3179 a
2104 3136 2247 3181 Musis
2276 3138 2344 3182 in-

1379 3205 1537 3260 spirati
1554 3204 1599 3248 11
1625 3209 1687 3258 10,
1709 3208 1773 3248 16.
1790 3229 1846 3236 —
1865 3205 2024 3249 maluit
2042 3206 2195 3262 viginti
2215 3208 2343 3263 quin-

1379 3287 1465 3330 que
1482 3274 1716 3321 drachmas
1728 3275 2019 3320 mendicando
2035 3277 2240 3333 accipere
2248 3280 2342 3329 (καὶ

1378 3347 1528 3391 ταῦτα
1551 3341 1615 3399 ὡς
1633 3343 1937 3402 μαινόμενος)
1960 3358 2093 3402 quam
2111 3346 2230 3390 domi
2249 3361 2341 3390 ma-

1377 3428 1483 3460 nere
1511 3416 1558 3460 II
1589 3420 1656 3472 81,
1679 3420 1746 3461 25.
1779 3441 1834 3449 —
1863 3429 1919 3461 ex
1948 3416 1997 3461 Io
2027 3417 2101 3460 vel
2132 3416 2240 3462 Chio
2271 3417 2339 3460 vel

1377 3485 1635 3543 Colophone
1651 3487 1866 3532 oriundus
1882 3487 1926 3531 11
1943 3491 2010 3543 81,
2022 3491 2090 3531 31.
2103 3511 2156 3520 —
2172 3490 2341 3533 πολλοὶ

1376 3555 1425 3602 δὲ
1453 3559 1532 3602 καὶ
1563 3554 1698 3604 ἄλλοι
1736 3554 2033 3616 γεγράφασιν
2064 3555 2110 3603 οἳ
2144 3557 2231 3613 μὲν
2261 3555 2339 3603 ἄν·

1375 3643 1534 3685 τικρυς
1584 3625 1960 3686 ἐγκωμιάζοντες
2008 3625 2096 3673 τὸν
2144 3622 2340 3685 ποιητὴν

1376 3688 1476 3753 ἅμα
1496 3700 1575 3743 καὶ
1592 3701 1837 3757 δηλοῦντες
1858 3694 1958 3745 ἔνια
1975 3701 2072 3744 τῶν
2090 3691 2175 3744 ὑπ’
2197 3691 2342 3742 αὐτοῦ
