2684 4140
354 278 388 324 8
1011 265 1161 311 DION
1164 264 1218 310 IS
1247 261 1782 310 BORYSTHENITICA

352 420 488 487 ἥψω
515 413 594 481 τῷ
623 411 764 478 λόγῳ
805 416 904 479 τῆς
939 409 1110 470 θείας
1150 406 1474 476 διοκήσεως,
1515 406 1683 467 αὐτός
1720 423 1779 457 τε
1818 407 2214 476 ἀνεπτέρωμαι
2254 405 2450 475 δαιμο-

351 502 486 559 νίως
530 498 625 547 καὶ
672 490 873 544 τούσδε
923 493 1035 561 ὁρῶ
1088 493 1310 553 πάντας
1359 491 1643 560 ὀργῶντας
1691 492 1836 560 πρὸς
1874 492 2084 542 ἐκεῖνον
2122 495 2218 543 τὸν
2258 490 2447 561 λόγον’
2474 504 2554 545 (445
2574 505 2628 546 M)

347 583 443 634 καὶ
479 580 582 648 γὰρ
609 581 741 648 ἡμῖν
768 572 968 637 ἔδοξας
992 572 1446 644 μεγαλοπρεπῶς
1481 576 1576 627 καὶ
1600 582 1703 626 τοῦ
1726 577 2057 643 πράγματος
2086 578 2181 628 οὐκ
2207 575 2451 641 ἀναξίως
2475 590 2534 629 (86
2555 589 2589 625 R
2612 589 2664 632 11)

351 668 456 716 ὅσα
496 661 656 722 εἶπες
683 661 962 729 εἰρηκέναι
985 661 1080 711 καὶ
1118 661 1196 722 ὡς
1235 661 1302 711 ἂν
1339 657 1589 726 μάλιστα
1625 664 1787 731 ήμεῖς
1812 657 2166 727 βουλοίμεθα
2193 663 2446 715 ἀκοῦσαι.

347 755 447 818 τῆς
482 747 584 812 μὲν
621 745 725 814 γὰρ
765 743 1165 814 ἀκριβεστέρας
1191 746 1398 814 ταύτης
1428 742 1781 816 φιλοσοφίας
1807 746 2042 815 ἄπειροί
2066 749 2249 813 ἐσμεν,
2281 738 2445 818 Ὁμή-
2482 756 2506 797 5

347 848 446 902 ρου
490 827 566 894 δέ,
607 831 685 892 ὡς
724 827 921 892 οἶσθα,
961 830 1197 898 ἐρασταὶ
1232 831 1329 881 καί
1364 847 1513 891 τινες
1553 831 1616 880 ού
1656 828 1863 881 πολλοὶ
1888 828 2225 894 Πλάτωνος·
2266 831 2343 884 ὧν
2382 831 2446 902 δή

330 916 490 982 ’κάμὲ
530 912 666 984 ὁρᾷς
705 915 855 977 ὄντα,
895 914 989 965 ἀεί
1023 931 1165 966 ποτε
1206 917 1606 983 ἐντυγχάνοντα
1644 920 1766 977 τοῖς
1804 916 2016 966 ἐκείνου
2056 918 2214 978 ὅπως
2251 918 2319 967 ἀν
2359 915 2450 968 δύ-

347 1011 560 1067 νωμαι·
610 1000 800 1050 καίτοι
849 997 989 1060 ἴσως
1026 1001 1244 1052 ἄτοπον
1281 996 1694 1070 βαρβαρίζοντα
1743 1005 1855 1050 τῶν
1903 997 2155 1052 πολιτῶν
2202 998 2449 1067 μάλιστα

348 1083 427 1153 τῷ
469 1081 889 1155 ἑλληνικωτάτῳ
928 1086 1023 1137 καὶ
1062 1088 1378 1157 σοφωτάτῳ
1414 1086 1637 1156 χαίρειν
1674 1086 1768 1137 καὶ
1795 1083 2055 1150 ξυνεῖναι,
2093 1085 2360 1155 καθάπερ
2401 1085 2460 1137 εἴ

348 1188 436 1233 τις
484 1175 688 1240 μικροῦ
732 1167 946 1240 τυφλὸς
987 1171 1050 1221 τὸ
1098 1172 1200 1237 μὲν
1255 1168 1391 1222 ἀλλο
1435 1177 1558 1242 φῶς
1597 1173 2043 1241 ἀποστρέφοιτο,
2084 1173 2229 1240 πρὸς
2278 1172 2445 1222 αὐτὸν
2487 1181 2532 1223 10

260 1258 327 1310 27
351 1252 410 1306 δὲ
452 1256 548 1308 τὸν
593 1252 753 1325 ἥλιον
791 1252 1122 1322 ἀναβλέποι.
1211 1257 1325 1322 ἔχει
1371 1259 1473 1323 μὲν
1524 1254 1587 1326 δή
1629 1257 1697 1306 τοὶ
1735 1259 1975 1326 ἡμέτερα
2017 1258 2208 1318 οὕτως,
2288 1258 2353 1306 σύ
2394 1253 2453 1306 δὲ

348 1341 400 1391 εί
437 1337 634 1402 θέλεις
671 1344 846 1391 πᾶσιν
884 1343 1017 1410 ἡμῖν
1050 1342 1441 1410 χαρίσασθαι,
1491 1343 1587 1392 τὸν
1636 1342 1738 1407 μὲν
1776 1343 1919 1411 ὑπὲρ
1959 1349 2058 1412 τῆς
2094 1342 2311 1412 θνητῆς
2350 1343 2453 1392 πό-

350 1422 489 1487 λεως
527 1422 815 1492 ἀναβαλοῦ
851 1422 1031 1493 λόγον,
1070 1427 1167 1477 ἐὰν
1195 1413 1533 1498 ἄρα’σχολὴν
1558 1431 1691 1497 ήμῖν
1720 1428 1776 1477 οἱ
1811 1427 2056 1494 γείτονες
2082 1428 2454 1495 παράσχωσιν

350 1512 433 1572 εἰς
474 1510 668 1580 αὔριον
705 1511 799 1561 καὶ
835 1512 908 1580 μή
952 1507 1047 1580 δέῃ
1076 1508 1622 1581 προσγυμνάζεσθαι
1662 1512 1870 1575 αὐτοῖς,
1912 1513 2105 1582 ὥσπερ
2145 1513 2286 1574 ἔθος
2323 1516 2455 1580 ήμῖν

348 1597 413 1646 τὸ
453 1593 628 1645 πολύ·
668 1596 802 1664 περὶ
840 1592 899 1646 δὲ
938 1602 1038 1666 τῆς
1074 1596 1245 1658 θείας
1284 1595 1397 1647 εἴτε
1435 1594 1659 1658 πόλεως
1686 1595 1797 1648 εἴτε
1826 1594 2251 1668 διακοσμήσεως
2280 1594 2447 1667 φίλον
2487 1607 2532 1648 15

354 1695 446 1731 σοι
470 1677 676 1743 καλεῖν,
718 1681 844 1731 εἰπὲ
872 1682 984 1748 ὅπῃ
1013 1697 1073 1730 τε
1098 1682 1196 1732 καὶ
1220 1683 1379 1743 ὅπως
1406 1683 1535 1747 ἔχει,
1577 1683 1654 1743 ὡς
1682 1679 1922 1733 δύνασαι
1947 1684 2217 1750 ἐγγύτατα
2255 1683 2452 1733 τείνων

350 1772 449 1836 τῆς
487 1771 590 1816 τοῦ
616 1762 929 1826 Πλάτωνος
967 1761 1300 1834 ἐλευθερίας
1339 1767 1472 1835 περὶ
1509 1768 1608 1837 τήν
1650 1768 1878 1837 φράσιν,
1920 1767 2041 1818 οἷον
2091 1764 2153 1837 δὴ
2193 1767 2287 1817 καὶ
2325 1767 2455 1835 ἄρτι

352 1854 543 1902 ποιεῖν
581 1853 711 1919 ἡμῖν
751 1847 966 1913 ἔδοξας.
1044 1852 1096 1901 εἰ
1133 1850 1237 1920 γὰρ
1275 1848 1517 1920 μηδενὸς
1543 1849 1732 1915 ἄλλου,
1771 1858 1870 1922 τῆς
1896 1867 1956 1918 γε
1986 1858 2178 1922 φερνῆς
2205 1848 2454 1916 ξυνίεμεν

352 1937 464 1988 ὑπὸ
507 1935 816 2005 συνηθείας
854 1936 942 1986 ὅτι
982 1928 1044 1986 οὗ
1077 1937 1309 2006 σμικρὸν
1339 1929 1400 1987 οἰ
1410 1934 1468 1987 δὲ
1498 1938 1696 2006 πόρρω
1723 1942 1827 1987 τοῦ
1855 1926 2095 2006 Ὁμήρου
2125 1937 2454 2006 φθέγγεται.

266 2022 499 2089 28κάγώ
544 2018 767 2091 σφόδρα
806 2035 866 2087 γε
904 2020 1093 2090 ήσθην
1131 2027 1200 2090 τῇ
1239 2019 1521 2090 ἁπλότητι
1558 2028 1662 2072 τοῦ
1696 2023 2044 2090 πρεσβύτου,
2083 2023 2177 2073 καὶ
2212 2019 2454 2089 γελάσας
2491 2032 2538 2072 20

357 2105 550 2169 εἶπον,
593 2089 655 2155 Ὦ
695 2102 826 2175 φίλε
859 2097 1141 2175 Ἱεροσῶν,
1191 2104 1250 2156 εἴ
1279 2123 1349 2172 με
1388 2103 1633 2167 ἐκέλευες
1659 2107 1802 2170 χθὲς
1841 2103 2283 2175 εἰσβεβληκότων
2328 2108 2458 2173 ὑμῖν
2486 2117 2672 2161 (87311)

353 2197 465 2242 τῶν
493 2187 783 2256 πολεμίων
827 2187 1070 2257 λαβόντα
1098 2187 1247 2241 ὅπλα
1275 2191 1470 2260 ὥσπερ
1498 2193 1594 2242 τὸν
1626 2184 1883 2255 Ἀχιλλέα
1919 2193 2226 2257 μάχεσθαι,
2266 2194 2330 2242 τὸ
2356 2194 2458 2258 μὲν

355 2280 545 2346 ἕτερον
584 2276 867 2345 ἐπείσθην
906 2277 1000 2340 ἄν,
1050 2276 1403 2344 πειρώμενος
1444 2277 1768 2342 ἀμύνεσθαι
1804 2277 1946 2346 ὑπὲρ
1999 2274 2216 2346 ἀνδρῶν
2257 2274 2456 2346 φίλων,

356 2363 419 2412 τὸ
462 2359 521 2412 δὲ
560 2363 765 2430 ἕτερον
789 2353 886 2411 οὐκ
926 2362 993 2411 ἂν
1033 2359 1195 2426 οἶμαι
1232 2358 1538 2431 ἐδυνάμην,
1587 2362 1775 2412 καίτοι
1827 2359 2049 2432 σφόδρα
2099 2359 2455 2429 βουλόμενος,

359 2447 572 2513 ὁμοίιος
608 2443 687 2512 τῷ
719 2437 976 2511 Ἀχιλλεῖ
1005 2441 1404 2512 ἀγωνίζεσθαι.
1478 2448 1572 2498 καὶ
1609 2453 1703 2497 νῦν
1742 2445 1818 2497 ὧν
1844 2444 2086 2508 κελεύεις
2125 2448 2350 2516 ποιήσω
2391 2447 2454 2495 τὸ
2493 2455 2540 2495 25

359 2535 565 2602 ἕτερον,
606 2532 1061 2602 προθυμήσομαι
1092 2531 1276 2582 εἰπεῖν
1314 2532 1410 2582 τὸν
1453 2528 1632 2598 λόγον,
1673 2533 1750 2592 ὡς
1788 2532 1855 2582 ἄν
1895 2533 2001 2599 ἐγώ
2043 2529 2296 2597 δύνωμαι
2331 2523 2457 2581 κατ’

360 2618 630 2683 ἐμαυτόν·

619 2698 859 2770 ἀνδράσι
899 2698 957 2751 δὲ
998 2705 1364 2771 προτέροισιν
1403 2698 1654 2771 ἐριζέμεν
1694 2694 1791 2752 οὐκ
1831 2699 2109 2772 ἐθελήσω,

364 2787 491 2838 οὔτε
528 2784 799 2837 Πλάτωνι
851 2785 975 2837 οὔτε
1009 2778 1244 2857 Ὁμήρῳ.
1334 2777 1396 2836 οὗ
1447 2789 1551 2855 γάρ
1602 2803 1693 2837 τοι
1743 2779 1873 2837 οὐδὲ
1923 2785 2001 2854 τῷ
2041 2780 2268 2857 Εὐρύτῳ
2323 2788 2465 2856 φησι

366 2875 705 2939 συνενεγκεῖν
744 2872 774 2921 ὁ
811 2872 1053 2942 ποιητής
1091 2874 1180 2922 ὅτι
1215 2867 1369 2942 ἤριζε
1409 2873 1554 2940 πρὸς
1591 2872 1724 2932 τούς
1759 2872 2096 2939 κρείττονας.
2163 2863 2226 2922 οὗ
2263 2875 2458 2937 μέντοι
2495 2879 2543 2920 30

279 2961 347 3012 29
373 2954 625 3027 σπουδῆς
671 2972 756 3023 γε,
816 2957 986 3027 ἔφην,
1048 2949 1208 3008 οὐδὲν
1257 2954 1669 3023 ἀπολείψομεν.
1754 2963 1927 3006 ταῦτα
1981 2954 2038 3006 δὲ
2087 2958 2265 3007 εἰπὼν
2315 2957 2460 3026 πρὸς
2485 2967 2564 3008 (446
2585 2965 2638 3004 Μ)

366 3044 575 3094 ἐκεῖνον
615 3035 776 3092 οὐδὲν
802 3042 969 3112 ήττον
1006 3042 1304 3093 ὑπεκίνουν
1330 3042 1423 3092 καὶ
1450 3042 1802 3111 ἀνεφερόμην
1830 3044 2043 3111 τρόπον
2069 3042 2194 3093 τινὰ
2223 3043 2465 3111 ἀναμνη”

370 3127 534 3188 σθεὶς
570 3124 881 3187 Πλάτωνός
917 3144 978 3178 τε
1014 3128 1108 3177 καὶ
1139 3119 1394 3196 Ὁμήρου.

520 3310 537 3349 1
571 3301 761 3365 ἐπιήψω
789 3305 841 3349 Μ
985 3311 1083 3353 τῶν
1112 3305 1273 3368 λόγων
1303 3309 1341 3353 Τ
1486 3313 1512 3353 4
1542 3311 1623 3355 καὶ
1654 3304 1719 3363 ὡς
1748 3308 1870 3354 UBT
1899 3311 1980 3354 καὶ
2011 3321 2099 3354 om.
2129 3308 2179 3352 M
2318 3313 2342 3351 5
2374 3304 2468 3367 γὰρ

374 3389 462 3423 om.
493 3375 573 3422 UT
675 3381 699 3421 ’ί
733 3368 854 3423 όταν
883 3379 982 3433 (pro
1014 3374 1150 3435 ὄντα)
1184 3380 1302 3424 UBT
1418 3384 1443 3423 9
1475 3383 1679 3434 ξυνεῖναι
1708 3380 1756 3423 Μ
1787 3379 1987 3434 ξυνιέναι
2019 3379 2139 3425 UBT
2273 3383 2324 3423 13
2356 3374 2467 3426 ἀνα-

377 3450 533 3508 λαβοῦ
562 3447 602 3492 U
693 3451 745 3491 14
773 3446 917 3517 μηδὲν
943 3461 1026 3504 pro
1055 3445 1118 3507 μὴ
1150 3450 1229 3508 δέῃ
1259 3450 1309 3494 Μ
1400 3453 1450 3495 16
1482 3446 1565 3509 ἔχῃ
1597 3451 1717 3496 UBT
1804 3428 1974 3498 δύνασε
2003 3449 2053 3494 Μ
2167 3451 2314 3497 τίνων
2341 3450 2392 3495 Μ

381 3522 432 3563 18
462 3514 674 3577 μηδενός,
706 3511 812 3565 ἀλλ’
844 3519 931 3564 οὖν
958 3519 1042 3575 τῆς
1069 3535 1126 3578 γε
1155 3520 1275 3565 UBT
1393 3524 1446 3565 20
1476 3538 1531 3580 γε
1561 3535 1647 3566 om.
1671 3521 1710 3565 T
1826 3524 1878 3580 21
1912 3521 2021 3579 φίλε
2051 3522 2266 3580 Ιεροσῶν
2286 3519 2467 3574 Bockh3

378 3591 488 3649 φίλε
509 3584 691 3635 Ῥόσων
720 3588 842 3633 UBT
872 3590 980 3647 φίλε
1010 3588 1176 3649 ῥοσιῦν
1205 3592 1339 3646 (inter
1368 3592 1481 3636 haec
1512 3593 1649 3636 verba
1678 3594 1856 3644 rasura)
1878 3591 1928 3635 M
2015 3590 2062 3637 εἰ
2084 3590 2174 3647 μὲν
2201 3589 2319 3646 libri,
2351 3601 2468 3638 corr‘

379 3659 556 3706 Selden.
647 3663 701 3703 26
734 3654 799 3712 ὡς
830 3654 891 3705 ἄν
920 3684 974 3691 -
1007 3657 1215 3717 δύνωμαι
1245 3662 1437 3706 secludit
1454 3662 1650 3707 Cobetus
1746 3664 1800 3706 28
1818 3661 1888 3706 Cf.
1910 3661 2042 3706 Hom.
2064 3660 2149 3706 od.
2171 3659 2281 3704 VIII
2303 3662 2383 3703 223

385 3734 437 3775 29
470 3731 586 3790 φασὶ
609 3728 655 3775 Ἰ]
809 3733 862 3774 32
893 3720 978 3776 ὑπ’
1009 3725 1223 3777 ἐκείνουν
1253 3733 1298 3775 M
1330 3726 1415 3778 ὑπ’
1445 3731 1631 3779 ἐκείνου
1660 3732 1781 3777 UBT
1813 3732 1870 3776 cf.
1904 3731 2121 3777 Cobetum
2153 3731 2200 3775 C.
2236 3731 2308 3776 Cr.
2341 3744 2386 3786 p.
2418 3734 2473 3775 90
