2684 4140
1151 224 1377 294 ORATIO
1409 249 1505 294 Lx.
2270 250 2371 297 135

288 399 543 444 τοιοῦτον
579 412 611 462 ῃ
653 396 716 444 τὸ
768 392 1084 462 λεγόμενον·
1139 396 1338 445 σκόπει
1389 392 1474 456 δέ,
1523 396 1573 445 εἰ
1618 396 1690 464 μὴ
1746 391 1985 457 δεόντως
2034 392 2265 463 λέγεται.
2306 424 2376 429 ——

289 480 441 545 Λέγε
479 479 664 530 τοίνυν
700 481 793 530 καὶ
829 476 1050 548 ἐξηγοῦ,
1102 479 1260 540 ὅπως
1300 492 1392 529 σοι
1432 476 1595 530 δοκεῖ.
1632 507 1703 514 --
1746 481 1813 530 Δ.
1861 478 2071 530 Οὐκοῦν
2111 477 2250 547 λέγω
2290 473 2372 549 [τὸ

293 557 405 631 νῦν]
447 576 538 613 σοι
575 566 663 614 ὅτι
699 561 827 614 ὅλον
866 566 928 613 τὸ
969 557 1220 633 ἀγνόημά
1258 565 1381 614 ἐστι
1419 566 1550 633 περὶ
1587 566 1683 614 τὸν
1719 564 1906 629 μῦθον
1955 566 2018 614 τὸ
2069 565 2375 634 ἐπιχειρεῖν

291 648 388 697 τὸν
413 648 731 716 Κένταυρον
773 648 1142 714 συγγενέσθαι
1179 654 1247 716 τῇ
1271 649 1598 717 Δηιανείρᾳ.
1626 676 1697 682 —
1728 647 1806 699 Ού
1845 649 1947 717 γὰρ
1987 650 2377 718 ἐπεχείρησεν,

231 740 254 780 5
290 758 362 764 -
395 732 463 781 Δ.
511 730 605 782 Οὔ.
679 733 710 801 ἢ
756 733 845 783 σοὶ
885 729 1044 782 δοκεῖ
1074 732 1327 782 πιθανὸν
1368 731 1538 795 εἶναι,
1591 734 1649 783 ἐν
1689 734 1825 799 ὄψει
1856 726 2189 801 Ἡρακλέους
2234 731 2370 796 τόξα
2413 737 2443 786 3

291 816 514 879 ἔχοντος
549 818 642 866 καὶ
681 820 1095 883 πεπειραμένον
1135 817 1308 866 αὐτοῦ
1341 824 1439 887 τῆς
1487 817 1686 887 ἀρετῆς
1724 812 2028 885 πρότερον,
2078 819 2238 888 ήνίκα
2276 817 2378 884 μό-

291 915 386 960 νος
424 906 534 950 τῶν
573 901 905 969 Κενταύρων
945 901 1111 961 αὐτὸς
1139 898 1368 968 διέφυγε
1395 901 1551 968 παρὰ
1590 906 1693 950 τοῦ
1718 899 1906 951 Φόλου
1944 900 2117 971 μηδὲν
2155 904 2378 954 ἐκείνων

291 990 547 1034 τοιοῦτον
600 982 984 1054 ἀδικησάντων
1034 978 1229 1046 αὐτόν,
1293 986 1601 1052 ἐπιχειρεῖν
1664 987 2036 1052 συγγενέσθαι
2095 988 2268 1038 αὐτοῦ’
2312 994 2380 1056 τῇ

291 1069 538 1134 γυναικί,·
585 1095 653 1103 --
691 1061 834 1133 Ἔχει
878 1072 980 1133 μέν
1034 1076 1170 1118 τινα
1209 1069 1456 1136 ἀπορίαν
1494 1070 1557 1118 τὸ
1595 1075 1849 1119 τοιοῦτο·
1900 1068 2041 1120 ἀλλὰ
2089 1074 2161 1141 μὴ
2215 1079 2378 1122 τοῦτο

202 1159 248 1199 10
285 1159 563 1214 κινοῦντες
599 1150 850 1202 καθόλου
892 1154 988 1203 τὸν
1025 1153 1212 1217 μῦθον
1252 1153 1584 1220 ἀναιρῶμεν.
1628 1179 1695 1188 —-
1732 1155 1800 1203 A.
1848 1152 2150 1219 Οὐδαμῶς,
2201 1158 2378 1224 ἄνπερ

124 1246 270 1289 (57911)
294 1233 647 1305 λογιζώμεθα
676 1238 752 1298 ὡς
777 1239 992 1304 ἐγένετο
1030 1238 1123 1287 καὶ
1160 1238 1307 1298 εἰκὸς
1344 1234 1409 1305 ἦν
1446 1225 1718 1305 γενέσθαι
1754 1240 1817 1287 τὸ
1846 1244 2089 1307 πρᾶγμα.
2117 1267 2186 1274 -
2219 1238 2379 1289 Οὕτω

294 1320 356 1391 δὴ
399 1319 594 1389 λέγοις.
635 1348 702 1358 -
738 1323 806 1371 Δ.
841 1314 900 1371 Ὁ
925 1323 1151 1382 Νέσσος
1187 1323 1286 1391 την
1316 1323 1661 1391 Δηιάνειραν
1700 1323 1872 1383 εὐθύς
1912 1319 2250 1389 διακομίζων
2287 1325 2381 1374 καὶ
2419 1327 2451 1375 4

292 1409 350 1458 ἐν
399 1405 480 1474 τῷ
517 1398 695 1475 περᾶν
733 1407 1012 1475 ἐπεχείρει
1052 1404 1418 1476 διαφθείρειν
1457 1413 1655 1459 τοῦτον
1693 1408 1790 1458 τὸν
1828 1405 2070 1476 τρόπον,
2122 1409 2217 1473 οὐχ
2265 1403 2387 1476 (ὃν)

294 1505 438 1561 φασι
474 1485 833 1557 βιαζόμενος,
865 1488 1005 1541 ἀλλὰ
1047 1487 1245 1559 λόγους
1283 1490 1642 1562 ἐπιτηδείους
1682 1489 1853 1560 λέγων
1893 1496 2039 1562 πρὸς
2085 1486 2255 1563 αὐτὴν
2292 1495 2386 1544 καὶ

214 1581 260 1623 15
299 1573 578 1627 διδάσκων
615 1578 774 1638 ὅπως
797 1578 1064 1647 κρατήσει
1089 1584 1191 1627 τοῦ
1217 1570 1567 1646 Ἡρακλέους,
1610 1575 1782 1645 λέγων
1807 1580 1896 1629 ὅτι
1933 1584 2026 1629 νῦν
2063 1580 2164 1644 μὲν
2191 1571 2387 1646 ἄγριός
2463 1588 2466 1592 ’

291 1663 413 1711 ἐστι
449 1663 542 1712 καὶ
575 1659 824 1726 χαλεπὸς
861 1663 955 1712 καὶ
992 1659 1179 1729 ὀλίγον
1218 1663 1342 1713 τινὰ
1367 1661 1568 1731 χρόνον
1597 1656 1738 1732 αὐτῇ
1781 1667 2044 1713 συνέσται
2068 1665 2162 1714 καὶ
2188 1663 2385 1714 τοῦτον

295 1731 579 1806 δυσκόλως
618 1743 711 1796 διὰ
763 1748 894 1807 τούς
942 1743 1160 1807 ἄθλους
1212 1748 1306 1797 καὶ
1342 1747 1443 1807 τὰς
1492 1745 1820 1817 ἀποδημίας
1856 1749 1950 1799 καὶ
1986 1747 2082 1798 τὸν
2120 1749 2272 1814 βίον,
2323 1748 2385 1803 ὃν

82 1841 270 1884 (310311)
293 1824 628 1899 προῄρηται.
714 1831 810 1880 ἐὰν
851 1823 925 1893 δ’,
975 1832 1115 1901 ἔφη,
1169 1833 1234 1881 σύ
1274 1832 1478 1900 πείσῃς
1518 1825 1686 1882 αὐτὸν
1724 1832 1793 1881 τὰ
1831 1834 1932 1898 μὲν
1971 1833 2278 1903 θεραπείᾳ,
2316 1833 2385 1882 τά

297 1913 355 1964 δὲ
397 1912 600 1980 λόγοις,
640 1922 738 1984 τῆς
774 1917 875 1980 μὲν
912 1911 1308 1984 ταλαιπωρίας
1334 1917 1540 1986 ταύτης
1564 1918 1658 1968 καὶ
1695 1922 1805 1966 τῶν
1844 1919 2035 1968 πόνων
2074 1919 2385 1979 ἐπανεῖναι,

215 2009 263 2050 20
300 1995 393 2069 ζῆν
433 1997 491 2050 δὲ
529 2000 805 2069 ῥᾳθύμως
841 2002 934 2051 καὶ
969 1998 1164 2070 ἡδέως,
1207 2001 1300 2050 σοί
1324 2018 1383 2051 τε
1411 1998 1557 2050 πολύ
1586 1998 1902 2071 πρᾳότερος
1928 2004 2088 2054 ἔσται
2112 2004 2205 2053 καὶ
2230 2004 2387 2067 ἄμει-

296 2100 390 2135 νον
427 2085 700 2151 βιώσεται
736 2086 832 2135 καί
871 2099 963 2135 σοι
999 2080 1157 2152 (τὸν)
1196 2082 1398 2135 λοιπὸν
1436 2084 1540 2155 ἤδη
1584 2090 1847 2136 συνέσται
1869 2090 2069 2155 χρόνον
2110 2086 2254 2137 οἴκοι
2292 2091 2387 2152 μέ-

295 2187 419 2220 νων.
494 2174 667 2219 ταῦτα
709 2166 767 2219 δὲ
808 2166 1084 2236 διελέγετο
1134 2170 1165 2219 o‘
1202 2170 1522 2239 Κένταυρος
1570 2169 1953 2238 ἐπιβουλεύων
2001 2171 2079 2238 τῷ
2111 2165 2385 2240 Ἡρακλεῖ,
2425 2174 2455 2222 5

295 2253 354 2304 εἴ
384 2269 509 2315 πως
549 2251 775 2305 δύναιτο
816 2255 982 2305 αὐτὸν
1021 2256 1120 2305 ἐπὶ
1147 2257 1362 2324 τρυφὴν
1390 2256 1616 2322 ἀγαγεῖν
1641 2258 1736 2307 καὶ
1761 2257 2082 2326 ρᾳθυμίαν·
2120 2249 2248 2326 ᾔδει
2285 2257 2387 2325 γὰρ

294 2342 383 2391 ὅτι
421 2341 535 2406 ἅμα
573 2339 651 2407 τῷ
689 2338 1025 2407 μεταβαλεῖν
1063 2343 1158 2391 τὸν
1196 2341 1322 2407 βίον
1358 2343 1451 2392 καὶ
1475 2344 1574 2412 τὴν
1602 2343 1840 2411 ἄσκησιν
1869 2342 2198 2410 εὐχείρωτος
2225 2343 2389 2391 ἔσται

217 2433 264 2474 25
298 2426 692 2495 καὶάσθενής.
766 2428 798 2495 ή
842 2423 899 2476 δὲ
930 2427 1243 2496 Δηιάνειρα
1283 2428 1564 2477 ἀκούουσα
1606 2428 1669 2477 οὐ
1710 2431 2006 2496 παρέργως
2043 2430 2166 2488 τοῖς
2204 2424 2391 2494 λόγοις

297 2514 609 2578 προσεῖχεν,
651 2507 791 2560 ἀλλὰ
830 2511 1161 2578 ἐνεθυμεῖτο
1202 2512 1279 2573 ὡς
1318 2513 1511 2581 ὀρθῶς
1551 2510 1703 2579 λέγοι
1742 2513 1770 2562 0‘
1810 2504 2155 2580 Κένταυρος,
2198 2512 2389 2579 ὥσπερ

297 2595 444 2655 εἰκὸς
479 2591 545 2663 ἦν
581 2592 923 2665 βουλομένην
961 2598 1056 2647 τὸν
1095 2594 1270 2665 ἄνδρα
1320 2589 1422 2667 ὑφ’
1478 2600 1649 2667 ἑαυτῇ
1698 2598 1858 2662 ἔχειν.
1947 2598 1977 2646 ό
2027 2594 2085 2646 δὲ
2118 2589 2391 2665 (Ηρακλῆς

295 2680 620 2748 ὑπονοήσας
657 2677 829 2749 μηδὲν
866 2682 1017 2747 ὑγιὲς
1053 2683 1150 2732 τὸν
1188 2682 1509 2750 Κένταυρον
1550 2679 1727 2749 λέγειν
1765 2683 1824 2732 ἐκ
1871 2688 1975 2731 τοῦ
2022 2679 2391 2748 διαλέγεσθαι

298 2765 442 2832 πρὸς
488 2766 586 2834 τὴν
637 2766 982 2834 Δηιάνειραν
1036 2764 1321 2832 ἐπιμελῶς
1371 2769 1464 2817 καὶ
1512 2770 1600 2817 ὅτι
1649 2768 1826 2836 ἐκείνη
1879 2771 2176 2835 προσεῖχεν
2223 2765 2390 2832 αὐτῷ,

218 2857 266 2897 30
303 2850 480 2911 οὕτως
519 2847 581 2920 δὴ
623 2847 910 2913 ἐτόξευσεν
938 2852 1120 2902 αὐτόν.
1186 2853 1216 2902 ὁ
1255 2850 1313 2902 δὲ
1342 2849 1727 2920 ἀποθνῄσκων
1757 2849 1915 2901 οὐδὲν
1940 2851 2107 2920 ἧττον
2134 2847 2395 2914 ἐκέλευσε1
2423 2849 2454 2900 6

297 2935 395 3004 τὴν
432 2935 776 3003 Δηιάνειραν
816 2937 1252 3006 ἀναμνησθῆναι
1292 2936 1367 2986 ὧν
1407 2935 1534 2986 εἶπε
1572 2937 1664 2986 καὶ
1693 2940 1881 2986 ποιεῖν
1909 2937 1985 2996 ὡς
2013 2936 2180 2996 αὐτὸς
2208 2927 2389 3003 παρῄ-

966 3136 1323 3153 nnnnn

301 3213 332 3252 4
358 3210 592 3268 δηϊανείρη
621 3209 671 3253 Μ
760 3202 846 3257 οὖν
874 3209 969 3269 γὰρ
1000 3211 1050 3255 Μ
1152 3217 1176 3255 5
1208 3203 1237 3270 ἦ
1265 3220 1343 3257 σοι
1373 3211 1453 3257 UB
1571 3215 1593 3254 7
1627 3206 1774 3258 αὐτοῦ
1804 3212 1852 3265 Μ
1941 3208 2092 3269 φόλος
2122 3211 2246 3263 Μία
2277 3223 2389 3256 corr.

302 3277 466 3338 φόλης)
579 3283 605 3324 8
636 3277 869 3327 τοιούτων
896 3282 936 3327 U
968 3295 1025 3326 m.
1057 3294 1125 3338 pr.
1246 3285 1296 3325 10
1326 3277 1386 3328 ἄν
1416 3281 1817 3341 προλογιζώμεθα
1849 3283 1898 3327 Μ
1927 3279 1987 3330 ἂν
2017 3282 2061 3328 εί
2088 3278 2391 3341 λογιζώμεθα

301 3350 382 3396 BU
412 3364 470 3395 m.
501 3364 570 3407 pr.
601 3354 645 3403 (a
676 3364 791 3396 corr.
824 3348 1147 3411 λογιζόμεθα),
1177 3349 1327 3407 ἄνπερ
1358 3352 1490 3409 Emp.
1597 3356 1648 3396 12
1678 3352 1828 3412 λέγεις
1858 3353 1906 3396 Μ
2023 3356 2074 3398 13
2107 3350 2254 3411 αὐτὴν
2283 3354 2390 3398 τοῦ·

301 3438 389 3468 τον
408 3418 498 3468 τὸν
516 3420 706 3479 τρόπον
725 3425 871 3480 φασὶν
891 3423 940 3466 Μ
961 3420 1049 3469 τὸν
1070 3422 1219 3469 αὐτοῦ
1239 3416 1426 3483 τρόπον
1447 3419 1503 3471 ού
1526 3426 1644 3483 φασὶ
1664 3423 1760 3478 UB,
1782 3418 1867 3482 οὐχ
1891 3415 1950 3470 όν
1970 3439 2086 3482 φασι
2108 3423 2319 3467 Reiskius

307 3496 357 3536 14
386 3488 680 3551 βιαζόμενον
710 3493 747 3536 Β
870 3497 922 3537 15
952 3489 1165 3553 κρατήσῃ
1196 3493 1277 3538 UB
1425 3497 1475 3538 18
1507 3490 1563 3540 σὺ
1594 3495 1762 3552 πείσῃς
1789 3494 1840 3538 Μ
1872 3487 1928 3540 οὔ
1957 3494 2125 3551 πείσῃς
2153 3493 2194 3539 U
2225 3495 2391 3551 πείσῃς

301 3564 406 3621 (om.
439 3557 512 3616 οὗ)
544 3564 578 3606 Β
699 3568 749 3607 19
779 3562 1022 3611 ἐπανιέναι
1052 3565 1178 3609 malit
1206 3564 1338 3621 Emp.
1455 3568 1505 3609 22
1540 3562 1629 3612 τὸν
1657 3564 1761 3610 add.
1792 3564 1924 3621 Emp.
2071 3567 2123 3608 22
2155 3563 2387 3622 διελέγετο

304 3634 450 3691 Emp.,
481 3638 683 3694 διηγεῖτο
714 3635 817 3680 libri
905 3640 957 3681 25
989 3630 1239 3682 ἀκούσασα
1271 3635 1351 3681 UB
1441 3640 1490 3681 27
1524 3641 1603 3683 καὶ
1633 3635 1904 3697 βουλομένη
1936 3634 2051 3690 libri,
2083 3648 2201 3680 corr.
2232 3634 2388 3690 Emp.;

301 3703 519 3762 (ἐρῶσα)
547 3708 626 3751 καὶ
654 3706 923 3766 βουλομένη
955 3706 1106 3752 Gasda
1222 3709 1275 3749 30
1308 3697 1434 3752 οὕτω
1467 3709 1503 3753 Β
