2684 4140
400 245 466 292 94
906 235 1055 280 DION
1055 235 1109 279 IS
1137 229 1475 278 REGUSATIO
1503 226 1934 273 MAGISTRATUS

395 389 602 437 τούτων
638 380 698 432 δὲ
735 381 1000 430 ἁπάντων
1038 377 1350 444 ἄνθρωπος
1388 371 1709 424 δεινότατόν
1747 373 1871 421 ἐστι
1906 372 2000 420 καὶ
2027 367 2298 440 πλείστην
2337 371 2461 437 ἔχον
2486 383 2664 423 (2473112

396 471 640 519 σύνεσιν·
702 465 844 514 ὥστε
902 459 1049 527 κακῷ
1105 461 1206 525 μὲν
1264 460 1494 528 ἡγεμόνι
1551 458 1780 506 πάντων
1828 456 2203 522 ἐχθρότατον,
2262 454 2343 523 τῷ
2401 455 2461 509 δὲ

394 547 593 618 ἀγαθῷ
630 549 856 598 πάντων
905 546 1286 596 εὐνούστατον.
1368 540 1469 610 ήδῦ
1518 543 1619 608 μὲν
1668 542 1847 601 οὕτως
1893 544 2014 601 τοῖς
2063 542 2468 606 ἐπισταμένοις

392 637 454 685 τὸ
490 635 702 701 ἄρχειν·
744 628 994 696 χαλεπὸν
1032 627 1092 679 δὲ
1132 629 1227 678 οὐκ
1265 629 1331 678 ἂν
1368 626 1454 696 εἴη
1495 632 1721 696 πρᾶγμα
1762 624 1921 676 οὐδὲν
1971 624 2049 693 τῷ
2098 623 2466 696 μελετήσαντι
2490 633 2569 675 (587
2589 634 2643 678 Μ)

325 725 356 775 3
393 716 454 780 ἐξ
488 719 655 786 ἀρχῆς
699 717 792 766 καὶ
839 703 1339 783 παρεσκευασμένῳ
1380 714 1524 781 πρὸς
1573 713 1723 762 αὐτό.
1810 713 1842 761 0‘
1891 709 1950 771 δὲ
2000 709 2079 778 τῷ
2130 713 2251 762 ὄντι
2300 709 2462 781 φιλό-
2498 715 2524 757 5

393 818 572 873 σοφος
598 803 692 851 οὐκ
716 798 853 851 ἄλλο
879 817 936 850 τι
962 800 1277 868 φανήσεται
1312 796 1756 863 διαπονούμενος
1793 798 1824 866 ἢ
1865 799 2023 858 ὅπως
2060 797 2249 866 ἄρχειν
2285 794 2470 859 καλῶς

392 887 683 957 δυνήσεται
720 888 813 936 καὶ
851 886 1022 935 αὑτοῦ
1055 886 1147 935 καὶ
1185 885 1366 945 οἰκίας
1401 885 1494 934 καὶ
1532 880 1753 943 πόλεως
1789 889 1887 953 τῆς
1921 883 2188 951 μεγίστης
2211 883 2305 932 καὶ
2343 879 2470 932 συλ-

392 970 595 1043 λήβδην
645 973 909 1022 ἁπάντων
959 971 1311 1038 ἀνθρώπιον,
1359 970 1426 1020 ἂν
1475 971 1858 1038 ἐπιτρέπωσι,
1907 969 2001 1018 καὶ
2050 969 2217 1029 αὐτὸς
2265 968 2366 1032 μὲν
2406 968 2469 1018 ού

391 1057 806 1128 προσδεήσεται
853 1053 1077 1116 οὐδενὸς
1124 1057 1393 1124 ἄρχοντος
1444 1045 1568 1104 οἷλλ>
1621 1055 1653 1124 ἢ
1704 1060 1806 1104 τοῦ
1842 1051 2005 1121 λόγου
2042 1054 2137 1104 καὶ
2173 1059 2276 1104 τοῦ
2309 1053 2470 1118 θεοῦ,

391 1151 500 1195 τῶν
557 1142 614 1194 δὲ
672 1139 855 1193 ἄλλων
910 1142 1236 1210 ἀνθρώπων
1290 1137 1697 1206 ἐπιμελεῖσθαι
1750 1134 1858 1190 καὶ
1901 1135 2220 1209 φροντίζειν
2279 1140 2466 1200 ἱκανὸς
2506 1151 2551 1194 10

392 1231 567 1280 ἔσται.
652 1229 745 1279 καὶ
789 1234 954 1277 τοῦτο
995 1224 1120 1276 οὐδὲ
1166 1227 1297 1287 τοὺς
1346 1223 1615 1292 βασιλέας
1664 1226 1865 1286 αὐτούς
1915 1222 2152 1295 λέληθεν
2194 1221 2320 1275 οὐδὲ
2359 1230 2471 1274 τῶν

394 1316 451 1365 ἐν
490 1317 614 1374 ταῖς
653 1311 1005 1373 δυναστείαις
1042 1314 1168 1362 ὅσοι
1204 1313 1277 1382 μή
1318 1308 1520 1372 τελέως
1558 1312 1817 1381 ἄφρονες.
1881 1312 2123 1383 τῶνγὰρ
2164 1307 2473 1361 πεπαιδευ-

393 1404 572 1466 μένων
630 1401 687 1450 ἐν
744 1402 865 1459 τοῖς
910 1398 1196 1464 μεγίστοις
1257 1394 1481 1447 δέονται
1532 1393 1878 1462 συμβούλους
1930 1398 2099 1462 σφίσι
2156 1396 2474 1463 γίγνεσθαι,

395 1487 487 1535 καὶ
524 1489 644 1546 τοῖς
681 1481 876 1544 ἄλλοις
912 1484 1360 1551 προστάττοντες
1399 1483 1558 1533 αὐτοὶ
1595 1475 1736 1550 παρ’
1793 1483 2016 1533 ἐκείνων
2065 1483 2474 1550 προστάγματα

330 1577 360 1623 4
401 1569 776 1636 λαμβάνουσιν
825 1570 860 1617 ἃ
906 1566 1000 1619 δεῖ
1037 1569 1306 1636 πράττειν
1352 1569 1447 1618 καὶ
1494 1569 1661 1618 τίνων
1718 1568 2071 1632 ἀπέχεσθαι·
2133 1569 2325 1636 ὥσπερ
2374 1568 2470 1616 τὸν
2508 1579 2555 1620 15

389 1648 769 1720 Ἀγαμέμνονα
796 1645 1038 1721 (Όμηρός
1078 1665 1251 1721 φησιν
1291 1652 1379 1701 ἀεὶ
1416 1649 1808 1720 προσδεῖσθαι
1845 1659 1943 1722 τῆς
1980 1654 2202 1723 γνώμης
2241 1658 2345 1702 τοῦ
2366 1655 2476 1702 Νέ-

398 1754 595 1806 στορος
638 1739 731 1787 καὶ
779 1739 973 1797 ὁσάκις
1022 1735 1171 1803 αὐτῷ
1227 1733 1663 1802 συμβουλεύοντι
1708 1739 1782 1806 μή
1834 1739 2083 1807 ἐπείσθη
2096 1778 2111 1801 ,
2164 1735 2478 1805 ὀδύρεσθαι
2500 1749 2676 1791 (24831

393 1824 485 1874 καὶ
539 1828 875 1892 παραχρῆμα
929 1825 1237 1886 μετανοεῖν.
1339 1818 1637 1882 Φίλιππος
1687 1819 1775 1884 δέ,
1835 1822 1896 1883 ὂς
1951 1819 2111 1872 δοκεῖ
2160 1819 2483 1881 δεινότατος

394 1908 663 1976 γενέσθαι
698 1912 808 1957 τῶν
845 1903 1153 1973 βασιλέων,
1184 1897 1579 1975 Ἀριστοτέλην
1616 1908 1928 1976 ἐπηγάγετο
1967 1906 2048 1974 τῷ
2083 1909 2204 1957 υἱεῖ
2227 1899 2482 1968 Ἀλεξάν-

397 1991 505 2061 δρῳ
549 1989 884 2042 διδάσκαλον
918 1992 1012 2042 καὶ
1048 1992 1314 2057 ἄρχοντα,
1364 1992 1440 2052 ὡς
1480 1992 1647 2052 αὐτὸς
1686 1993 1782 2057 οὐχ
1822 1993 2009 2054 ἱκανὸς
2047 1994 2123 2043 ὢν
2168 1988 2477 2042 παιδεῦσαι
2512 2002 2563 2044 20

397 2080 493 2148 τήν
542 2074 834 2147 βασιλικὴν
883 2077 1227 2146 ἐπιστήμην·
1279 2073 1420 2127 ἀλλὰ
1470 2082 1581 2128 τῶν
1628 2078 1731 2142 μὲν
1779 2074 1964 2128 ἄλλων
2005 2075 2353 2129 Μακεδόνων
2390 2077 2485 2127 καὶ

403 2161 633 2230 Θρᾳκῶν
680 2163 773 2212 καὶ
809 2155 1085 2230 Ἰλλυριῶν
1131 2163 1226 2212 καὶ
1271 2167 1382 2212 τῶν
1425 2154 1691 2231 Ἑλλήνων
1750 2163 2018 2213 ἁπάντων
2066 2159 2225 2232 ήξίου
2276 2163 2482 2229 ἄρχειν,

399 2250 494 2298 τὸν
535 2245 592 2297 δὲ
630 2249 751 2297 υἱὸν
777 2250 942 2316 ἑτέρῳ
973 2244 1282 2315 παρεδίδου
1311 2248 1755 2317 ἀρχθησόμενον,
1793 2249 1887 2298 καὶ
1911 2250 2217 2309 τοσαύταις
2247 2250 2484 2316 μυριάσι

401 2334 766 2401 προστάττων
804 2334 887 2383 ένὶ
923 2333 1109 2399 ἐκείνῳ
1152 2335 1526 2401 προστάττειν
1567 2333 1663 2398 οὐχ
1710 2333 1999 2398 ὑπέμενεν.
2089 2334 2151 2383 οὐ
2202 2334 2304 2402 γάρ
2357 2331 2482 2382 ἴσον

399 2422 584 2489 ήγεῖτο
620 2416 870 2469 κίνδυνον
909 2417 1053 2469 εἶναι
1092 2418 1270 2486 αὐτῷ,
1322 2420 1373 2469 εἰ
1422 2420 1555 2488 περὶ
1600 2420 1732 2480 τούς
1780 2416 1983 2481 ἄλλους
2028 2416 2406 2488 ἐξαμαρτάνοι
2441 2418 2473 2487 ἢ
2513 2427 2563 2469 25

337 2507 367 2556 5
407 2503 463 2554 εἴ
491 2522 547 2554 τι
584 2505 715 2573 περὶ
751 2506 845 2554 τὸν
882 2505 1018 2555 υἱόν.
1090 2506 1279 2556 καίτοι
1317 2507 1592 2574 πρότερον
1633 2505 1799 2566 αὐτὸς
1837 2507 1894 2555 ἐν
1934 2504 2155 2575 Θήβαις
2194 2491 2480 2574 ὁμηρεύων

400 2587 698 2657 Πελοπίδᾳ
725 2607 783 2640 τε
813 2597 992 2661 συνῆν,
1020 2588 1180 2660 ἀνδρὶ
1205 2588 1656 2657 πεπαιδευμένῳ,
1698 2592 1840 2641 ὥστε
1874 2593 1968 2641 καὶ
1994 2592 2232 2660 ἐραστήν
2259 2591 2481 2660 ἔφασαν

403 2675 571 2724 αὐτοῦ
617 2677 712 2725 τὸν
760 2673 1090 2726 Πελοπίδαν
1138 2678 1432 2743 γενέσθαι,
1488 2678 1582 2726 καὶ
1623 2669 2071 2742 Ἐπαμεινώνδου
2121 2678 2190 2726 τά
2238 2659 2298 2726 τε
2348 2676 2480 2744 ἔργα

403 2761 548 2828 ἑώρα
585 2761 677 2810 καὶ
713 2765 823 2811 τῶν
862 2757 1036 2827 λόγων
1076 2759 1133 2812 δὲ
1172 2763 1382 2831 ἤκουεν,
1422 2762 1484 2823 ὂς
1525 2762 1620 2812 οὐκ
1658 2762 1774 2812 ἀπὸ
1812 2762 2164 2828 ταύτομάτου
2211 2766 2481 2810 τοσοῦτον

405 2842 624 2908 ἴσχυσεν
662 2847 719 2895 ἐν
766 2850 886 2907 τοῖς
910 2839 1135 2915 Ἕλλησι
1170 2849 1263 2898 καὶ
1309 2849 1587 2916 τοσαύτην
1624 2844 1939 2918 μεταβολήν
1987 2848 2283 2916 ἐποίησεν,
2336 2846 2479 2895 ὥστε
2515 2853 2564 2895 30

551 3070 571 3108 1
603 3069 682 3112 καὶ
712 3093 766 3099 -
796 3071 821 3111 2
854 3064 1039 3115 σύνεσιν
1068 3082 1152 3114 om.
1183 3070 1221 3113 Β
1363 3066 1475 3128 ἔχον
1503 3069 1686 3127 Reiske,
1713 3065 1839 3127 ἔχων
1867 3067 1972 3112 libri
2115 3070 2139 3109 3
2173 3062 2489 3124 εὐνούστερον

411 3134 526 3187 libri,
558 3149 670 3181 corr.
701 3137 867 3183 Reiske
898 3151 952 3183 ex
980 3139 1169 3196 interpr.
1369 3140 1573 3186 desidero
1606 3132 1693 3187 οὖν
1721 3142 1826 3197 post
1855 3135 1937 3197 ἡδὺ
1967 3139 2055 3196 μὲν
2275 3144 2299 3183 5
2332 3154 2488 3196 παρα-

413 3206 744 3263 σκευασαμὲνῳ
775 3210 811 3251 Β
925 3205 1074 3256 αὐτὸν
1102 3211 1150 3254 Μ
1266 3215 1292 3256 6
1323 3209 1699 3269 διαπονούμενος
1728 3211 1940 3256 Reiskius
1971 3207 2341 3267 διακονούμενος
2369 3207 2489 3260 libri,

412 3273 745 3332 διανοούμενος
776 3279 967 3325 Casaub.
1139 3278 1167 3341 ἢ
1199 3274 1332 3337 ὅπως
1361 3284 1536 3340 scripsi,
1567 3280 1597 3342 ἢ
1626 3282 1685 3329 τὸ
1718 3285 1822 3336 πῶς
1850 3283 1955 3326 libri
2131 3285 2182 3325 10
2213 3275 2490 3339 ἀνθρώπων

412 3357 499 3389 om.
530 3345 609 3390 UT
758 3353 804 3392 13
836 3349 1119 3410 συμβούλοις
1147 3353 1227 3398 UT
1371 3370 1489 3409 σφιν
1518 3355 1567 3398 Μ
1740 3359 1794 3398 14
1825 3351 2116 3413 πρόσταγμα
2147 3352 2186 3397 Τ
2334 3355 2384 3395 16
2417 3343 2491 3397 ἀεὶ

415 3415 602 3472 Samen,
631 3411 661 3463 ἃ
691 3421 761 3464 δεῖ
785 3419 889 3464 libri
1000 3426 1059 3480 τῇ
1085 3423 1250 3482 γνώμῃ
1282 3424 1400 3469 UBT
1517 3430 1571 3470 20
1601 3421 1673 3472 (ὃν
1703 3419 1790 3485 ούχ
1821 3421 1988 3478 ἱκανὸς
2015 3425 2117 3479 (hoc
2146 3422 2262 3475 ord.)
2288 3419 2413 3465 UBT

416 3490 471 3530 23
501 3483 866 3546 ἅθκθησόμενον
893 3491 1060 3537 Reiske
1089 3490 1424 3554 ἁχθησόμενον
1452 3496 1557 3542 libri
1700 3501 1757 3541 25
1789 3491 1919 3558 αι’τῴ
1947 3495 2066 3548 libri,
2095 3507 2212 3539 corr.
2241 3492 2375 3547 Emp.

416 3561 472 3602 26
503 3557 552 3604 εἴ
573 3576 615 3604 τι
645 3561 683 3604 Β
713 3558 852 3615 εἴτις
879 3562 1010 3607 UMT
1153 3569 1206 3610 28
1238 3561 1386 3613 αὐτὸν
1414 3568 1496 3614 BU
1523 3582 1581 3612 m.
1611 3581 1697 3626 pr„
1725 3569 1772 3613 in
1801 3567 1852 3611 M
1882 3571 1963 3614 -οῦ
1989 3566 2039 3611 in
2066 3576 2229 3610 rasura
2344 3564 2493 3609 Πελο-

421 3632 532 3714 πίδα
563 3630 681 3718 UBJ'
710 3702 750 3747 U
751 3626 1091 3747 1ξῖἷὶαμινώνδου
1120 3636 1158 3679 Τ
1246 3641 1298 3681 29
1328 3635 1418 3684 τὸν
1447 3637 1595 3698 λόγον
1624 3640 1662 3683 Β
1747 3636 1953 3697 ἤκουσεν
1980 3636 2098 3691 libri,
2131 3648 2249 3682 corr.
2280 3634 2413 3690 Emp.

422 3718 487 3754 ως
514 3715 596 3758 pro
628 3719 682 3755 ος
