2684 4140
386 247 492 295 336
737 241 1054 288 APPENDIX
1082 241 1165 285 III.
1214 239 1532 285 EMPERIUS
1565 240 1649 284 DE
1681 240 1894 285 EXILIO
1927 241 2145 287 DIONIS.

528 388 723 440 Totum
771 401 901 439 vero
953 383 1105 438 exilii
1153 389 1362 452 tempus
1409 383 1864 452 circumvagando
1925 385 2122 452 exegit.
2220 385 2487 441 Plurimas

386 480 553 526 terras
591 471 724 524 obiit
761 475 815 523 et
851 469 1099 522 maximis
1138 468 1437 523 intervallis
1463 469 1602 523 inter
1627 484 1687 523 se
1713 468 1992 524 distantes.
2056 469 2120 522 In
2147 486 2252 538 quo
2283 472 2488 538 gravis-

387 557 533 610 simis
580 554 998 609 adversitatibus
1046 552 1379 608 conflictatus
1429 561 1540 622 est3
1601 570 1794 623 saepe,
1845 571 1951 622 quo
2001 554 2333 623 deverterat,
2383 572 2489 609 non

387 641 636 707 habebat,
674 656 740 694 ac
776 656 844 694 ne
885 655 1016 709 unus
1055 638 1275 707 quidem
1310 655 1499 694 servus
1536 655 1658 693 eum
1698 639 2051 694 comitabatur
2074 642 2128 704 ¹).
2198 639 2299 692 Rei
2335 640 2489 692 fami-

387 726 536 778 liaris
575 740 788 793 quoque
825 741 1080 792 magnum
1117 723 1495 778 detrimentum
1534 725 1691 793 cepit.
1767 724 1906 778 Nam
1942 726 2094 778 multi
2130 725 2203 778 ad
2245 724 2490 778 fraudem

385 810 538 864 abusi
563 815 686 864 sunt
710 811 825 864 eius
866 810 1130 878 absentia,
1169 825 1200 863 e
1237 810 1388 864 cuius
1431 811 1791 878 perpetuitate
1827 811 2199 879 impunitatem
2236 810 2340 863 sibi
2376 811 2492 863 fore

385 895 638 952 rebantur
653 897 707 957 2).
791 895 1030 949 Erronea
1075 900 1255 948 autem
1303 895 1408 949 ista
1455 895 1570 949 vita
1617 900 1891 964 tamquam
1941 894 2128 948 divina
2174 895 2492 948 auctoritate

388 981 736 1049 comprobata
784 987 881 1035 est.
979 980 1176 1034 Narrat
1224 979 1367 1034 enim
1417 979 1577 1034 deum
1625 979 1950 1050 Delphicum
2002 997 2036 1033 a
2084 995 2141 1033 se
2193 980 2490 1033 consultum

389 1082 705 1135 responsum
743 1066 990 1134 dedisse,
1038 1071 1314 1134 pergeret,
1369 1082 1508 1134 quae
1547 1066 1838 1134 incepisset
1874 1065 2083 1134 facere,
2134 1070 2187 1117 et
2225 1069 2493 1117 extremas

387 1151 531 1206 orbis
570 1157 829 1206 terrarum
867 1158 1048 1220 partes
1087 1151 1264 1205 adiret
1280 1153 1336 1216 3).
1421 1151 1698 1206 Profectus
1748 1157 1829 1205 est
1876 1167 2006 1205 vero
2045 1155 2249 1204 aestate
2287 1149 2492 1215 relega-

388 1237 522 1291 tioni
569 1237 818 1305 proxima
866 1236 1286 1305 Borysthenem,
1346 1236 1491 1290 unde
1539 1235 1860 1306 Scytharum
1913 1235 2277 1303 Getarumque
2325 1241 2494 1287 terras

389 1323 629 1377 obiturus
667 1327 796 1376 erat.
885 1320 1042 1386 Quod
1081 1322 1364 1376 consilium
1412 1328 1589 1375 utrum
1639 1328 1764 1376 tunc
1814 1328 2096 1376 exsecutus
2145 1321 2216 1374 sit
2263 1336 2362 1373 nec
2408 1334 2492 1385 ne,

391 1408 731 1475 ignoramus,
755 1406 983 1476 posthac
1009 1405 1216 1475 effecit3
1243 1406 1423 1461 adhuc
1448 1407 1746 1475 imperante
1780 1406 2107 1472 Domitiano,
2135 1406 2492 1459 Romanorum

391 1499 583 1561 castra,
623 1493 824 1546 bellum
862 1492 1026 1547 Dacis
1063 1492 1421 1560 inferentium,
1460 1498 1673 1546 secutus
1711 1493 1943 1546 inermis.
2019 1491 2282 1545 Novimus
2321 1507 2385 1543 ea
2423 1506 2492 1543 ex

394 1577 539 1633 Orat.
566 1577 1001 1646 Borysthenitica
1027 1583 1081 1631 et
1107 1576 1444 1646 Olympiaca.
1496 1578 1683 1631 Altera
1709 1578 1897 1631 harum
1925 1576 2110 1630 habita
2133 1593 2251 1630 esse
2278 1575 2494 1643 fingitur

396 1662 760 1731 Borysthene,
813 1662 911 1717 sed
948 1663 1174 1717 recitata
1211 1670 1293 1716 est
1329 1679 1363 1716 a
1400 1662 1576 1716 Dione
1613 1668 1737 1730 post
1773 1662 2003 1716 reditum
2041 1663 2098 1715 in
2135 1662 2311 1729 patria
2348 1662 2495 1726 urbe,

399 1749 602 1802 Prusae
638 1747 710 1801 ad
749 1746 1058 1816 Olympum.
1131 1747 1194 1800 In
1231 1746 1664 1816 Borysthenitica
1701 1746 1769 1799 II.
1809 1764 1860 1815 p.
1891 1749 1974 1799 74.
2050 1746 2186 1800 haec
2223 1747 2494 1813 leguntur:

391 1837 688 1903 ἐτύγχανον
736 1836 837 1900 μὲν
887 1832 1182 1904 ἐπιδημῶν
1231 1835 1289 1884 ἐν
1339 1834 1695 1903 Βορυσθένει
1742 1835 1805 1883 τὸ
1857 1834 2062 1901 θέρος,
2127 1830 2305 1883 ὁπότε
2355 1834 2497 1882 εἰσέ-

394 1919 612 1971 πλευσα
664 1921 805 1986 μετὰ
854 1922 953 1990 τὴν
1006 1922 1210 1990 φυγήν,
1259 1916 1604 1986 βουλόμενος
1653 1916 1874 1982 ἐλθεῖν,
1924 1919 2020 1969 ἐὰν
2072 1916 2353 1983 δύνωμαι,
2406 1915 2499 1967 διὰ

392 2007 630 2056 Σκυθῶν
669 2007 751 2066 εἰς
789 2008 983 2068 Γέτας,
1024 2007 1183 2066 ὅπως
1219 2002 1530 2071 θεάσωμαι
1567 2005 1731 2055 τάκεῖ
1763 2002 2068 2073 πράγματα
2110 2001 2285 2054 ὁποῖά
2327 2005 2497 2053 ἐστιν.

395 2090 454 2143 V.
491 2092 588 2141 ἐὰν
630 2089 883 2156 δύνωμαι
921 2090 967 2143 si
1013 2106 1120 2143 non
1169 2096 1371 2143 temere
1408 2088 1598 2142 addita
1635 2094 1788 2155 sunt,
1839 2088 2079 2141 indicare
2118 2087 2367 2141 videntur
2405 2088 2499 2140 illo

398 2175 617 2244 quidem
656 2181 893 2243 tempore
909 2176 948 2238 ⁴¹)
987 2175 1216 2228 Dionem
1256 2173 1327 2227 ad
1364 2173 1530 2227 Getas
1567 2190 1675 2227 non
1715 2189 1834 2227 esse
1872 2173 2186 2240 profectum.
2248 2172 2321 2225 At
2357 2179 2501 2226 recte

396 2272 577 2314 tamen
601 2259 852 2314 Philostr.
893 2261 948 2312 in
974 2258 1077 2312 Vit.
1105 2259 1298 2313 Dionis
1323 2262 1417 2311 καὶ
1454 2261 1557 2329 γὰρ
1600 2258 1662 2330 δὴ
1704 2261 1797 2310 καὶ
1834 2261 1892 2321 ἐς
1917 2262 2095 2320 Γέτας
2120 2256 2296 2328 ἦλθεν
2326 2255 2501 2308 ὁπότε

397 2345 569 2416 ἠλᾶτο
608 2346 642 2398 i.
672 2361 717 2398 e.
757 2352 998 2412 tempore
1048 2344 1214 2397 exilii.
1307 2343 1447 2397 Nam
1487 2342 1863 2412 Olympiacam
1902 2342 2047 2397 Orat.
2087 2343 2169 2407 (Τ.
2198 2343 2239 2410 Ι,
2279 2361 2331 2411 p.
2362 2344 2501 2405 379.)

398 2431 587 2485 habuit
625 2447 654 2484 e
692 2436 834 2483 terra
871 2429 1126 2483 Getarum
1165 2428 1324 2482 modo
1361 2445 1606 2482 reversus
1628 2470 1641 2496 ,
1693 2435 1749 2481 ut
1786 2430 1904 2497 ipse
1942 2429 1998 2481 in
2036 2428 2151 2481 eius
2191 2429 2341 2480 initio
2380 2444 2502 2495 pro-

397 2515 589 2570 fitetur.
653 2514 874 2569 Constat
909 2520 1089 2568 autem
1117 2514 1274 2567 istam
1301 2516 1595 2567 orationem
1623 2521 1748 2567 ante
1774 2531 1971 2567 annum
1999 2514 2084 2565 86.
2123 2530 2228 2566 non
2263 2514 2504 2580 potuisse

399 2602 601 2669 haberi,
642 2600 738 2654 sed
775 2605 954 2652 tamen
994 2599 1221 2653 eandem
1259 2599 1331 2652 ad
1370 2599 1666 2652 Domitiani
1703 2606 1948 2667 tempora
1985 2598 2323 2652 referendam
2363 2613 2499 2652 esse.

542 2685 684 2750 Quid
723 2701 850 2739 vero
888 2685 960 2738 ad
999 2684 1256 2738 Getarum
1295 2684 1428 2738 fines
1468 2702 1591 2738 eum
1630 2683 1895 2738 deduxit?
1935 2684 2157 2738 Scilicet
2194 2683 2251 2736 id
2289 2684 2505 2750 agebat,

402 2778 459 2825 ut
494 2788 580 2826 res
618 2770 835 2825 Geticas
874 2770 1250 2825 conscriberet.
1337 2769 1494 2834 Quod
1543 2787 1677 2838 opus
1717 2770 1985 2823 Dioneum
2032 2770 2188 2823 nobis
2237 2778 2386 2822 aetas
2425 2769 2501 2820 in-

402 2857 565 2925 vidit;
603 2862 829 2910 noverat
866 2856 1239 2923 Philostratus,
1278 2862 1503 2910 noverat
1540 2871 1716 2908 rerum
1754 2854 2102 2909 Gothicorum
2141 2855 2368 2921 scriptor
2392 2853 2501 2904 Ior-

403 2943 607 2996 nandes
635 2943 751 2996 sive
776 2942 1037 3010 Iordanis,
1077 2943 1170 3009 qui
1197 2941 1366 3010 Getis,
1405 2942 1451 2995 si
1479 2940 1596 2994 Diis
1635 2942 1827 3009 placet,
1869 2958 1987 2995 cum
2017 2938 2208 2993 Gothis
2248 2937 2500 3003 confusiS,

406 3047 435 3082 e
474 3029 663 3082 Dionis
702 3028 907 3081 Geticis
948 3027 1215 3095 quaedam
1255 3027 1538 3095 excerpsit.

551 3172 591 3220 1)
620 3167 678 3210 II.
716 3171 808 3219 159,
841 3170 910 3211 32.
954 3166 1014 3219 11,
1046 3169 1145 3220 201,
1177 3171 1218 3220 5,
1277 3166 1382 3210 Suis
1413 3166 1525 3210 haec
1556 3165 1842 3220 exaggeravit
1871 3163 2134 3208 commentis
2165 3163 2425 3206 Philostrat.
2458 3161 2505 3204 in

406 3238 512 3282 Vita
541 3236 674 3281 Dion.
734 3237 838 3294 Ipse
869 3238 1101 3293 aliquanto
1130 3237 1377 3281 modestius
1408 3236 1443 3290 I,
1468 3240 1537 3292 59,
1560 3239 1629 3280 42.
1679 3232 1843 3294 ἐπῄειν
1872 3238 1990 3294 γοῦν
2020 3230 2086 3288 ὡς
2114 3231 2346 3292 ἐδυνάμην
2376 3235 2505 3277 πλεί-

408 3324 523 3365 στην
551 3310 638 3365 γῆν
678 3305 730 3352 ἐν
770 3302 982 3367 ἀγύρτου
1021 3304 1226 3366 σχήματι
1262 3310 1344 3353 καὶ
1381 3310 1531 3366 στολῇ
1567 3310 1713 3352 τοῦτο
1751 3307 1840 3362 μὲν
1878 3298 2245 3363 παρ’(Έλληνας
2281 3307 2425 3349 τοῦτο
2457 3302 2507 3348 δὲ

408 3377 539 3437 παρὰ
571 3371 856 3437 βαρβάρους

894 3449 1090 3505 αἰτίζων
1119 3443 1328 3503 ἀκόλους
1359 3443 1447 3496 οὐκ
1477 3445 1632 3508 ἄορας
1664 3443 1772 3495 οὐδὲ
1802 3449 2016 3508 λέβητας.

552 3523 593 3574 2)
623 3520 681 3574 11,
714 3523 812 3573 208,
848 3525 913 3566 14.

552 3594 593 3644 3)
624 3590 659 3643 Ι,
690 3594 787 3645 422,
821 3595 889 3635 25.

555 3666 595 3712 4)
625 3662 660 3704 Ι.
692 3675 731 3706 e.
763 3675 805 3706 a.
829 3665 898 3707 83.
949 3675 992 3718 p.
1014 3658 1095 3705 Ch.
1155 3662 1271 3706 Nam
1303 3675 1404 3707 eum
1432 3663 1680 3717 relegatum
1720 3674 1819 3707 esse
1849 3673 1891 3706 a.
1924 3664 1992 3706 82.
2044 3671 2181 3715 supra
2211 3656 2504 3702 ostendimus,
