2684 4140
429 294 529 344 172
1179 281 1385 328 1310le
1412 282 1497 327 DE
1529 281 1759 327 oLomA

425 430 546 488 οὐδ’
588 435 662 485 αὖ
694 436 845 484 ὅσων
881 432 1190 494 ἀπέχονται
1227 429 1320 478 καὶ
1358 423 1726 493 εὐλαβοῦνται
1761 427 1834 496 μὴ
1877 426 2176 493 πράττειν,
2226 423 2440 488 εἰδότες
2478 429 2513 477 ἃ
2674 387 2684 435 '2³

421 518 662 587 βλάπτει
700 518 1009 580 ἀπέχονται
1049 510 1174 563 οὐδὲ
1214 512 1421 562 ὁποίαν
1459 511 1584 562 τινὰ
1627 514 1789 580 φέρει
1826 512 1925 580 τὴν
1962 507 2203 579 βλάβην,
2243 507 2384 560 ἀλλὰ
2421 513 2515 563 καὶ

421 605 633 654 τούτων
671 603 775 651 ὅσα
815 601 993 668 ὁρῶσι
1029 599 1160 658 τούς
1199 594 1404 658 ἄλλους
1453 593 1894 662 εὐλαβουμένους
1937 595 1968 665 ἢ
2020 596 2154 660 περὶ
2200 594 2276 646 ὧν
2325 597 2392 646 ἂν
2431 598 2512 658 εἰς

420 688 560 748 ἔθος
596 690 950 736 καταστῶσιν
991 684 1135 733 ὥστε
1163 679 1553 748 εὐλαβεῖσθαι,
1591 681 1624 750 ἢ
1666 681 1700 730 ἃ
1738 676 2062 745 νομίζουσιν
2089 678 2230 751 ἀηδῆ
2271 682 2514 732 ἔσεσθαι
2680 734 2682 737 ,

420 773 610 831 αὐτοῖς
646 771 740 820 καὶ
766 771 943 819 πόνον
968 768 1094 818 τινὰ
1123 765 1283 817 δοκεῖ
1301 767 1461 831 ἔχειν,
1502 767 1580 827 ὡς
1605 767 1669 815 τὸ
1698 762 1845 816 πολὺ
1871 770 2046 816 ταῦτα
2071 767 2508 819 ὑποπτεύουσιν.
2547 777 2572 817 5
2612 763 2684 851 (Ἣ

352 861 382 910 2
418 856 611 906 καὶτὸ
650 855 751 919 μὲν
799 860 897 923 τῆς
945 850 1149 923 ἡδονῆς
1195 853 1290 902 καὶ
1337 853 1400 901 τὸ
1449 857 1552 902 τοῦ
1598 853 1776 901 πόνου
1827 857 1974 901 πᾶσι
2009 853 2223 902 κοινόν·
2275 846 2401 902 ἀλλ’
2458 854 2515 903 οἱ
2678 855 2684 860 ’

413 942 515 1006 μὲν
551 939 738 1010 ἦττον,
779 939 834 988 οἱ
875 935 933 988 δὲ
971 934 1181 1003 μᾶλλον
1218 930 1324 987 ὑπ’
1369 937 1550 987 αὐτῶν
1590 933 1949 986 δουλοῦνται·
2002 936 2065 986 τὸ
2111 933 2170 987 δὲ
2210 943 2308 1007 τῆς
2348 934 2514 1008 δόξης
2668 948 2681 988 *5

414 1027 682 1091 ἀνόμοιον
717 1026 811 1075 καὶ
850 1024 913 1074 οὐ
952 1024 1120 1074 ταύτὸ
1162 1028 1352 1074 πᾶσιν.
1439 1023 1577 1073 ὅθεν
1628 1023 1684 1072 οἱ
1730 1023 1832 1087 μὲν
1879 1027 2082 1084 ταῦτα,
2135 1022 2190 1070 οἱ
2229 1018 2288 1071 δὲ
2338 1029 2511 1073 ταῦτα

412 1114 715 1162 ἐπαινοῦσι
760 1111 854 1160 καὶ
894 1113 1161 1177 ψέγουσι,
1214 1105 1489 1169 πολλάκις
1528 1108 1812 1158 τάναντία.
1891 1106 2012 1157 οῖον
2053 1103 2219 1174 ἀλγεῖ
2247 1108 2348 1172 μὲν
2385 1110 2415 1158 ὅ
2452 1126 2513 1160 τε

406 1189 577 1258 Ἰνδὸς
612 1197 706 1246 καὶ
744 1197 775 1246 ὁ
799 1196 1014 1246 Λάκιον
1052 1196 1498 1263 τιτρωσκόμενος
1535 1194 1566 1263 ἢ
1606 1195 1879 1257 καόμενος
1903 1189 2056 1259 (naz)
2079 1194 2109 1242 ὁ
2135 1208 2195 1242 τε
2225 1189 2381 1261 Φρὺξ
2414 1195 2508 1244 καὶ
2545 1201 2591 1244 10
2613 1206 2684 1247 (διε

414 1284 445 1332 ὁ
480 1279 701 1342 Λυδός·
744 1273 870 1330 ἀλλ’
913 1281 1116 1330 ἐκεῖνοι
1153 1281 1254 1345 μὲν
1295 1280 1391 1343 οὐχ
1427 1279 1723 1329 ὑπείκουσι
1765 1275 1859 1328 διὰ
1898 1279 1960 1327 τό
2000 1280 2315 1347 ἠσκηκέναι,
2356 1276 2514 1328 οὗτοι

415 1366 502 1430 δὲ,
567 1365 660 1417 διὰ
707 1369 770 1417 τὸ
820 1366 1087 1426 ἀσθενεῖς
1134 1366 1228 1416 καὶ
1285 1365 1591 1434 ἀνάσκητοι
1641 1362 1802 1414 εἶναι.
1892 1360 2065 1413 πάλιν
2115 1359 2365 1431 ἥδεσθαι
2410 1365 2512 1428 μὲν

415 1450 781 1523 ἀφροδισίοις
818 1452 912 1501 καὶ
952 1452 1158 1511 σιτίοις
1183 1451 1278 1501 καὶ
1314 1453 1518 1510 ποτοῖς
1555 1446 1747 1517 ἡδέσιν
1775 1449 1980 1517 ἀνάγκη
2009 1450 2105 1498 τόν
2132 1464 2192 1498 τε
2220 1439 2383 1499 Ἴωνα
2420 1450 2514 1499 καὶ

416 1540 512 1588 τὸν
557 1534 839 1588 Θετταλὸν
875 1538 970 1587 καὶ
1007 1539 1103 1587 τὸν
1134 1527 1453 1604 Ἰταλιώτην
1490 1537 1584 1585 καὶ
1622 1536 1718 1584 τὸν
1744 1537 1920 1603 Γέτην
1957 1534 2050 1584 καὶ
2087 1535 2183 1584 τὸν
2213 1525 2384 1584 Ἰνδὸν
2419 1536 2513 1586 καὶ
2682 1594 2684 1599 .

413 1625 509 1674 τὸν
545 1624 936 1691 Σπαρτιάτην·
977 1614 1101 1671 ἀλλ’
1146 1622 1202 1671 οἱ
1237 1623 1338 1685 μὲν
1379 1621 1441 1670 οὐ
1482 1622 1630 1670 πάνυ
1668 1637 1725 1670 τι
1764 1615 2128 1689 φροντίζουσι
2158 1625 2268 1670 τῶν
2305 1617 2502 1689 ἡδέων,
2541 1629 2589 1670 15
2676 1676 2681 1679 ς

413 1709 583 1777 ἀρχὴν
633 1705 691 1757 δὲ
744 1704 870 1757 οὐδὲ
921 1712 1234 1774 πειρῶνται
1271 1707 1566 1755 ἁπάντων·
1622 1706 1678 1754 οἱ
1716 1702 1774 1754 δὲ
1824 1704 2145 1754 ἀποθανεῖν
2193 1697 2398 1755 ἑ’λοιντ’
2444 1706 2510 1755 ἂν

345 1798 375 1849 3
416 1790 582 1859 ὀλίγῳ
624 1789 797 1841 πλέον
844 1792 1135 1860 ἡσθέντες.
1223 1792 1286 1839 τὸ
1338 1789 1433 1840 οὖν
1471 1796 1570 1859 τῆς
1610 1786 1777 1858 δόξης
1815 1789 1993 1839 ἔοικεν
2043 1787 2189 1839 εἶναι
2229 1787 2510 1839 παντοδα-

411 1880 676 1928 πώτατον
712 1878 806 1927 καὶ
844 1873 1080 1945 πλείστη
1120 1877 1215 1925 καὶ
1250 1876 1483 1944 μεγίστη
1524 1876 1724 1924 τούτου
1767 1872 2035 1944 διαφορά.
2114 1871 2207 1924 διά
2247 1891 2307 1924 τε
2344 1881 2509 1924 τοῦτο

411 1966 468 2014 ἐν
509 1961 692 2014 οὐδενὶ
728 1966 875 2029 γένει
913 1967 1023 2012 τῶν
1064 1957 1219 2028 ζῴων
1251 1962 1406 2030 εὕροι
1431 1978 1519 2021 τις
1546 1961 1612 2011 ἂν
1640 1962 1919 2029 τοσαύτην
1949 1961 2148 2010 στάσιν
2177 1956 2304 2009 οὐδὲ
2333 1960 2512 2020 οὕτως

411 2049 662 2099 ἐναντίον
703 2045 852 2114 αὐτῷ
893 2064 949 2096 τι
986 2050 1160 2114 γένος,
1202 2045 1322 2096 οἷον
1364 2047 1561 2095 ἵππων
1599 2046 1630 2114 ἢ
1670 2051 1846 2096 κυνῶν
1884 2046 1916 2114 ἢ
1960 2042 2198 2095 λεόντων
2235 2045 2443 2114 ἢβοῶν
2480 2046 2511 2115 ἢ
2553 2054 2602 2095 20

411 2131 656 2203 ἐλάφων,
697 2129 837 2181 ἀλλὰ
876 2132 1184 2201 τρέφονταί
1221 2148 1280 2181 τε
1319 2131 1531 2196 ὁμοίως
1568 2131 1662 2180 καὶ
1699 2135 1937 2197 γεννῶσι
1973 2131 2070 2180 καὶ
2106 2133 2381 2200 τρέφουσι
2418 2132 2511 2181 καὶ

414 2219 513 2268 ἐπὶ
549 2217 723 2267 ταύτὰ
764 2219 982 2286 ὁρμῶσι
1019 2218 1112 2267 καὶ
1149 2222 1260 2266 τῶν
1301 2216 1482 2266 αὐτῶν
1522 2216 1831 2279 ἀπέχονται
1869 2215 1937 2265 τὰ
1977 2217 2162 2280 ὅμοια.
2226 2218 2377 2282 μόνῳ
2406 2217 2509 2285 γάρ

349 2312 381 2359 4
422 2300 757 2365 ξυνέπονται
796 2304 873 2363 ὡς
910 2303 974 2352 τὸ
1014 2298 1160 2351 πολὺ
1198 2300 1279 2368 τῷ
1315 2299 1448 2371 ἡδεῖ
1474 2302 1568 2351 καὶ
1605 2302 1668 2350 τὸ
1718 2298 1972 2367 ἀλγεινὸν
2023 2302 2340 2370 φεύγουσιν.
2418 2303 2510 2351 ἄν·

416 2389 657 2458 θρωπος
698 2385 756 2437 δὲ
789 2389 959 2456 φύσει
987 2388 1315 2457 φρονήσεως
1341 2390 1602 2452 μετέχων,
1644 2383 2102 2451 ἀπολειπόμενος
2130 2384 2188 2436 δὲ
2217 2387 2386 2456 αὐτῆς
2415 2385 2507 2437 διὰ

417 2471 740 2544 φαυλότητα
771 2474 866 2524 καὶ
903 2474 1210 2542 ῥᾳθυμίαν,
1252 2469 1418 2541 δόξης
1454 2473 1548 2522 καὶ
1585 2473 1809 2541 ἀπάτης
1834 2469 2070 2522 ἔνδοθεν
2107 2474 2313 2538 μεστός
2351 2473 2504 2522 ἐστι·
2541 2481 2590 2523 25

413 2561 506 2610 καὶ
531 2561 717 2610 πάντα
746 2555 1010 2628 ἀλλήλοις
1041 2556 1426 2627 διαφέρονται,
1465 2559 1558 2607 καὶ
1598 2559 1730 2626 περὶ
1766 2558 2013 2628 ἐσθῆτος
2049 2558 2143 2607 καὶ
2183 2555 2385 2626 στολῆς
2420 2558 2514 2608 καὶ
2536 2571 2662 2613 (365ss

415 2646 547 2714 περὶ
584 2651 799 2714 τροφῆς
846 2645 940 2694 καὶ
987 2640 1342 2713 ἀφροδισίων
1390 2644 1484 2693 καὶ
1532 2643 1665 2711 περὶ
1710 2649 1876 2713 τιμῆς
1922 2643 2015 2693 καὶ
2064 2644 2323 2709 ἀτιμίας,
2373 2643 2513 2693 κατὰ

413 2731 553 2799 ἔθνη
599 2731 693 2780 καὶ
731 2727 953 2790 πόλεις·
1006 2729 1216 2793 ὁμοίιος
1257 2725 1315 2778 δὲ
1352 2729 1446 2778 καὶ
1483 2729 1541 2777 ἐν
1579 2734 1647 2796 τῇ
1687 2725 1854 2777 πόλει
1891 2719 2031 2777 καθ’
2077 2729 2243 2779 αὑτὸν
2281 2730 2514 2789 ἕκαστος

558 2883 576 2923 1
615 2871 735 2925 ὅσον
765 2880 804 2924 U
834 2894 891 2924 m.
925 2894 993 2936 pr.
1113 2883 1137 2923 2
1169 2881 1319 2925 ποίαν
1351 2879 1431 2923 PH
1576 2884 1600 2923 5
1633 2882 1767 2925 δοκεῖ
1794 2891 1881 2923 om.
1916 2879 1992 2923 UB
2137 2883 2296 2926 δοκεῖν
2325 2880 2375 2923 Μ
2404 2887 2507 2933 (om.

410 2947 514 2997 τινὰ
547 2955 591 2995 et
621 2949 792 3009 ἕχεινῬ)
912 2947 1234 2998 ὓποπτεὺουσι
1263 2951 1307 2995 Η
1395 2954 1420 2994 6
1452 2946 1508 2996 τὸ
1545 2953 1652 2994 ante
1681 2953 1769 2996 τοῦ
1798 2963 1886 2995 om.
1918 2949 1966 2992 M
1997 2963 2056 2993 m.
2088 2963 2170 3006 pr„
2203 2950 2288 2995 del.
2320 2951 2427 2994 Wil.

414 3028 436 3067 7
469 3015 629 3082 ἧττον,
662 3021 706 3068 οἱ
727 3023 980 3079 δὲμᾶλλον
999 3023 1252 3078 Emperius,
1283 3014 1430 3080 ἧττον
1450 3018 1479 3080 ἢ
1497 3025 1682 3079 μᾶλλον
1699 3022 1801 3066 libri
1889 3024 1915 3066 8
1947 3020 1994 3068 οὶ
2023 3022 2071 3068 δὲ
2101 3025 2250 3068 ταῦτα
2271 3034 2356 3065 om.
2379 3022 2428 3065 M

412 3099 438 3139 9
469 3091 696 3152 ψεύγουσι
728 3095 763 3138 Ρ
866 3090 1028 3154 ἀλγεῖν
1059 3095 1105 3137 Μ
1224 3088 1250 3139 ὃ
1284 3094 1332 3140 δὲ
1367 3089 1502 3147 Ινδὸς
1531 3093 1581 3136 Μ
1701 3097 1753 3137 10
1783 3090 2043 3149 καιόμενος
2074 3093 2116 3137 H
2211 3097 2291 3140 καὶ
2321 3095 2510 3139 alterum

412 3165 513 3210 add.
535 3166 669 3221 Emp.
763 3169 808 3209 11
843 3163 1104 3223 ὑπήκουσιν
1136 3166 1183 3208 Μ
1301 3168 1356 3208 12
1388 3159 1591 3218 ἀσθενὲς
1622 3163 1656 3207 Ρ
1778 3167 1827 3208 13
1859 3167 1938 3211 καὶ
1969 3158 2267 3224 ἀφροδισίοις
2298 3165 2427 3209 UBM

416 3239 467 3279 16
499 3230 726 3281 ἀπόντων
758 3236 887 3280 UBM
1002 3230 1183 3283 ἓ’λοιντ’
1215 3232 1277 3283 ἄν
1307 3262 1361 3267 —-
1400 3241 1444 3279 17
1479 3235 1616 3293 δόξης
1646 3249 1732 3279 om.
1766 3235 1809 3279 H
1839 3236 2003 3292 (suppl.
2026 3249 2054 3280 a
2076 3248 2190 3281 corr.
2222 3236 2269 3280 in
2298 3239 2427 3291 mrg.)

417 3309 467 3350 18
497 3302 651 3367 τούτῳ
679 3306 810 3351 UBM
934 3307 1007 3353 διά
1041 3323 1117 3353 τοι
1149 3307 1182 3350 Ρ
1299 3311 1352 3350 20
1384 3301 1514 3353 αὐτῶ
1544 3323 1588 3352 τι
1619 3306 1654 3350 Ρ
1687 3300 1847 3353 αὐτῶν
1876 3323 1921 3352 τι
1942 3306 2034 3350 ΗΜ
2063 3307 2159 3358 (sed
2189 3324 2232 3352 τι
2262 3308 2308 3350 in
2337 3308 2512 3358 rasura)

414 3371 572 3423 αὐτῶν
601 3373 657 3422 τὸ
691 3376 786 3432 UB,
817 3390 932 3422 corr.
963 3378 1174 3422 Reiskius
1292 3381 1339 3421 21
1377 3376 1669 3433 στρέφονται
1699 3378 1741 3423 U
1859 3382 1912 3421 22
1942 3382 2090 3424 ταῦτα
2122 3378 2156 3421 P
2273 3374 2331 3423 τὰ
2367 3369 2510 3432 ὅμοια

413 3448 562 3491 malim
593 3448 754 3492 abesse
878 3451 931 3492 23
962 3445 1187 3507 φεύγουσι
1220 3448 1299 3493 UB
1446 3453 1499 3492 26
1529 3451 1610 3494 καὶ
1641 3451 1813 3506 στολῆς
1843 3449 1933 3492 huc
1961 3449 2234 3505 transposui,
2264 3461 2378 3505 quae
2407 3448 2511 3492 libri

411 3520 516 3575 post
545 3511 842 3575 ἀφροδισίων
873 3519 1111 3574 collocant,
1142 3522 1193 3563 ut
1221 3520 1309 3563 tria
1340 3522 1491 3564 essent
1520 3519 1753 3564 nominum
1784 3520 1913 3577 paria
2047 3523 2099 3562 27
2130 3522 2210 3566 καὶ
2240 3522 2348 3579 περὶ
2378 3523 2511 3576 τιμῆς

411 3593 512 3642 (om.
545 3592 625 3635 καὶ
656 3584 861 3646 ἀτιμίας)
890 3593 970 3635 καὶ
1001 3586 1116 3648 ἔθνη
1148 3590 1241 3642 PH,
1271 3593 1351 3635 καὶ
1382 3592 1492 3649 περὶ
1522 3593 1625 3642 (om.
1649 3593 1782 3648 τιμῆς
1799 3593 1896 3644 καὶ)
1918 3588 2108 3647 ἀτιμίας
2128 3589 2186 3636 τὰ
2218 3587 2332 3649 ἔθνη
2361 3591 2509 3647 UBM,

413 3702 527 3734 corr.
558 3689 719 3744 Pflugk
938 3692 989 3732 28
1022 3663 1172 3747 πόῖἦς
1209 3688 1244 3731 P
1445 3689 1752 3734 scribendum:
1792 3687 1845 3734 ἐν
1881 3691 1940 3747 τῇ
1977 3683 2155 3747 (αὐτῇ)
2192 3684 2329 3734 πόλει
2361 3689 2428 3733 vel
2456 3687 2509 3734 ἐν

410 3777 493 3824 μιᾳ
525 3774 663 3806 πολει
