2684 4140
1104 279 1330 326 ORATIO
1360 280 1459 327 XV.
2224 282 2328 331 233

236 429 411 478 όντων
457 423 742 494 ἐγέλασαν.
828 427 921 477 καὶ
959 426 1021 487 ὃς
1061 423 1220 477 οὐδέν
1268 444 1325 477 τι
1364 423 1576 492 μᾶλλον
1621 419 1905 497 ᾐσχύνθη,
1957 421 2081 478 ἀλλ’
2127 429 2322 499 ὥσπερ

240 513 296 562 οἱ
344 509 593 581 ἀνδρεῖοι
641 508 997 580 ἀλεκτρυόνες
1046 513 1190 580 πρὸς
1228 513 1326 581 τὴν
1373 508 1588 582 πληγὴν
1626 513 2014 582 ἐπεγείρονται
2049 515 2143 564 καὶ
2179 515 2326 582 θαρ-

238 603 449 662 ροῦσιν,
486 597 738 657 κάκεῖνος
775 597 1065 666 ἐπηγέρθη
1103 597 1198 647 καὶ
1234 596 1520 666 ἐθάρρησε
1569 598 1714 665 πρὸς
1751 599 1849 668 τὴν
1889 595 2194 667 λοιδορίαν,
2233 601 2329 651 καὶ

237 683 401 750 ἤρετο
442 682 609 731 αὐτὸν
660 681 880 731 ὁπόθεν
918 687 1081 731 τοῦτο
1130 682 1435 731 ἐπίσταται
1483 683 1547 731 τὸ
1587 683 1723 750 περί
1757 699 1817 732 τε
1857 685 2030 733 αὑτοῦ
2062 685 2156 734 καὶ
2193 687 2328 754 περὶ

184 770 209 810 5
244 767 471 816 ἐκείνου.
521 759 661 828 Ὅτι,
700 765 827 835 ἔφη,
865 767 961 816 τὸν
997 767 1098 831 μὲν
1136 767 1382 831 ἐμαυτοῦ
1414 770 1632 834 πατέρα
1671 767 1987 832 ἐπίσταμαι
2017 762 2326 837 Ἀθηναῖον
2365 771 2396 822 3

143 898 147 901 .
239 851 388 914 ὄντα,
427 849 587 918 εἴπερ
625 867 713 911 τις
752 847 938 913 ἄλλος,
981 852 1077 901 τὸν
1118 848 1176 901 δὲ
1218 852 1315 902 σὸν
1354 852 1570 921 οἰκέτην
1608 857 1711 902 τοῦ
1747 849 1944 916 δεῖνος,
1984 855 2162 906 εἰπὼν
2201 857 2328 906 τοῦ-

237 952 396 1000 νομα.
466 936 561 986 καὶ
598 938 674 999 ὅς,
718 937 792 986 Τί
828 935 939 999 οὖν,
979 934 1123 998 εἶπε,
1161 936 1301 986 κατὰ
1339 942 1505 986 τοῦτο
1541 934 1744 986 κωλύει
1779 953 1849 1001 με
1887 938 1945 988 ἐν
1972 939 2327 1008 Κυνοσάργει

240 1018 590 1084 ἀλείφεσθαι
624 1021 765 1087 μετὰ
803 1027 914 1072 τῶν
944 1021 1152 1084 νόθων,
1192 1019 1352 1089 εἴπερ
1390 1023 1450 1071 ἐκ
1485 1023 1695 1091 μητρὸς
1732 1019 2054 1092 ἐλευθέρας,
2096 1022 2237 1084 ἴσως
2267 1022 2327 1075 δὲ

25 1106 328 1158 (usamxal
365 1106 554 1175 ἀστῆς,
593 1107 840 1172 τυγχάνω
878 1106 1119 1172 γεγονὼς
1154 1106 1248 1155 καὶ
1285 1107 1501 1173 πατρὸς
1541 1104 1611 1155 οὗ
1646 1108 1711 1156 σὺ
1752 1104 1894 1176 φῄς,·
1941 1108 1974 1177 ἢ
2015 1109 2078 1158 οὐ
2118 1107 2334 1160 πολλαὶ

159 1197 206 1238 10
243 1190 413 1240 ἀσταὶ
448 1193 700 1256 γυναῖκες
739 1182 817 1239 δι’
860 1191 1095 1258 ἐρημίαν
1133 1207 1193 1240 τε
1229 1191 1323 1239 καὶ
1360 1191 1607 1258 ἀπορίαν
1647 1192 1708 1240 αἱ
1742 1193 1844 1255 μὲν
1880 1193 1941 1241 ἐκ
1978 1190 2147 1255 ξένων
2174 1196 2330 1264 ἐκύη-

241 1287 369 1338 σαν,
419 1276 480 1324 αἱ
518 1272 577 1324 δὲ
615 1276 674 1324 ἐκ
713 1271 955 1337 δούλων,
1005 1276 1153 1335 τινὲς
1199 1276 1301 1338 μὲν
1349 1275 1654 1341 ἀγνοοῦσαι
1702 1281 1896 1339 τοῦτο,
1947 1279 2096 1338 τινὲς
2143 1276 2201 1327 δὲ
2239 1280 2334 1329 καὶ

67 1367 147 1408 (236
167 1360 643 1424 Μ)ἐπιστάμεναι,·
677 1359 771 1408 καὶ
810 1355 992 1418 οὐδεὶς
1032 1355 1230 1418 δοῦλός
1267 1359 1438 1421 ἐστιν,
1485 1355 1626 1408 ἀλλὰ
1664 1362 1836 1424 μόνον
1876 1360 1972 1410 οὐκ
2003 1353 2330 1431 Ἀθηναῖος,

235 1449 346 1494 τῶν
386 1445 563 1504 οὕτως
589 1443 987 1512 γεννηθέντων.
1045 1436 1201 1492 Ἀλλ’
1244 1444 1350 1510 ἐγώ
1393 1456 1509 1507 σου,
1549 1444 1677 1514 ἔφη,
1714 1446 1809 1495 καὶ
1837 1446 1936 1515 τὴν
1961 1450 2173 1515 μητέρα
2201 1448 2326 1497 ἐπί-
2365 1448 2397 1495 4

237 1541 448 1593 σταμαι
485 1525 798 1593 ὁμόδουλον
836 1534 939 1578 τοῦ
973 1531 1206 1597 πατρός.
1278 1527 1424 1592 Εἶεν,
1463 1529 1603 1599 ἔφη·
1641 1531 1740 1599 τὴν
1782 1527 1841 1580 δὲ
1875 1537 2085 1581 σαυτοῦ
2120 1530 2332 1595 οἶσθας

156 1617 206 1662 15
223 1610 405 1688 ,Πάνυ
442 1613 544 1677 μὲν
584 1612 707 1663 οὖν·
746 1613 920 1683 ἀστὴν
959 1610 1020 1676 ἐξ
1057 1614 1243 1664 ἀστῶν
1279 1615 1374 1664 καὶ
1402 1618 1611 1683 προῖκα
1651 1615 1841 1685 ἱκανὴν
1878 1617 2331 1687 ἐπενηνεγμένην.

230 1688 299 1747 ’H
327 1699 422 1748 καὶ
457 1698 606 1762 ἔχοις
644 1698 712 1748 ἂν
752 1699 966 1763 ὀμόσας
1003 1699 1187 1748 εἰπεῖν
1225 1700 1313 1749 ὅτι
1358 1696 1419 1761 ἐξ
1461 1697 1531 1748 οὗ
1566 1712 1740 1769 φησιν
1778 1701 1984 1769 ἐκείνη,
2034 1703 2093 1751 ἐκ
2130 1705 2330 1752 τούτου

231 1786 493 1850 γέγονας,·
544 1785 576 1833 ὁ
609 1784 711 1848 μὲν
748 1783 851 1851 γὰρ
895 1780 1219 1853 Τηλέμαχος
1259 1785 1320 1833 οὐ
1360 1781 1508 1834 πάνυ
1558 1775 1716 1853 ἠξίου
1757 1782 2148 1836 διατείνεσθαι
2185 1788 2329 1855 ὑπὲρ

233 1866 575 1938 Πηνελόπης
612 1875 710 1938 τῆς
730 1860 982 1937 Ἰκαρίου,
1025 1866 1247 1939 σφόδρα
1289 1870 1585 1939 σώφρονος
1623 1867 1895 1939 δοκούσης
1932 1873 2204 1937 γυναικός,
2243 1873 2332 1921 ὅτι

235 1951 423 2024 ἀληθῆ
481 1951 628 2020 λέγει
664 1955 761 2004 τὸν
793 1946 1065 2004 Ὀδυσσέα
1105 1955 1511 2024 ἀποφαίνουσα
1552 1955 1725 2004 αὐτοῦ
1760 1958 2007 2023 πατέρα·
2059 1957 2124 2005 σύ
2166 1953 2225 2005 δὲ
2266 1957 2329 2005 οὐ

153 2046 202 2088 20
236 2041 408 2104 μόνον
445 2040 588 2106 ὑπὲρ
630 2044 841 2088 σαυτοῦ
872 2034 1002 2106 <ἂν>
1036 2040 1130 2089 καὶ
1166 2046 1265 2109 τῆς
1306 2046 1405 2108 σῆς
1441 2041 1679 2108 μητρός,
1717 2039 1818 2089 ἐὰν
1853 2036 2082 2107 κελεύσῃ
2126 2043 2190 2089 σέ
2225 2057 2330 2103 τις,

234 2124 489 2189 ὀμόσαις,
532 2125 609 2185 ὡς
636 2125 830 2187 ἔοικεν,
859 2122 1000 2174 ἀλλὰ
1026 2126 1120 2174 καὶ
1145 2126 1278 2192 περὶ
1311 2121 1512 2194 δούλης
1538 2128 1888 2194 ἡστινοσοῦν,
1928 2122 1989 2187 ἐξ
2015 2126 2144 2174 ὅτου
2185 2126 2326 2174 ποτὲ

230 2209 487 2278 ἐκύησεν,
539 2209 731 2278 ὥσπερ
782 2209 848 2276 ἢν
894 2207 1070 2276 λέγεις
1107 2210 1244 2278 ἐμὴν
1283 2207 1431 2259 εἶναι
1466 2212 1696 2278 μητέρα.
1773 2206 2047 2259 ἀδύνατον
2084 2210 2187 2277 γάρ
2233 2222 2325 2258 σοι
2366 2212 2396 2261 5

234 2290 395 2344 δοκεῖ
434 2292 581 2344 εἶναι
624 2291 686 2356 ἐξ
732 2291 904 2344 ἄλλου
954 2291 1157 2362 ἀνδρὸς
1202 2300 1405 2364 κυῆσαι
1454 2290 1757 2362 ἐλευθέρου
1802 2294 1834 2362 ἢ
1885 2295 1979 2343 καὶ
2022 2299 2125 2343 τοῦ
2161 2295 2331 2362 αὐτῆς

235 2375 532 2430 δεσπότου.
601 2380 663 2429 ού
704 2377 910 2430 πολλοὶ
940 2372 1263 2448 Ἀθηναίων
1306 2379 1690 2445 συγγίγνονται
1716 2379 2104 2448 θεραπαίναις
2131 2380 2329 2441 αὐτῶν,

154 2474 204 2516 25
242 2466 298 2514 οἱ
345 2467 446 2530 μέν
485 2481 633 2526 τινες
668 2467 881 2535 κρύφα,
934 2466 990 2515 οἱ
1029 2462 1087 2514 δὲ
1124 2465 1218 2514 καὶ
1256 2469 1543 2534 φανερῶς,·
1591 2464 1653 2513 ού
1701 2464 1804 2532 γὰρ
1858 2460 2039 2532 δήπου
2077 2460 2333 2530 βελτίους

235 2550 350 2600 εἰσὶ
397 2551 606 2611 πάντες
649 2555 752 2599 τοῦ
780 2543 1139 2618 Ἡρακλέους,
1180 2549 1242 2610 ὃς
1282 2546 1408 2599 οὐδὲ
1448 2556 1518 2618 τῇ
1546 2539 1831 2618 Ἰαρδάνου
1872 2546 2039 2616 δούλῃ
2082 2551 2330 2615 συγγενέ-

240 2635 385 2684 σθαι
433 2631 775 2704 ἀπηξίωσεν,
825 2631 886 2697 ἐξ
922 2634 987 2704 ἧς
1025 2636 1278 2702 ἐγένοντο
1325 2635 1381 2684 οἱ
1415 2631 1678 2702 Σάρδεων
1715 2631 1986 2700 βασιλεῖς.
2145 2634 2230 2683 ἔτι
2270 2631 2328 2683 δὲ
2368 2636 2399 2686 6

236 2715 340 2788 [οὐ]
382 2717 542 2770 δοκεῖ
573 2734 680 2782 σοι,
723 2720 800 2781 ὡς
838 2721 1000 2783 ἔοικε,
1041 2717 1512 2789 Κλυταιμνήστρα
1550 2721 1677 2784 μὲν,
1723 2717 2018 2787 Τυνδάρεω
2057 2719 2330 2787 θυγάτηρ,

381 2848 399 2888 1
435 2838 500 2898 ὡς
529 2856 611 2900 pro
644 2835 699 2897 ὅς
728 2843 778 2887 Μ
928 2846 953 2887 2
986 2842 1033 2889 οἳ
1072 2837 1280 2903 ἀνδρεῖοι
1318 2837 1640 2901 ἀλεκτρυόνες
1667 2842 1800 2896 Emp.
1843 2840 1890 2887 οἱ
1918 2837 2087 2899 ἄνδρες
2117 2839 2164 2886 οἱ
2194 2835 2331 2886 ἀλεκ-

234 2916 423 2974 τρίονες
452 2914 517 2961 Μ.
564 2913 612 2961 οἳ
639 2909 957 2974 ἀλεκτρυόνες
986 2917 1090 2970 (om.
1123 2917 1227 2967 cet.)
1257 2913 1337 2957 UB
1511 2916 1538 2956 4
1567 2909 1724 2971 εἴρετο
1756 2911 1798 2956 U
1828 2908 1984 2970 εῗρετο
2022 2911 2054 2953 Β
2227 2907 2327 2955 ἐπί-

234 3001 404 3033 σταιτο
437 2987 551 3046 περί
579 3003 632 3033 τε
664 2987 860 3031 Cobetus
1007 2979 1158 3031 αὐτοῦ
1186 2984 1278 3028 UM
1435 2989 1459 3027 5
1492 2980 1665 3029 ἑαυτοῦ
1694 2981 1742 3024 Μ
1917 2985 1941 3025 6
1972 2980 2021 3027 δὲ
2050 2993 2135 3024 0111.
2168 2980 2218 3023 M

235 3059 258 3097 7
289 3059 370 3101 καὶ
403 3051 482 3110 ὃς·
508 3058 582 3110 τίς
606 3057 697 3100 ΒΜ
725 3058 807 3102 καὶ
838 3048 970 3108 ὅστις
998 3056 1042 3100 U
1070 3068 1126 3099 m.
1158 3067 1228 3110 pr.
1259 3056 1394 3106 (corr.
1429 3047 1483 3105 ὃς
1512 3054 1577 3103 τί)
1668 3055 1719 3094 10
1750 3045 1888 3097 αὐταὶ
1917 3064 1999 3106 pro
2031 3044 2174 3097 άσταὶ
2204 3050 2254 3094 Μ

241 3130 290 3170 13
323 3119 450 3173 οὕτω
480 3128 519 3171 Β
636 3142 714 3172 σοι
743 3140 825 3183 pro
857 3142 946 3173 σου
977 3127 1014 3169 Β
1134 3129 1185 3168 16
1214 3127 1295 3170 καὶ
1326 3137 1411 3169 om.
1442 3124 1480 3166 B
1597 3118 1718 3180 ἔχεις
1738 3123 1775 3166 Β
1894 3116 2139 3178 ὀνομάσας
2167 3121 2218 3164 Μ

237 3189 313 3242 ὅτι
343 3197 555 3252 Cobetus,
586 3196 632 3243 εἰ
658 3197 721 3250 Μ,
753 3210 841 3242 om.
873 3197 954 3242 UB
1078 3199 1126 3240 17
1159 3194 1227 3239 Of.
1257 3195 1389 3239 Hom.
1424 3193 1506 3239 Od.
1539 3194 1562 3237 I
1585 3197 1664 3237 215
1683 3207 1749 3249 sq.
1866 3192 2166 3251 διαγενέσθαι
2196 3191 2246 3234 Μ

238 3271 289 3310 19
312 3261 458 3313 αὐτοῦ
472 3266 515 3312 U
602 3271 655 3311 20
677 3263 738 3314 ἄν
757 3269 837 3312 καὶ
858 3267 1052 3321 GeeHus,
1073 3260 1194 3312 ἀλλὰ
1215 3268 1295 3311 καὶ
1317 3264 1395 3309 UB
1416 3267 1497 3310 καὶ
1517 3267 1622 3317 (0111.
1645 3258 1781 3318 ἀλλὰ)
1801 3263 1852 3307 Μ
1938 3266 1988 3307 21
2015 3257 2194 3319 ὀμόσαι
2216 3259 2330 3314 ἴσως

235 3333 392 3384 ἔοικεν
422 3338 567 3394 UBM,
600 3350 716 3382 corr.
749 3337 931 3382 Geelius
1049 3340 1102 3380 22
1135 3328 1300 3395 ὥσπερ
1329 3360 1386 3368 --
1413 3335 1596 3394 μητέρα
1626 3334 1778 3378 malim
1810 3347 1911 3378 cum
1941 3334 2174 3378 enuntiato
2207 3333 2327 3388 quod

237 3409 440 3465 sequitur
469 3410 751 3465 coniungere,
782 3408 929 3452 deleto
959 3403 1053 3466 γὰρ
1084 3411 1130 3451 et
1157 3407 1507 3462 interrogatione
1537 3405 1788 3461 significata
1808 3407 1912 3461 post
1934 3400 2191 3457 δεσπότου;
2224 3415 2330 3447 nam

237 3479 274 3523 si
302 3493 394 3524 non
423 3482 544 3524 esset
572 3479 880 3534 interrogatio,
911 3491 1004 3523 non
1038 3480 1195 3535 posset
1223 3477 1366 3521 altera
1393 3475 1687 3530 interrogatio
1718 3468 1985 3528 άσυνδέτως
2013 3474 2183 3519 inferri.

238 3552 291 3594 23
323 3546 444 3596 εἶναι
475 3564 560 3595 0111.
591 3551 634 3596 U
722 3544 864 3607 αὐτῆς
892 3549 933 3594 U
1021 3553 1074 3593 24
1107 3542 1163 3594 οὗ
1193 3561 1279 3592 0111.
1311 3546 1360 3589 Μ
1447 3542 1605 3592 αὐτῶν
1635 3546 1726 3591 UM
1841 3549 1893 3589 25
1926 3544 1972 3590 οἳ
2001 3558 2084 3600 pro
2115 3541 2171 3591 οὐ
2201 3544 2252 3587 Μ

239 3623 293 3664 26
323 3625 398 3680 τῆι
427 3616 637 3682 ἀρδάνου
656 3622 737 3666 UB
760 3623 818 3679 τῇ
847 3618 910 3678 ἀρ
941 3615 1001 3667 ἄν
1031 3613 1087 3665 οὗ
1117 3619 1167 3662 Μ
1188 3618 1246 3663 cf.
1268 3617 1481 3662 Herodot.
1512 3617 1548 3671 I,
1572 3622 1594 3661 7
1701 3620 1753 3661 28
1786 3610 1841 3663 οὗ
1872 3617 2050 3669 seclusi,
2080 3629 2170 3672 quo
2193 3627 2327 3670 argu-

238 3693 375 3736 menti
404 3705 429 3737 e
459 3693 684 3737 contrario
716 3693 780 3736 vis
810 3691 1138 3747 infringebatur
1160 3688 1235 3744 (cf.
1258 3703 1303 3745 p.
1327 3692 1452 3742 234,6
1474 3682 1532 3746 ἣν
1552 3687 1601 3734 δὲ
1632 3684 1689 3734 σὺ
1719 3687 1868 3745 λέγεις
1896 3689 2023 3742 etc.);
2053 3687 2328 3742 sequebatur

238 3764 290 3803 ut
303 3762 392 3819 μὲν
410 3767 514 3808 ante
540 3760 786 3823 Τυνδάρεω
803 3765 1156 3818 transponerem.
1202 3760 1302 3817 μὲν,
1338 3755 1587 3819 Τυνδάρεω
1618 3759 1792 3815 scripsi,
1829 3754 2078 3816 Τυνδάρεω
2107 3757 2196 3814 μὲν
2224 3756 2328 3799 libri
