2684 4140
338 337 444 386 273
1109 329 1316 376 moms
1345 329 1430 374 DE
1461 317 1651 376 emmo

742 628 864 697 (75)
914 625 1171 696 ΠΕΡΙ
1221 623 1423 693 ΤΟΥ
1471 626 2034 698 ΔΑΙΜΟΝΟΣ.

271 849 293 898 1
484 842 638 893 Φασὶ
672 842 805 903 τοὺς
845 839 1204 913 φιλοσόφους
1244 839 1423 910 λέγειν
1462 844 1540 904 ὡς
1579 845 1688 913 ἄρα
1738 837 2021 911 εὐδαίμων
2073 844 2158 916 εἴη
2198 849 2371 912 μόνος
2411 849 2443 897 ὁ
2638 899 2640 902 ,

337 930 532 998 σοφός.
573 955 642 963 —
678 928 747 978 A.
776 930 1037 995 Λέγουσι
1072 930 1194 996 γάρ.
1235 912 1447 998 -Ἀρ’
1494 929 1589 980 οὖν
1627 927 1816 1001 ἀληθῆ
1848 944 1940 981 σοι
1968 928 2197 982 δοκοῦσι
2228 929 2437 999 λέγειν,
2454 943 2594 986 (aem)
2639 962 2643 964 -

333 1040 400 1047 -
438 1013 506 1062 A.
521 1003 760 1088 Ἔμοιγε.
800 1039 871 1048 -
904 1014 976 1064 Τί
1015 1013 1110 1064 οὖν
1150 1005 1274 1079 οὐχὶ
1309 1015 1480 1080 κάμοὶ
1506 1015 1766 1085 ἔφρασας
1802 1016 1902 1085 τὴν
1943 1013 2200 1067 διάνοιαν
2229 1035 2262 1067 α
2275 1008 2443 1080 ’τῶν,·

333 1125 402 1133 -
428 1099 497 1148 A.
531 1087 654 1149 Ἐὰν
691 1099 820 1164 ἐμοὶ
861 1100 927 1148 σὺ
967 1104 1196 1168 πρῶτον
1236 1098 1404 1169 εἴπῃς
1442 1102 1487 1164 ὅ,
1492 1118 1549 1151 τι
1587 1096 1834 1165 νομίζεις
1863 1102 1960 1152 τὸν
1993 1098 2235 1167 δαίμονα
2276 1101 2439 1153 εἶναι.

337 1210 398 1218 -
434 1176 565 1251 Ἐγὼ
604 1185 706 1249 μὲν
744 1185 808 1234 τὸ
847 1190 1084 1252 κρατοῦν
1125 1186 1361 1236 ἑκάστου
1409 1187 1503 1236 και
1549 1178 1692 1236 καθ’
1736 1186 1798 1237 δν
1850 1181 1914 1255 ζῇ
1962 1192 2073 1237 τῶν
2112 1187 2442 1257 ἀνθρώπων
2479 1196 2504 1236 5

335 1271 586 1332 ἕκαστος,
627 1270 839 1335 ὁμοίως
875 1271 978 1335 μὲν
1016 1267 1348 1339 ἐλεύθερος,
1398 1272 1610 1337 ὁμοίως
1649 1268 1709 1322 δὲ
1750 1268 1975 1335 δοῦλος,
2022 1273 2117 1322 καὶ
2165 1269 2443 1335 πλούσιος

333 1356 429 1405 καὶ
465 1357 640 1422 πένης
675 1356 771 1406 καὶ
807 1352 1074 1422 βασιλεὺς
1119 1357 1214 1407 καὶ
1251 1353 1501 1426 ἰδιώτης,
1538 1358 1632 1408 καὶ
1670 1358 1912 1426 πράττει
1951 1358 2056 1407 ὅσα
2097 1358 2165 1408 ἂν
2203 1359 2442 1427 πράττῃ.
2658 1418 2660 1422 y

335 1467 405 1475 —-
440 1441 509 1490 A.
543 1443 724 1490 Τοῦτο
766 1437 825 1491 δὲ
865 1442 924 1491 ἐν
964 1433 1115 1508 αυτῶ
1154 1437 1402 1507 νομίζεις
1440 1441 1588 1493 εἶναι
1625 1459 1692 1509 τα
1743 1442 2057 1511 ἀνθρωπῳ,
2096 1444 2160 1493 τὸ
2198 1450 2584 1512 κρατοῦνίδ2ΟΒ
2652 1449 2656 1465 ³

335 1526 589 1589 ἑκάστου,
631 1525 661 1575 ὃ
702 1523 945 1592 δαίμονα
983 1523 1189 1589 καλεῖς,
1228 1528 1261 1597 ἢ
1302 1524 1519 1590 ἔξωθεν
1557 1522 1659 1596 [ὂν]
1686 1529 1857 1597 ἄρχον
1895 1545 1952 1578 τι
1988 1530 2082 1580 καὶ
2117 1531 2309 1598 κύριον
2347 1535 2451 1579 τοῦ
2634 1518 2639 1521 ’

267 1613 301 1663 2
342 1611 692 1679 ἀνθρωπου,·
732 1640 804 1648 -
828 1603 1047 1679 Ἔγωγε.
1087 1639 1157 1648 -
1194 1614 1263 1664 A.
1295 1596 1434 1679 Ἀρά
1471 1629 1533 1680 γε
1570 1614 1885 1679 ἄνθρωπον
1924 1616 2144 1683 ἕτερον,
2182 1615 2305 1664 ἔστι
2341 1616 2445 1682 γάρ
2486 1622 2533 1665 10

336 1711 449 1745 που
478 1696 793 1765 ἄνθρωπος
824 1698 856 1746 ὁ
879 1699 982 1762 μὲν
1008 1700 1132 1758 ἑνός
1158 1714 1312 1759 τινος
1336 1704 1572 1768 κρατῶν,
1613 1700 1644 1748 ὁ
1671 1697 1729 1749 δὲ
1758 1696 2002 1762 πολλῶν,
2040 1700 2135 1749 καὶ
2161 1700 2310 1766 αγων
2337 1701 2450 1768 ὅπῃ

335 1798 396 1832 τε
432 1782 527 1832 καὶ
564 1784 722 1843 ὅπως
771 1777 941 1844 αυτὸς
978 1780 1245 1850 βούλεται
1271 1785 1400 1853 ἤτοι
1427 1784 1644 1834 πειθοῖ
1671 1785 1703 1853 ἢ
1744 1784 1843 1851 βίᾳ
1879 1774 1914 1853 ἢ
1950 1784 2045 1834 καὶ
2083 1785 2449 1854 ἀμφοτέροις.

339 1864 478 1934 λέγω
531 1864 590 1918 δὲ
644 1860 807 1919 οὐδὲν
849 1870 1170 1936 ἄγνωστον,
1224 1867 1366 1920 ἀλλὰ
1415 1871 1547 1931 τούς
1583 1886 1643 1920 τε
1683 1867 2075 1939 δημαγωγούς,
2127 1869 2213 1930 οἷς
2261 1872 2450 1920 πάντα

338 1954 650 2005 πείθονται
689 1956 751 2004 αἱ
788 1952 992 2016 πόλεις
1029 1956 1124 2005 καὶ
1160 1957 1320 2017 ὅπως
1359 1956 1427 2006 ἂν
1465 1958 1670 2006 ἐκεῖνοι
1717 1951 2027 2024 ἐξηγῶνται
2073 1956 2168 2005 καὶ
2209 1956 2449 2022 συμβου-

338 2036 592 2103 λεύωσιν,
634 2041 779 2090 οὕτω
821 2042 1189 2108 πράττουσιν,
1229 2042 1327 2091 ἐάν
1363 2058 1423 2091 τε
1450 2037 1723 2106 πολεμεῖν
1752 2037 2209 2107 συμβουλεύωσιν
2249 2042 2346 2091 ἐάν
2384 2058 2444 2091 τε
2486 2048 2533 2089 15

334 2126 559 2195 εἰρήνην
598 2126 753 2193 ἄγειν
792 2127 890 2176 ἐάν
928 2143 988 2176 τε
1038 2127 1190 2195 τείχη
1245 2123 1684 2192 οἰκοδομεῖσθαι
1732 2127 1830 2176 ἐάν
1878 2143 1938 2176 τε
1987 2127 2237 2195 τριήρεις
2279 2143 2450 2177 κατα-

339 2205 716 2271 σκευάζεσθαι
754 2211 852 2261 ἑάν
890 2228 951 2261 τε
989 2211 1205 2273 θυσίας
1244 2212 1410 2262 θύειν
1448 2213 1545 2262 ἐάν
1583 2228 1643 2261 τε
1669 2208 1958 2278 ἐκβάλλειν
1996 2211 2156 2272 τινὰς
2197 2212 2442 2282 αὐτῶνῆ

331 2295 591 2364 χρήματα
631 2295 1023 2365 ἀφαιρεῖσθαι
1058 2297 1091 2366 ἢ
1130 2298 1225 2347 καὶ
1262 2297 1685 2367 ἀποσφάττειν·
1731 2297 1826 2347 καὶ
1872 2297 2004 2358 τοὺς
2040 2294 2314 2363 βασιλέας
2349 2300 2445 2349 καὶ

336 2380 469 2440 τοὺς
506 2381 835 2448 τυράννους,
891 2383 1103 2447 ὁμοίως
1143 2380 1201 2432 δὲ
1240 2384 1335 2433 καὶ
1370 2383 1501 2443 τούς
1541 2379 1825 2443 δεσπότας
1862 2387 1973 2433 τῶν
2014 2383 2270 2446 οἰκετῶν,
2322 2385 2450 2434 ὅσοι

269 2471 302 2522 3
345 2452 608 2534 ἀργύριον
644 2463 1057 2533 καταβαλόντες
1092 2468 1125 2537 ἢ
1166 2464 1315 2534 ἄλλῳ
1357 2485 1433 2534 τῳ
1474 2469 1668 2537 τρόπῳ
1719 2468 2013 2537 κέκτηνταί
2057 2478 2211 2517 τινα·
2263 2468 2339 2529 ὡς
2378 2469 2445 2518 ἂν
2483 2472 2532 2514 20

339 2551 390 2600 εἰ
414 2552 745 2621 Λυκοῦργόν
785 2569 846 2603 τε
874 2550 1351 2618 Λακεδαιμονίων
1380 2550 1620 2618 δαίμονα
1647 2550 1842 2614 καλοῖς
1869 2551 2099 2617 (ἐκείνου
2137 2553 2240 2621 γὰρ
2267 2550 2451 2603 κελεύ-

340 2648 543 2697 σαντος
591 2637 676 2687 ἔτι
714 2643 808 2688 νῦν
860 2643 1268 2705 μαστιγοῦνται
1304 2635 1761 2704 Λακεδαιμόνιοι
1811 2639 1906 2688 καὶ
1955 2635 2311 2708 θυραυλοῦσι
2356 2639 2452 2690 καὶ

336 2724 743 2791 γυμνητεύουσι
779 2723 874 2773 καὶ
911 2720 1053 2774 ἄλλα
1093 2721 1278 2773 πολλὰ
1315 2725 1410 2774 καὶ
1441 2720 1665 2788 χαλεπά
1693 2720 1933 2786 δόξαντα
1973 2724 2040 2774 ἂν
2074 2726 2289 2792 ἑτέροις
2328 2723 2450 2774 ἀνέ-

332 2805 552 2872 χονται)
591 2809 685 2858 καὶ
721 2808 1144 2876 Πεισίστρατον
1176 2801 1503 2877 Ἀθηναίων
1540 2804 1710 2875 <τῶν>
1747 2811 2040 2877 πρότερον.
2121 2806 2300 2858 οἶσθα
2339 2808 2443 2877 γὰρ

342 2889 526 2962 δήπου
566 2894 655 2943 ὅτι
691 2893 1115 2963 Πεισιστράτου
1155 2899 1612 2963 προστατοῦντος
1648 2895 1742 2944 καὶ
1780 2895 2048 2963 ἄρχοντος
2086 2893 2168 2954 εἰς
2204 2895 2306 2958 μὲν
2344 2895 2444 2963 τὴν
2479 2900 2529 2941 25

339 2975 510 3029 πόλιν
550 2979 612 3028 οὐ
650 2973 931 3047 κατῄεσαν
972 2981 1003 3029 ὁ
1042 2977 1244 3050 δῆμος,
1295 2981 1354 3031 ἐν
1395 2977 1453 3030 δὲ
1492 2986 1561 3048 τῇ
1593 2981 1750 3048 χώρᾳ
1793 2976 2176 3047 διατρίβοντες
2213 2979 2647 3047 γεωργοὶ(521ΒΠ

339 3065 649 3131 ἐγίγνοντο·
699 3065 794 3115 καὶ
832 3065 932 3134 τὴν
965 3056 1247 3135 Ἀττικήν,
1289 3067 1566 3134 πρότερον
1605 3061 1781 3134 ψιλὴν
1818 3065 1913 3114 καὶ
1950 3060 2218 3133 ἄδενδρον
2257 3062 2446 3126 οὖσαν,
2660 3091 2665 3097 ,

483 3248 506 3286 7
539 3240 739 3304 πράττει
769 3258 851 3303 pro
884 3242 1073 3307 πράττῃ
1104 3247 1154 3289 Μ
1273 3247 1520 3305 8νομίζης
1549 3245 1589 3291 U
1707 3248 1733 3288 9
1765 3241 1943 3300 εξωθεν
1970 3248 2030 3299 (ω
2061 3258 2089 3290 a
2119 3248 2260 3300 corr.)
2291 3245 2334 3290 U

335 3311 401 3362 ὅν
430 3315 608 3369 seclusi,
638 3328 744 3360 nam
774 3313 896 3364 εἶναι
928 3317 1228 3375 supplendum
1259 3321 1329 3363 est
1358 3330 1414 3362 ex
1443 3317 1814 3362 antecedentibus
1995 3313 2150 3376 ἄρχον
2188 3333 2234 3363 τι
2265 3315 2446 3372 scripsi,
2653 3101 2666 3447 ¹

340 3382 557 3445 ἄρχοντα
585 3386 712 3440 libri,
743 3385 898 3448 ἀρχον
932 3405 984 3435 τε
1013 3389 1226 3434 Reiskius
1380 3392 1428 3432 10
1458 3387 1608 3432 malim
1639 3381 1916 3448 ἀνθρώπων
2092 3392 2140 3433 11
2174 3384 2283 3442 ἑνός
2317 3403 2448 3441 τινος
2680 3403 2684 3439 ι

338 3456 565 3511 ReiskiuS‚
595 3474 725 3511 τινος
756 3455 865 3513 ενός
895 3457 1010 3513 M,‘
990 3457 1101 3515 ενός
1130 3473 1218 3506 om.
1250 3460 1329 3505 UB
1473 3463 1523 3503 13
1555 3455 1641 3513 τός
1671 3476 1723 3505 τε
1752 3459 1794 3505 U
1941 3462 1994 3503 14
2023 3460 2251 3506 πίθονται
2285 3457 2334 3500 M

342 3527 546 3583 ἐκείνοις
575 3529 762 3584 UBMT,
794 3543 914 3575 corr.
945 3532 1054 3576 editi
1191 3526 1566 3591 συμβουλεύουσι
1596 3530 1684 3575 ΒΜ
1717 3526 2143 3588 σνμβασιλεύουσιν
2171 3528 2212 3573 U
2244 3532 2451 3587 συμβου-

343 3597 543 3648 λεύωσιν
563 3601 602 3645 Τ
693 3604 742 3644 15
769 3593 923 3655 οὕτως
942 3602 984 3647 U
1075 3607 1124 3647 17
1156 3597 1319 3650 οἰστῶν
1338 3615 1422 3659 pro
1445 3595 1605 3648 αὐτῶν
1625 3601 1878 3646 Meinekius
1971 3605 2021 3646 18
2044 3602 2322 3659 φαιρεῖσθαι
2340 3598 2391 3659 Μ

343 3674 398 3715 20
429 3671 818 3729 καταβάλλοντες
851 3672 997 3730 UBM,
1028 3686 1145 3719 corr.
1178 3673 1216 3718 Τ
1304 3670 1460 3726 ἄλλως
1489 3672 1540 3717 Μ
1628 3676 1678 3716 21
1713 3672 1756 3719 εἰ
1784 3685 1870 3717 om.
1895 3671 1947 3715 M
2032 3687 2085 3717 τε
2114 3670 2163 3714 Μ
2189 3685 2246 3728 γε
2278 3669 2361 3714 UB

345 3745 401 3786 24
431 3744 750 3802 πισίστρατον
780 3743 831 3787 Μ
947 3747 1046 3790 τῶν
1073 3744 1176 3790 add.
1199 3744 1415 3789 Reiskius
1532 3746 1586 3788 25
1617 3739 1932 3802 πισιστράτου
1951 3741 2002 3786 Μ
2117 3741 2448 3801 προστατοῦν-

343 3830 428 3868 τος
456 3812 725 3868 Meinekius,
757 3812 1156 3876 προστάττοντος
1185 3815 1290 3860 libri
1407 3820 1458 3860 27
1493 3812 1739 3874 ἐγείνοντο
1771 3813 1822 3857 Μ
