2684 4140
435 251 500 300 58
677 185 683 194 ,
1097 229 1299 278 DIONIS
1327 227 1410 271 AD
1439 222 1804 271 APAMENSES

363 395 395 445 2
431 388 770 458 ἐπιδημῆσαι
818 380 959 448 πρὸς
1004 376 1216 434 αὑτούς.
1308 371 1400 420 καὶ
1447 367 1585 427 ἴσως
1634 359 1793 416 οὐδὲν
1832 368 2080 416 ἐποιεῖτε
2120 365 2484 428 θαυμαστόν·

425 465 488 524 οὗ
520 471 621 538 γὰρ
657 469 824 533 μόνον
862 463 923 512 αἱ
958 458 1156 510 λοιπαὶ
1192 452 1413 515 πόλεις,
1463 448 1603 501 ἀλλὰ
1650 451 1742 500 καὶ
1790 455 1899 499 τῶν
1947 449 2219 513 ἰσοτίμων
2258 450 2386 514 ὑμῖν
2427 450 2487 499 αἱ

422 552 681 604 πλεῖσται
719 543 935 611 σχεδόν,
973 545 1116 592 ὅπου
1153 541 1375 606 γέγονα,
1413 536 1506 586 καὶ
1544 531 1837 594 πολιτείας
1873 534 1966 584 καὶ
2002 529 2207 603 βουλῆς
2243 535 2337 584 καὶ
2374 539 2484 584 τῶν

419 637 653 703 πρώτων
700 635 874 695 τιμῶν
930 624 1087 677 οὐδὲν
1146 621 1386 688 δεομένῳ
1443 617 1784 685 μετέδωκαν,
1846 619 1941 668 οὐκ
1995 615 2257 688 ἀνωφελῆ
2318 631 2486 688 σφισι

416 714 726 783 νομίζοντες
752 710 876 763 οὐδὲ
904 707 1130 773 ἀνάξιον
1156 706 1451 773 τιμᾶσθαι.
1515 706 1578 755 τὸ
1620 702 1677 755 δὲ
1706 706 1968 773 ὑμέτερον
2002 704 2098 753 οὐκ
2124 704 2278 754 ἔστιν
2316 701 2478 754 ἀλλό-
2515 712 2539 752 5

412 816 590 869 τριον,
639 790 763 847 ἀλλ’
807 796 882 856 ὡς
919 795 986 844 ἂν
1024 793 1211 860 εὐνοίᾳ
1259 792 1351 841 καὶ
1395 791 1585 858 χάριτι
1625 786 1901 857 πατρίδος
1951 790 2204 858 τιμώσης
2242 785 2482 857 πολίτην
2507 799 2585 841 (499
2606 799 2672 848 Μ),

412 886 590 953 αὐτῆς.
664 883 726 931 τὸ
766 878 824 931 δὲ
863 878 1010 929 εἶναί
1043 894 1215 938 τινας,
1255 877 1332 936 ὡς
1370 875 1437 925 ἂν
1463 876 1522 925 ἐν
1550 871 1721 944 δήμῳ,
1762 879 1872 924 τῶν
1899 870 2108 924 ἐνθάδε
2135 875 2262 939 ἐμοὶ
2290 871 2483 938 σχεδὸν

409 969 480 1038 μή
534 963 751 1036 σφόδρα
799 961 1102 1033 ἡδομένους
1153 954 1250 1011 οὐκ
1299 961 1365 1011 ἂν
1414 960 1782 1025 θαυμάσαιμι
1829 956 1923 1009 διὰ
1973 960 2071 1028 τήν
2111 964 2221 1009 τῶν
2261 955 2484 1009 πόλεων

411 1049 749 1123 φιλοτιμίαν.
845 1048 1030 1098 καίτοι
1077 1047 1391 1111 ἐπίσταμαι
1448 1050 1647 1115 σαφῶς
1705 1037 1833 1094 οὐδὲ
1891 1045 2022 1105 τούς
2072 1045 2194 1095 ἐκεῖ
2243 1041 2484 1105 πολίτας

415 1138 666 1196 ἅπαντας
705 1134 904 1202 ἀρέσαι
944 1129 1272 1197 δυνάμενος,
1327 1123 1454 1180 ἀλλ’
1500 1131 1683 1191 ἐνίους
1722 1122 1800 1180 δι’
1845 1120 1980 1180 αὐτὸ
2032 1136 2197 1180 τοῦτο
2248 1130 2494 1196 ἀχθομέ-
2533 1136 2578 1178 10

345 1223 374 1274 3
412 1237 538 1281 νους
574 1221 660 1270 ὅτι
699 1215 821 1268 λίαν
861 1214 1003 1267 δοκῶ
1046 1213 1354 1286 φιλόπολις
1389 1217 1483 1266 καὶ
1521 1215 1838 1285 πρόθυμος.
1907 1211 2001 1265 δεῖ
2032 1212 2090 1265 δὲ
2129 1216 2225 1265 τόν
2264 1217 2485 1285 ἐπιεικῆ

407 1306 499 1356 καὶ
533 1308 756 1373 μέτριον
794 1299 967 1370 ἄνδρα
1006 1301 1099 1352 καὶ
1135 1302 1341 1370 ταύτην
1380 1304 1644 1370 παρέχειν
1684 1302 1781 1371 τὴν
1820 1297 2081 1362 ἐξουσίαν
2120 1304 2241 1362 τοῖς
2287 1304 2491 1351 ἑαυτοῦ

409 1387 683 1450 πολίταις.
756 1389 818 1438 τὸ
857 1387 958 1455 γὰρ
997 1383 1208 1456 μηδένα
1247 1388 1306 1437 ἐν
1344 1383 1511 1437 πόλει
1546 1387 1684 1456 μήτε
1724 1383 2029 1453 ἀντιλέγειν
2057 1386 2140 1436 ἑνὶ
2174 1387 2312 1455 μήτε
2350 1389 2487 1451 μέμ-

411 1475 626 1544 φεσθαι
662 1474 760 1523 κᾶν
799 1474 1020 1522 ἅπαντα
1062 1472 1338 1541 φαίνηται
1379 1477 1562 1522 ποιῶν
1599 1469 1797 1534 καλῶς,
1842 1465 1902 1521 οὐ
1936 1469 2125 1541 δήμων
2163 1472 2315 1522 ἐστὶν
2357 1464 2485 1521 οὐδὲ

407 1562 662 1621 ἐπιεικές,
702 1555 838 1607 ἀλλὰ
875 1554 1087 1622 μᾶλλον
1127 1554 1291 1626 φιλεῖ
1312 1558 1375 1606 τὸ
1403 1563 1660 1607 τοιοῦτον
1690 1557 2015 1623 συμβαίνειν
2041 1560 2162 1619 τοῖς
2188 1558 2480 1625 τυράννοις
2520 1562 2566 1605 15

404 1645 435 1713 ἢ
475 1648 593 1704 τοῖς
643 1634 969 1712 εὐεργέταις.
1055 1644 1105 1693 εἰ
1156 1642 1250 1692 οὖν
1290 1643 1405 1693 εἰσί
1440 1659 1588 1703 τινες
1626 1644 1771 1711 πρὸς
1809 1644 1906 1708 ἐμὲ
1948 1640 2230 1704 δυσκόλως
2270 1640 2486 1703 ,διακεί-

404 1745 588 1794 μενοι,
639 1730 859 1789 τούτοις
906 1724 1150 1793 μάλιστα
1202 1728 1469 1777 πιστεύω.
1560 1724 1726 1798 δῆλον
1777 1728 1880 1796 γάρ
1933 1729 2009 1788 ὡς
2059 1723 2379 1793 νομίζοντές
2417 1744 2486 1792 με

406 1814 621 1880 ἀγαπᾶν
669 1815 765 1883 τὴν
814 1814 1056 1878 ἐμαυτοῦ
1103 1809 1351 1880 πατρίδα
1402 1812 1496 1862 καὶ
1545 1813 1731 1861 πάντα
1780 1814 1994 1881 τρόπον
2061 1810 2247 1875 αὔξειν
2309 1813 2487 1873 οὕτως

406 1898 637 1962 ἔχουσιν.
725 1898 820 1948 ἐὰν
871 1897 964 1948 οὖν
1014 1897 1339 1947 πεισθῶσιν
1389 1898 1477 1947 ὅτι
1525 1897 1619 1947 καὶ
1667 1898 1871 1966 ταύτην
1921 1900 2164 1967 ἡγοῦμαι
2214 1894 2483 1966 πατρίδα,

404 1984 496 2033 καὶ
522 1985 786 2051 πράττειν
811 1984 951 2049 ὑπὲρ
982 1975 1150 2052 αἰτῇς
1188 1984 1294 2044 ὅ,τι
1332 1982 1398 2031 ἂν
1439 1979 1692 2047 δύνωμαι
1734 1982 2037 2049 πρόθυμός
2076 1984 2222 2049 εἰμι,
2270 1980 2484 2052 ῥᾳδίως
2519 1989 2567 2031 20

342 2069 373 2116 4
411 2065 849 2133 μεταβαλοῦνται
884 2069 976 2118 καὶ
1013 2068 1372 2137 ἀγαπήσουσί
1417 2084 1486 2133 με
1536 2071 1657 2128 τοῖς
1705 2064 1900 2129 ἄλλοις
1950 2069 2175 2134 ὁμοίως.
2270 2071 2333 2119 τὸ
2384 2071 2486 2135 μὲν

411 2151 502 2202 οὖν
543 2150 724 2222 φιλεῖν
762 2155 858 2223 τὴν
898 2150 1142 2222 πατρίδα
1180 2150 1426 2218 μάλιστα
1466 2154 1695 2203 πάντων
1736 2143 1834 2203 οὐκ
1872 2150 2102 2221 ἔξαρνός
2144 2155 2276 2219 εἰμι.
2349 2170 2484 2205 πυν-

408 2238 659 2302 θάνομαι
701 2236 758 2288 δὲ
799 2231 1009 2302 αὐτῶν,
1060 2241 1110 2289 εἰ
1146 2245 1310 2289 τοῦτο
1351 2236 1546 2289 ἀδίκου
1586 2234 1910 2304 νομίζουσιν
1961 2237 2163 2308 ἀνδρὸς
2209 2238 2356 2291 εἶναι
2393 2242 2486 2291 καὶ

407 2323 726 2392 μοχθηροῦ,
787 2325 880 2374 καὶ
935 2321 1169 2393 πολίτην
1226 2330 1483 2374 τοιοῦτον
1542 2315 1637 2374 οὐκ
1695 2325 1762 2375 ἂν
1819 2322 2076 2376 ἐθέλοιεν
2133 2324 2279 2376 εἶναι
2336 2318 2478 2394 παρ’
2507 2338 2678 2379 (181R11

411 2408 613 2468 αὐτοῖς.
689 2399 880 2459 οὐκοῦν
918 2406 1128 2472 ἔξεστιν
1166 2410 1294 2474 ὑμῖν
1333 2410 1476 2475 ἔχειν
1525 2411 1664 2475 κάμὲ
1706 2407 1944 2479 πολίτην
1994 2411 2339 2471 ἀνυπόπτως
2387 2411 2480 2461 καὶ
2515 2419 2564 2461 25

410 2497 518 2542 τῶν
556 2489 735 2543 ἄλλων
774 2496 901 2555 τούς
938 2492 1274 2560 βελτίστους.
1361 2496 1454 2546 καὶ
1492 2496 1679 2546 τοίνυν
1729 2488 1808 2546 δι’
1854 2488 1990 2546 αὐτό
2037 2512 2138 2562 μοι
2185 2501 2350 2546 τοῦτο
2392 2511 2485 2546 πι-

414 2579 658 2627 στεύοιτε
697 2579 762 2628 ἀν
803 2576 1159 2648 δικαιότερον.
1223 2583 1380 2641 ὅστις
1407 2582 1507 2645 μὲν
1545 2581 1647 2647 γὰρ
1677 2582 1948 2648 ἀγνώμων
1989 2583 2121 2650 περὶ
2147 2581 2277 2641 τοὺς
2319 2582 2487 2650 φύσει

410 2665 627 2727 γονέας,
687 2656 782 2713 οὐκ
831 2665 895 2714 ἂν
943 2668 1156 2731 γένοιτο
1208 2668 1364 2727 ὅσιος
1416 2658 1544 2716 οὐδὲ
1597 2668 1743 2735 πρὸς
1792 2668 1923 2727 τούς
1971 2667 2249 2732 θεμένους
2301 2658 2486 2716 αὐτόν.

344 2745 375 2793 5
415 2747 445 2795 ό
486 2743 542 2796 δὲ
580 2748 708 2808 τοὺς
745 2750 1109 2818 γεννήσαντας
1148 2751 1381 2817 ἀγαπῶν
1422 2742 1691 2801 οὐδέποτ’
1735 2752 1802 2801 ἂν
1841 2748 2138 2821 ἀμελήσειε
2165 2757 2276 2801 τῶν
2297 2752 2488 2819 χάριτι

407 2835 610 2896 γονέων
648 2837 965 2900 γενομένων.
1053 2837 1115 2886 τὸ
1153 2837 1253 2901 μὲν
1304 2836 1406 2905 γὰρ
1446 2843 1544 2906 τῆς
1585 2838 1809 2906 φύσεως
1849 2829 2166 2902 αὐτόματόν
2215 2837 2364 2898 ἐστι,
2416 2836 2478 2885 τὸ
2519 2851 2568 2893 30

411 2912 467 2964 δὲ
514 2923 610 2985 τῆς
653 2920 880 2986 χάριτος
918 2921 1184 2971 ἑκούσιον.
1272 2922 1388 2986 εἰμὶ
1433 2922 1535 2986 μὲν
1575 2920 1669 2971 οὖν
1712 2918 1951 2990 πολίτης
2001 2924 2303 2990 ἑκατέρων·
2356 2914 2482 2970 ἀλλ’

409 3000 636 3062 ἐκείνοις
689 3004 787 3067 μὲν
837 2996 899 3053 οὗ
950 3001 1041 3055 δεῖ
1079 3022 1147 3070 με
1198 3007 1329 3074 περὶ
1377 3007 1577 3055 τούτου
1621 3008 1785 3075 χάριν
1837 3004 2074 3068 εἰδέναι,
2132 3007 2271 3070 ὑμᾶς
2311 3003 2368 3055 δὲ
2411 3006 2487 3066 ὡς

412 3074 692 3152 εὐεργέτας
730 3088 1070 3154 ἀμείβεσθαι
1109 3087 1339 3141 δίκαιον.
1419 3088 1512 3141 διὰ
1550 3091 1652 3159 γὰρ
1692 3092 1790 3161 τὴν
1829 3092 2098 3159 ὑμετέραν
2138 3092 2358 3141 εὔνοιαν
2395 3091 2489 3140 καὶ

553 3319 572 3358 1
608 3313 775 3370 αὐτοὺς
803 3319 934 3364 UMT
1077 3327 1101 3366 4
1133 3319 1354 3384 ἀνωφελῆ
1385 3326 1519 3384 σφίσι
1549 3325 1726 3372 Selden.
1759 3322 2004 3386 ἀνωφελῆς
2035 3329 2149 3386 φησὶ
2180 3326 2228 3370 Μ
2261 3321 2487 3383 ἀνωφελῆ

415 3387 525 3442 φησὶ
544 3385 664 3431 UBT
743 3392 766 3431 5
797 3384 892 3434 ἔστι
913 3390 999 3435 ΒΜ
1091 3396 1116 3436 6
1147 3396 1378 3452 πατρίδος
1398 3400 1502 3440 ante
1524 3390 1687 3460 εὐνοίᾳ
1714 3396 1873 3441 melius
1904 3397 2206 3443 collocaretur
2287 3401 2311 3440 7
2344 3391 2489 3454 αὐτῆς

413 3453 530 3509 libri,
561 3467 675 3500 corr.
707 3456 835 3514 Emp.
952 3463 1002 3503 10
1033 3455 1332 3519 ἀχθομένους
1363 3466 1401 3509 Τ
1433 3463 1706 3525 ἀχθόμενος
1738 3467 1869 3513 BMU
1898 3482 1954 3512 m.
1985 3482 2055 3525 pr.
2168 3473 2214 3513 11
2249 3463 2334 3528 τὴν
2364 3467 2401 3511 Τ

415 3527 467 3567 14
497 3526 690 3583 φαίνητε
712 3527 747 3570 Β
859 3526 1007 3587 δῆμόν
1035 3529 1162 3578 ἐστιν
1183 3534 1243 3588 Μ,
1275 3536 1393 3580 unde
1411 3533 1588 3594 <κατὰ>
1617 3533 1768 3595 δῆμόν
1796 3537 1926 3585 ἐστιν
1954 3539 2061 3584 Wil.
2094 3540 2198 3584 dub.
2308 3542 2359 3582 15
2390 3553 2488 3583 τοι·

413 3595 646 3664 osrco-BM
759 3600 811 3641 23
843 3593 957 3645 αὐτὸ
989 3600 1107 3646 UBT
1138 3607 1234 3660 (pro
1267 3601 1439 3661 αὐτῶν)
1527 3611 1580 3653 25
1612 3603 1774 3662 αὐτοῖς
1803 3609 1845 3654 U
1932 3613 1985 3653 29
2017 3604 2240 3670 ἀμελήσει
2270 3607 2324 3655 ἐκ
2354 3608 2403 3652 Μ

413 3666 461 3707 31
498 3665 581 3712 οὐν
611 3678 696 3711 om.
728 3665 776 3709 M
889 3671 940 3712 33
972 3667 1042 3717 διὰ
1073 3669 1165 3731 γὰρ
1194 3674 1358 3721 Reiske
1389 3690 1444 3722 ex
1477 3678 1681 3736 interpr„
1713 3678 1786 3726 διὰ
1819 3681 1866 3726 δὲ
1897 3680 1998 3725 libri
