2684 4140
1077 257 1307 305 ORATIO
1335 257 1453 302 LXI.
2201 258 2299 305 141

219 408 312 458 καὶ
347 405 520 457 ταῦτα
560 409 650 457 ὅτε
687 402 932 471 μάλιστα
959 405 1081 474 ἤρα.
1145 400 1207 455 τὸ
1236 404 1337 472 γὰρ
1368 405 1545 464 οὕτως
1583 401 1870 454 ἀπελάσαι
1907 399 2004 455 τὸν
2032 398 2301 474 [Χρύσην]

221 496 438 560 πατέρα
477 498 574 562 τῆς
611 493 891 560 ἐρωμένης
926 491 1019 540 καὶ
1054 486 1128 559 μὴ
1171 490 1493 559 φείσασθαι
1533 482 1609 539 δι’
1656 482 1825 559 αὐτὴν
1872 491 1967 540 καὶ
2011 483 2108 554 οὐχ
2146 491 2303 550 ὅπως

221 576 763 646 παραμυθήσασθαι
799 572 895 626 τὸν
935 575 1251 644 πρεσβύτην
1290 568 1524 624 εἰπόντα
1565 575 1641 635 ὡς
1681 567 1839 625 οὐδὲν
1878 567 2048 624 αὐτοῦ
2091 581 2160 644 τῇ
2197 575 2301 624 θυ-

218 663 379 730 γατρὶ
417 657 599 712 δεινὸν
639 660 755 730 εἴη,
805 653 1129 711 τούναντίον
1179 657 1237 710 δὲ
1275 656 1349 729 μὴ
1388 655 1559 724 μόνον
1598 661 1785 726 ἐκείνῳ
1827 656 2109 721 ἀπειλεῖν,
2161 657 2301 709 ἀλλὰ

162 755 187 794 5
222 748 316 797 καὶ
351 742 448 815 τὴν
486 743 783 815 Χρυσηίδα
822 741 1110 808 ἀτιμάζειν
1150 742 1394 812 λέγοντα,

428 826 526 900 τὴν
566 825 618 881 δ’
661 832 766 898 ἐγὼ
809 823 872 880 οὐ
914 828 1060 880 λύσω
1102 831 1236 898 πρίν
1272 847 1369 894 μιν
1405 831 1498 880 καὶ
1534 836 1706 899 γῆρας
1744 830 1965 879 ἔπεισιν

427 920 674 986 ἡμετέρῳ
716 917 798 966 ἐνὶ
837 914 967 982 οἴκῳ
1007 916 1065 965 ἐν
1094 908 1307 983 Ἄργεϊ,
1346 912 1556 983 τηλόθι
1594 916 1836 982 πάτρης,

413 996 590 1051 ’ἱστὸν
628 1002 998 1069 ἐποιχομένην
1034 1001 1127 1050 καὶ
1164 995 1300 1064 ἐμὸν
1340 997 1496 1063 λέχος
1534 995 1878 1060 ἀντιόωσαν,

216 1080 402 1154 πόσης
438 1082 591 1146 τινὸς
627 1086 1052 1155 ὑπερηφανίας,·
1088 1085 1146 1133 τί
1181 1084 1284 1152 γὰρ
1324 1084 1391 1133 ἂν
1429 1084 1661 1150 ὕστερον
1699 1084 1985 1151 ἐποίησεν,
2028 1077 2120 1133 ὅτε
2159 1085 2299 1151 ἐρῶν

137 1177 182 1217 10
220 1170 396 1231 οὕτως
431 1172 574 1239 ὑπὲρ
614 1161 782 1240 αὐτῆς
809 1167 1154 1235 διαλέγεται,·
1190 1166 1364 1217 ταῦτα
1394 1167 1488 1217 οὖν
1518 1165 1889 1236 φυλάξασθαι
1912 1170 2006 1218 καὶ
2042 1166 2300 1236 προϊδεῖν
2360 1199 2362 1201 >

214 1251 472 1319 οὐδαμῶς
499 1251 716 1324 φαύλης
740 1256 1011 1321 γυναικός.
1075 1250 1324 1322 ἐδήλωσε
1351 1250 1409 1302 δὲ
1439 1251 1600 1317 οἶμαι
1637 1253 1705 1302 τὰ
1747 1254 1880 1321 περὶ
1910 1255 2008 1323 τὴν
2036 1255 2298 1304 Κασσάν-
2324 1260 2386 1307 15

212 1335 347 1405 δραν
384 1340 648 1404 γενόμενα
687 1338 745 1387 ἐν
782 1335 861 1404 τῷ
891 1330 1079 1406 ’Ἀργει
1115 1339 1209 1388 καὶ
1245 1339 1342 1388 τὸν
1376 1330 1760 1404 Ἀγαμέμνονα
1802 1339 1997 1401 αὐτόν,
2047 1341 2135 1389 ὅτι
2173 1346 2300 1389 νοῦν

211 1420 353 1486 εἶχεν
390 1426 421 1491 η
461 1423 715 1490 Χρυσηὶς
765 1423 1047 1491 ῥυσαμένη
1089 1427 1200 1472 τῶν
1237 1428 1418 1472 κακῶν
1457 1425 1671 1473 τούτων
1711 1424 1926 1493 ἑαυτήν.
2005 1424 2200 1474 οὐκοῦν
2238 1427 2301 1473 τὸ

208 1508 348 1575 μήτε
385 1507 553 1573 ἔρωτι
589 1507 728 1575 μήτε
765 1504 1030 1575 βασιλείᾳ
1067 1508 1206 1577 μήτε
1255 1511 1377 1569 τοῖς
1427 1505 1686 1560 δοκοῦσιν
1736 1506 1987 1572 ἐνδόξοις
2038 1510 2132 1559 καὶ
2170 1510 2302 1576 ἀγα-

132 1599 179 1640 15
215 1591 351 1652 θοῖς
388 1595 516 1642 νέαν
566 1591 737 1642 οὖσαν
782 1588 1196 1661 (ἐπαίρεσθαι)
1241 1586 1378 1662 μηδ’
1421 1595 1503 1655 εἰς
1553 1596 1855 1663 πράγματα
1907 1592 2162 1664 σφαλερὰ
2210 1597 2304 1646 καὶ

206 1681 613 1746 τεταραγμένην
641 1678 821 1728 οἰκίαν
847 1679 940 1729 καὶ
965 1679 1048 1739 εἰς
1076 1679 1299 1748 φθόνον
1323 1680 1416 1729 καὶ
1443 1674 1785 1748 ζηλοτυπίαν
1813 1680 1982 1750 αὐτὴν
2005 1681 2300 1748 προέσθαι

206 1763 463 1826 γυναικὸς
503 1764 798 1832 σώφρονος
834 1765 928 1814 καὶ
963 1762 1044 1830 τῷ
1070 1764 1189 1814 ὄντι
1215 1761 1378 1826 ἀξίας
1407 1765 1599 1833 ἱερέως
1626 1763 1773 1815 εἶναι
1799 1766 2101 1834 θυγατρός,
2142 1766 2298 1834 παρὰ

206 1843 327 1911 θεῷ
366 1847 776 1916 τεθραμμένης.
817 1875 885 1884 ——
928 1849 1000 1898 Τί
1038 1848 1164 1910 οὖν,·
1202 1850 1262 1898 ἐκ
1299 1851 1512 1900 τούτων
1554 1851 1619 1899 σύ
1650 1846 1762 1920 φῂς
1789 1857 1917 1901 νοῦν
1945 1852 2090 1915 ἔχειν
2131 1852 2300 1920 αὐτὴν

205 1932 535 2000 ἡγήσασθαι
571 1935 668 1982 τὸν
700 1931 1113 2000 Ἀγαμέμνονα,·
1161 1962 1232 1968 --
1267 1935 1335 1984 A.
1382 1932 1684 1999 Οὐδαμῶς·
1738 1933 1864 1986 οὐδὲ
1903 1937 2005 2004 γὰρ
2046 1938 2194 1997 εἰκὸς
2231 1935 2296 2006 ἦν
2323 1941 2384 1991 16

130 2021 177 2062 20
215 2011 392 2081 λέγειν
431 2017 599 2085 αὐτὴν
649 2023 905 2068 τοιοῦτον
946 2016 1105 2069 οὐδὲν
1144 2021 1289 2086 πρὸς
1339 2021 1576 2069 ἐκεῖνον·
1627 2014 1753 2070 ἀλλ’
1810 2022 1926 2071 ἀπὸ
1967 2027 2077 2073 τῶν
2117 2020 2300 2073 ἄλλων

38 2093 189 2177 (ᾕξῆζ
215 2103 475 2151 συνεῖναι.
504 2129 574 2135 —
597 2102 735 2162 Πῶς
776 2102 870 2153 οὖν
910 2103 976 2152 ού
1002 2118 1146 2173 φησι
1167 2105 1476 2173 χαίρουσαν
1516 2106 1684 2174 αὐτὴν
1713 2107 1744 2155 ό
1769 2108 2012 2176 ποιητὴς
2049 2107 2300 2170 ἀπιέναι,

206 2185 472 2253 καθάπερ
510 2187 609 2255 τὴν
646 2185 927 2257 Βρισηίδα
969 2185 1320 2258 λυπουμένην
1331 2208 1350 2251 ,·
1387 2218 1459 2225 -—-
1494 2191 1562 2240 A.
1579 2183 1703 2240 (Ότι
1739 2192 1832 2241 καὶ
1869 2198 2034 2241 τοῦτο
2077 2205 2300 2262 σωφρο-

206 2275 377 2319 νοῦσα
417 2270 720 2339 ἔπραττεν,
773 2275 931 2334 ὅπως
974 2276 1047 2344 μὴ
1097 2272 1414 2338 παροξύναι
1461 2277 1558 2325 τὸν
1591 2268 1975 2343 Ἀγαμέμνονα
2027 2274 2168 2346 μηδὲ
2219 2279 2302 2339 εἰς

208 2350 526 2422 φιλονικίαν
574 2357 789 2424 ἀγάγοι.
878 2355 1048 2428 δηλοῖ
1088 2356 1146 2409 δὲ
1185 2362 1362 2425 ὅμως,
1413 2362 1558 2410 ὅπου
1611 2362 1782 2430 φησὶν
1835 2362 2003 2432 αὐτὴν
2052 2363 2164 2412 ὑπὸ
2204 2370 2306 2413 τοῦ

129 2445 176 2486 25
207 2431 519 2501 Ὀδυσσέως
556 2439 637 2509 τῷ
674 2444 849 2511 πατρὶ
888 2441 1133 2514 δοθῆναι
1173 2446 1327 2514 παρὰ
1367 2447 1463 2495 τὸν
1500 2446 1718 2512 βωμόν·

424 2526 500 2586 ὣς
538 2527 717 2577 εἰπὼν
754 2529 813 2578 ἐν
845 2531 1007 2598 χερσὶ
1043 2532 1228 2593 τίθει,
1271 2532 1301 2581 ὁ
1339 2524 1394 2581 δ
1438 2528 1667 2594 ἐδέξατο
1702 2533 1916 2601 χαίρων

423 2608 604 2661 παῖδα
646 2609 830 2681 φίλην.

211 2692 273 2740 ού
300 2693 403 2761 γὰρ
445 2690 569 2760 <ἂν>
611 2695 771 2762 οἶμαι
804 2695 1154 2775 λυπουμένην
1184 2702 1352 2770 αὐτὴν
1381 2703 1412 2751 o‘
1436 2703 1622 2771 πατὴρ
1650 2699 1868 2767 ἐδέχετο
1891 2704 2131 2770 χαίρων·
2174 2697 2296 2753 οὐδ’

208 2777 275 2826 ἂν
317 2776 486 2848 φίλην
526 2779 654 2831 εἷπε
692 2786 871 2847 τυχόν,
911 2786 962 2834 εἰ
998 2787 1070 2855 μὴ
1114 2784 1336 2856 σφόδρα
1376 2789 1568 2856 ἠγάπα
1605 2792 1727 2848 τοῖς
1763 2790 2020 2854 γεγονόσι
2056 2790 2153 2838 τὸν
2192 2805 2300 2838 πα-

127 2869 177 2909 80
213 2866 360 2930 τέρα.
382 2892 453 2898 --
471 2864 627 2916 Εἶεν·
655 2865 794 2918 ἀλλὰ
821 2870 878 2919 τί
895 2867 1153 2940 μαλλονή
1177 2873 1431 2940 Χρυσηὶς
1455 2878 1629 2922 ταῦτα
1656 2868 1932 2937 ἐλογίζετο
1962 2873 1997 2921 ἃ
2026 2874 2091 2922 σύ
2120 2871 2297 2939 λέγεις
2321 2878 2382 2926 17

209 2936 589 3019 ἣ<ό>Χρύσης
607 2945 746 3001 καθ’
774 2954 972 3016 αὑτὸν,·
993 2957 1061 3004 A.
1063 2949 1271 3005 Ότιτά
1291 2953 2055 3025 περὶτὴνΚλυταιμνήστραν
2076 2955 2300 3027 είκὸςῆν

352 3086 371 3125 1
409 3075 561 3137 ου’τως
588 3087 670 3131 καὶ
699 3086 748 3129 Μ
899 3085 1095 3148 Χρύσην
1123 3090 1303 3146 seclusi,
1332 3090 1500 3147 alioqui
1529 3090 1621 3137 τὸν
1649 3091 1835 3151 πατέρα
1865 3093 1934 3137 vel
1964 3093 2147 3151 πατέρα
2181 3091 2300 3140 ὄντα

209 3151 493 3197 scribendum
531 3158 652 3199 esset
822 3161 847 3200 2
877 3159 1113 3216 φίσασθαι
1143 3160 1192 3203 Μ
1371 3166 1395 3205 5
1436 3156 1670 3221 ἀτιμάζην
1713 3162 1754 3208 U
1783 3176 1841 3208 m.
1871 3177 1939 3220 pr.
2115 3168 2139 3208 6
2170 3165 2300 3212 Hom.

208 3222 306 3267 11.1
327 3226 379 3266 29
397 3236 463 3278 sq.
582 3228 604 3266 7
637 3222 795 3285 πάτρη
825 3231 889 3281 (at
919 3229 965 3272 in
995 3234 1172 3284 rasura)
1204 3230 1251 3273 M
1282 3227 1463 3290 πάτρης
1493 3235 1537 3290 (η
1566 3245 1594 3276 a
1624 3235 1759 3287 corr.)
1789 3234 1832 3280 U
1918 3239 1943 3278 8
1976 3231 2137 3282 εἰστὸν
2165 3237 2213 3280 Μ

209 3297 234 3336 9
266 3290 420 3352 πάσης
448 3291 579 3349 τινός
608 3296 648 3341 U
669 3310 727 3342 m.
749 3311 818 3352 pr.
847 3295 1017 3358 (πόσης
1036 3297 1167 3346 ἐστὶν
1186 3315 1272 3346 om.
1295 3298 1424 3356 τινὸς
1447 3309 1691 3358 corrector)
1782 3310 1827 3349 11
1860 3305 2137 3367 κασάνδραν
2165 3309 2214 3352 Μ

214 3368 263 3408 15
293 3362 582 3421 ἐπαίρεσθαι
610 3369 713 3412 add.
744 3369 911 3414 Reiske
1012 3373 1060 3414 16
1092 3365 1239 3430 αὐτὴν
1267 3373 1356 3417 ΒΜ
1444 3377 1492 3417 21
1529 3383 1736 3421 συνεῖναι
1766 3375 1816 3418 Μ
1848 3381 2101 3425 συνιοῦσαν
2130 3380 2213 3426 UB

210 3451 313 3489 πως
343 3437 429 3482 ούν
459 3433 516 3483 ου’
545 3454 657 3496 φησι
683 3440 949 3499 χαίρουσαν
976 3441 1026 3485 Μ
1056 3445 1159 3496 πῶς
1189 3444 1274 3489 οὐν
1303 3460 1415 3503 φησι
1444 3442 1507 3502 μὴ
1534 3447 1806 3506 χαίρουσαν
1834 3447 1914 3493 UB
2038 3453 2092 3494 24
2122 3454 2300 3509 φιλονι·

210 3507 321 3552 κίαν
341 3507 388 3550 Μ
409 3510 701 3565 φιλονεικίαν
721 3510 803 3555 UB
918 3514 972 3555 26
993 3511 1042 3558 δὲ
1062 3513 1225 3567 δέξατο
1249 3515 1286 3558 Β
1308 3514 1489 3560 cf.11.1
1509 3520 1592 3561 446
1612 3531 1676 3574 sq.
1768 3516 1899 3566 28’01'22
1917 3518 2023 3565 add.
2043 3520 2213 3566 Jacobs

213 3579 267 3620 29
286 3577 443 3636 τυχῶν
461 3579 499 3623 Β
586 3578 664 3626 ἐπὶ
684 3588 790 3626 ante
810 3589 912 3636 τοῖς
931 3582 1033 3628 add.
1057 3584 1250 3629 editores
1347 3589 1400 3629 30
1422 3581 1540 3634 ἀλλὰ
1563 3589 1612 3634 τί
1630 3589 1762 3646 Emp.
1785 3584 1895 3637 ἀλλ’
1926 3591 1970 3637 εἰ
1987 3591 2083 3647 UB,
2105 3591 2155 3636 Μ
2175 3594 2240 3647 (at
2260 3592 2304 3639 εἰ

211 3647 258 3690 in
276 3652 451 3703 rasura)
472 3644 579 3696 ἀλλ’
601 3649 690 3699 οἴει
710 3651 873 3708 Pflugk
966 3658 1014 3698 31
1039 3651 1066 3713 ἢ
1061 3651 1175 3712 <ὃ>
1191 3652 1381 3715 Χρύσης
1396 3657 1515 3711 wil,
1537 3654 1563 3717 ἦ
1586 3659 1857 3746 ΧρύσηςΜ,
1858 3675 1964 3733 -.om
1987 3662 2066 3707 UB
2152 3658 2299 3710 αὑτὸν

213 3717 263 3760 Μ
282 3714 431 3776 αὐτὴν
449 3719 525 3765 UB
600 3714 770 3769 ‘'Om-
792 3722 1018 3771 ἐπείθετο
1042 3725 1176 3770 Dioni
1196 3727 1354 3772 tribuit
1367 3728 1474 3771 wil.
1563 3727 1698 3784 οἰκὸς
1718 3731 1767 3774 Μ
1847 3725 1905 3790 ἦν
1920 3729 2300 3788 Wil.‚m0nl1br1
