2684 4140
364 232 464 281 152
1063 215 1297 271 [DIONIS]
1328 213 1412 258 DE
1440 211 1688 258 FORTUN
1692 213 1733 254 A

562 358 796 435 τρηχεῖ’,
833 355 963 412 ἀλλ’
1007 360 1194 429 ἀγαθὴ
1234 358 1644 426 κουροτρόφος·

356 454 480 503 οὔτε
519 452 744 518 τραχεῖα
782 447 919 514 αὕτη
959 445 1052 495 καὶ
1086 444 1486 511 κουροτρόφος.

273 539 338 590 16
569 521 825 584 δέσποιν’
869 530 1108 580 ἁπασῶν
1147 519 1336 577 πότνι’
1372 519 1697 595 Ἀθηναίων
1737 522 1875 575 πόλι
1890 536 1906 548 ·’
2647 501 2660 572 1

350 621 423 689 μὴ
466 616 601 685 λέγε,
643 616 933 684 ἄνθρωπε.
1011 605 1195 663 οὐκέτ’
1238 612 1382 663 εἰσὶν
1418 612 1623 662 ἐκεῖνοι
1661 608 1958 661 δεσπόται.
2654 619 2660 622 ”

562 702 638 762 ὡς
673 701 767 751 καὶ
802 696 970 750 καλόν
1011 711 1111 748 σου
1153 698 1419 768 φαίνεται
1456 697 1519 746 τὸ
1559 697 1807 763 νεώριον.
2474 704 2499 745 5

329 785 489 839 ,ἀλλὰ
524 778 666 852 μεθ’
702 777 1110 854 Ἑλλήσποντον
1146 783 1240 834 καὶ
1276 779 1618 850 Λύσανδρον
1658 781 1904 848 αἰσχρόν.
2460 790 2659 833 (335ΒΠ)

1025 896 1095 903 -
1130 865 1300 929 καλὸς
1338 859 1394 918 δ’
1437 868 1469 916 ὁ
1506 867 1815 936 Πειραεύς·

348 957 431 1006 ἔτι
469 954 573 1023 γὰρ
612 953 752 1019 μετὰ
790 959 903 1004 τῶν
940 958 1137 1018 τειχῶν
1178 953 1346 1003 αὐτὸν
1384 949 1631 1018 βλέπεις.

561 1036 704 1109 ἄλση
748 1036 806 1090 δὲ
847 1040 933 1100 τίς
972 1054 1064 1090 πω
1103 1030 1294 1090 τοιάδ’
1338 1031 1456 1103 ἔσχ’
1500 1034 1637 1106 ἄλλη
1680 1033 1879 1097 πόλις,·

348 1124 458 1190 εἶχε
494 1128 612 1191 μέν,
652 1122 946 1194 δῃωθεῖσα
987 1121 1046 1175 δὲ
1087 1125 1164 1186 ὡς
1201 1125 1301 1175 ἐπὶ
1340 1127 1662 1194 συμφοραῖς
1699 1117 1891 1191 <γυνή>
1928 1120 2283 1189 ἀπεκείρατο.
2477 1128 2524 1171 1⁰

558 1211 652 1262 καὶ
688 1211 965 1278 τούρανοῦ
999 1202 1075 1277 γ’,
1118 1211 1193 1271 ὥς
1233 1224 1428 1279 φασιν,
1468 1210 1619 1259 ἐστὶν
1657 1209 1715 1258 ἐν
1751 1204 1919 1274 καλῷ.

346 1299 439 1349 καὶ
484 1303 637 1360 πῶς,
691 1296 752 1347 οἵ
791 1312 850 1363 γε
901 1293 1279 1361 λοιμώττουσι
1325 1296 1419 1345 καὶ
1466 1300 1699 1345 νοσοῦσι
1746 1294 1840 1343 καὶ
1886 1290 1990 1356 [τὸ]
2039 1287 2213 1341 πλέον
2261 1289 2444 1340 αὐτῶν
2658 1274 2669 1442 ³

270 1381 329 1430 17
349 1379 669 1432 ἀπόλλυται
714 1384 885 1449 μέρος
932 1381 1044 1431 ὑπὸ
1094 1385 1204 1430 τῶν
1254 1380 1435 1447 ἀέρων
1485 1380 1517 1449 ἢ
1566 1384 1678 1429 τῶν
1728 1374 2051 1443 πολεμίων,·
2098 1377 2192 1427 καὶ
2239 1376 2313 1444 μή
2357 1391 2445 1435 τις

347 1467 654 1531 ἀχθέσθω,
702 1463 855 1516 διότι
904 1466 1083 1526 οὕτως
1119 1470 1230 1515 τῶν
1268 1468 1531 1533 πατέρων
1571 1465 1971 1532 ἐμνημόνευσα.
2049 1466 2162 1511 τῶν
2199 1462 2301 1526 μὲν
2339 1460 2442 1528 γὰρ

348 1552 643 1621 πρωτείων
684 1551 780 1600 οὐκ
823 1545 954 1615 (ἂν)
1000 1547 1185 1612 ἄλλως
1232 1552 1491 1615 τύχοιμεν
1528 1551 1601 1619 μὴ
1651 1552 1773 1610 τοῖς
1821 1549 2075 1617 πρώτοις
2123 1542 2437 1611 ἀμιλλώμε-
2476 1553 2522 1596 15

349 1653 452 1687 νοι.
533 1633 674 1687 ἀλλὰ
710 1637 807 1686 καὶ
843 1632 1093 1696 παλαιός
1140 1652 1228 1696 τις
1280 1636 1629 1703 στρατιώτης
1669 1635 1746 1695 ὡς
1792 1633 2033 1700 γεγονὼς
2080 1637 2182 1682 τοῦ
2226 1632 2445 1697 πατρὸς

346 1721 621 1789 κρείσσων
660 1721 1008 1785 ἐσεμνύνετο,
1046 1722 1140 1771 καὶ
1169 1717 1295 1771 οὐδὲ
1314 1713 1650 1789 Ἀθηναίοις
1690 1719 1921 1787 αἰσχρὸν
1960 1718 2245 1785 πατράσιν
2285 1715 2444 1766 οὖσιν

346 1807 458 1856 ὑπὸ
498 1811 608 1862 τῶν
649 1802 874 1856 παίδων
899 1809 1260 1875 ἡττωμένοις.
1326 1811 1425 1875 τῆς
1450 1804 1553 1872 γὰρ
1580 1805 1852 1872 ὑμετέρας
1875 1799 2218 1868 μεθέξουσιν
2245 1801 2446 1870 ἀρετῆς

346 1891 486 1940 κατὰ
526 1892 624 1961 τὴν
664 1891 847 1940 αὐτῶν
885 1886 1298 1956 ἐλαττούμενοι.
1377 1895 1501 1951 πῶς
1526 1884 1681 1958 <οὖν>
1722 1889 1819 1939 οὐκ
1849 1889 1916 1939 ἂν
1954 1884 2194 1956 εἰδείητε
2229 1886 2445 1936 τούτων

348 1975 615 2025 ἁπάντων
654 1981 722 2043 τῇ
760 1979 891 2046 τύχῃ
932 1978 1030 2047 τὴν
1064 1978 1229 2045 χάριν
1267 1977 1361 2026 καὶ
1397 1981 1500 2025 τοῦ
1533 1978 1753 2042 γένους,
1792 1976 1880 2024 ὅτι
1906 1967 2180 2041 Ἕλληνες,
2217 1974 2311 2024 καὶ
2347 1980 2446 2044 τῆς
2484 1980 2679 2025 mmmm

346 2057 675 2130 μεταβολῆς,
702 2063 792 2113 ὅτι
815 2063 876 2112 ,ἐκ
904 2063 1158 2131 πενήτων
1191 2058 1519 2126 εὐδαίμονες
1529 2078 1549 2121 ,·
1584 2061 1886 2129 Σωκράτης
1911 2064 2042 2126 γοῦν
2070 2059 2168 2109 ἐπὶ
2207 2055 2447 2118 πολλοῖς

266 2141 328 2191 18
352 2146 517 2195 αὑτὸν
555 2142 870 2215 ἐμακάριζε,
907 2147 1002 2197 καὶ
1039 2148 1127 2197 ὅτι
1165 2142 1307 2213 ζῴον
1349 2143 1567 2213 λογικὸν
1591 2146 1686 2195 καὶ
1722 2146 1811 2195 ὅτι
1842 2137 2166 2213 Ἀθηναῖος.
2205 2139 2233 2170 *
2256 2139 2283 2169 *
2307 2143 2445 2192 Διο-
2463 2152 2659 2195 (3361311)

346 2233 506 2298 γένης
546 2226 604 2280 δὲ
646 2231 677 2280 o‘
713 2233 858 2281 κύων
898 2232 1173 2300 ἀγροίκως
1210 2232 1303 2281 καὶ
1329 2228 1518 2281 τέλεον
1549 2230 1612 2280 οὐ
1640 2227 1950 2290 πολιτικῶς
1975 2228 2131 2297 ηὔχει
2167 2227 2307 2277 κατὰ
2342 2233 2445 2296 τῆς

347 2315 539 2383 τύχης,
577 2310 714 2382 (ὡς)
751 2314 934 2366 πολλὰ
973 2317 1073 2382 μὲν
1111 2313 1243 2385 βέλη
1283 2316 1544 2386 ἐφιείσης
1583 2313 1732 2382 αὐτῷ
1773 2316 1849 2376 ὡς
1889 2310 2110 2379 σκοπῷ,
2161 2315 2342 2376 τυχεῖν
2383 2308 2442 2361 δὲ

345 2397 417 2465 μὴ
450 2393 770 2465 δυναμένης.
836 2398 897 2447 οὐ
938 2401 1091 2467 φέρω
1130 2398 1555 2465 θρασυνόμενον
1583 2398 1727 2447 οὕτω
1758 2394 2094 2466 φιλόσοφον.
2157 2393 2231 2462 μὴ
2270 2414 2436 2446 κατα·
2474 2403 2523 2444 25

494 2550 510 2589 1
547 2562 580 2589 2:
613 2544 935 2607 ιουροτρόφος
965 2549 1069 2598 (sici
1104 2561 1203 2592 cum
1234 2551 1411 2602 rasura)
1441 2548 1475 2591 P
1508 2547 1567 2592 cf.
1602 2547 1731 2592 Hom.
1765 2547 1847 2591 Od.
1880 2547 1946 2592 IX
1976 2550 2028 2592 27
2197 2551 2221 2592 2
2253 2556 2446 2609 τρηχεῖα

347 2615 478 2659 ΡΗΜ
623 2621 648 2662 3
680 2619 748 2662 Of.
781 2618 912 2662 Kock
944 2619 1047 2675 Frg.
1081 2619 1201 2664 Com.
1232 2619 1298 2662 111
1330 2634 1373 2675 p.
1407 2623 1484 2663 471
1521 2619 1747 2665 δέσποινα
1778 2612 1826 2664 δ”
1857 2613 2062 2665 ἁπασῶν
2092 2619 2195 2663 libri
2227 2615 2450 2675 (ἁπασῶν

347 2702 430 2732 ποι
460 2686 509 2731 Μ
540 2682 745 2733 ἀπασῶν
774 2688 966 2736 πόλεων
996 2691 1065 2743 Β),
1094 2703 1209 2735 corr.
1234 2689 1489 2735 Meinekius
1605 2682 1748 2736 πόλιν
1778 2689 1827 2733 Μ
1972 2695 1997 2734 5
2028 2693 2114 2736 καὶ
2141 2685 2297 2737 καλὸν
2324 2690 2446 2740 libri,

346 2754 595 2815 πάγκαλον
624 2759 835 2805 Reiskius
1008 2765 1033 2804 6
1065 2758 1358 2819 λύσσανδρος
1388 2762 1426 2805 Β
1555 2765 1576 2802 7
1610 2760 1660 2808 δὲ
1691 2757 1721 2807 o‘
1752 2760 1868 2814 libri,
1900 2773 2015 2806 corr.
2047 2760 2333 2806 Valckenaar

347 2831 370 2872 8
403 2824 469 2874 ἔτι
500 2827 595 2889 γὰρ
627 2843 712 2875 om.
745 2830 779 2874 P
810 2845 868 2875 m.
899 2845 967 2886 pr.
1001 2827 1068 2878 ἔτι
1098 2831 1148 2879 δὲ
1179 2832 1309 2877 UBM
1459 2835 1483 2875 9
1523 2828 1640 2890 ἄλλη
1679 2827 1815 2890 γυνή;
1851 2830 1981 2883 libri,
2021 2827 2138 2890 ἄλλη
2169 2828 2308 2885 πόλις
2337 2831 2445 2875 Por-

346 2912 483 2944 sonus
599 2897 738 2958 ἔσχεν
769 2901 849 2945 ΡΗ
969 2906 1018 2947 10
1050 2906 1290 2961 δῃωθεῖσα
1321 2903 1625 2957 Valckenar‚
1654 2898 1706 2960 δὴ
1740 2906 1957 2948 σωθεῖσα
1987 2901 2091 2947 libri
2208 2901 2322 2961 γυνὴ
2353 2902 2444 2946 huc

343 2969 559 3014 transfert
588 2971 723 3017 Dind.
817 2977 860 3018 11
898 2989 1000 3028 πως
1028 2975 1098 3018 vel
1128 2977 1231 3028 πῶς
1259 2973 1378 3029 libri,
1407 2968 1457 3033 γ’
1489 2969 1554 3027 ὡς
1582 2972 1750 3019 Reiske
1855 2976 1905 3017 12
1935 2975 2017 3018 καὶ
2047 2969 2200 3019 πόσοι
2231 2989 2285 3031 γε
2316 2972 2357 3016 Η

345 3036 628 3097 λιμώττουσι
657 3043 775 3096 libri,
807 3057 923 3089 corr.
956 3044 1091 3090 Dind.
1229 3041 1286 3091 τὸ
1318 3045 1481 3090 seclusi
1631 3048 1679 3088 14
1713 3034 1854 3098 οὗτος
1887 3042 1917 3085 Ρ
1955 3036 2082 3090 oiim>
2114 3045 2151 3088 B
2301 3047 2349 3087 15
2381 3038 2444 3089 ἄν

345 3110 446 3154 add.
476 3111 608 3170 Emp.
782 3113 970 3174 τύχοιεν
999 3114 1043 3159 H
1220 3119 1271 3159 1ss
1309 3110 1516 3168 παλαιός
1555 3130 1624 3167 τις
1662 3109 1978 3173 στρατιώτης-ε
2021 3113 2136 3158 haec
2173 3124 2445 3170 magnopere

346 3192 418 3225 me
454 3188 754 3237 vexaverunt,
801 3185 943 3231 donec
983 3198 1012 3230 a
1054 3186 1403 3231 Wilamowitzio
1452 3185 1641 3231 edoctus
1689 3197 1790 3232 sum
1831 3185 2030 3242 spectari
2069 3184 2270 3229 Stheneli
2307 3183 2444 3229 verba

346 3253 384 3295 A
415 3253 498 3295 405
648 3256 695 3298 19
729 3248 885 3300 αὐτῶν
914 3256 1016 3301 libri
1055 3259 1234 3314 praeter
1262 3257 1304 3301 H
1450 3248 1536 3303 οὖν
1574 3269 1661 3301 om.
1700 3255 1831 3300 ΡΗΜ
1984 3255 2125 3314 εἰδείη
2163 3272 2218 3314 γε
2247 3254 2284 3300 P
2314 3253 2442 3309 (idem

347 3332 460 3365 001'1'·
495 3319 549 3375 U)
692 3327 744 3367 20
775 3328 861 3371 τοῦ
890 3325 1057 3384 γένους
1089 3322 1115 3372 ὃ
1148 3324 1400 3387 πελληνεύς
1429 3328 1533 3378 libri
1564 3328 1619 3380 (U
1651 3324 1948 3386 παλληνεὺς),
1981 3340 2098 3373 corr.
2133 3324 2326 3371 casaub.

346 3392 429 3470 ξῆς
460 3402 545 3434 om.
579 3390 616 3434 U
762 3397 809 3437 21
846 3389 1155 3456 εύδαιμόνησε
1186 3398 1301 3453 libri,
1332 3411 1446 3444 corr.
1478 3399 1608 3456 Emp.
1766 3401 1820 3442 22
1853 3393 2003 3444 αὐτὸν
2032 3397 2113 3442 PH
2255 3397 2338 3441 καὶ
2368 3387 2443 3442 ὅτι

351 3463 591 3517 Αθηναῖος
621 3473 705 3506 om.
741 3463 884 3518 MPH,
917 3478 940 3509 e
971 3467 1086 3512 coni.
1116 3470 1261 3526 suppl.
1295 3468 1398 3525 UB;
1431 3470 1509 3513 sed
1539 3469 1704 3514 lacuna
1733 3469 1870 3512 latius
1897 3472 2027 3526 patet
2116 3470 2168 3511 23
2199 3459 2440 3524 ἀγροικῶς

350 3530 398 3573 Μ
429 3526 658 3590 ἄγροικος
691 3533 768 3577 UB
802 3529 1031 3593 α’ὶᾯθῖκθς
1061 3537 1139 3581 PH
1255 3543 1512 3594 πολιτικῶς
1542 3540 1591 3584 Μ
1622 3535 1868 3594 πολιτικός
1899 3539 2036 3584 ceteri
2123 3531 2304 3595 εὐτύχει
2332 3537 2436 3582 καί·

348 3616 423 3645 τοι
453 3603 536 3683 τῇς
565 3598 703 3662 τύχης
732 3605 847 3659 libri,
881 3619 994 3652 corr.
1029 3609 1185 3666 Dind.;
1217 3608 1382 3669 εὔχετο
1413 3608 1537 3658 κατὰ
1568 3614 1651 3669 τῆς
1681 3608 1820 3670 τύχης
1850 3610 1980 3666 Emp.
2155 3611 2209 3652 24
2240 3605 2304 3661 ὡς
2333 3613 2438 3652 ante

350 3674 502 3717 πολλα
534 3671 634 3717 add·
669 3674 797 3732 Emp.
914 3674 1106 3737 ἐφιὴσης
1134 3680 1171 3724 Ρ
1306 3685 1493 3728 σκοποῦ
1523 3682 1561 3727 U
1592 3696 1648 3727 m.
1681 3696 1747 3739 pr.
1780 3681 1870 3725 ΒΜ
