2684 4140
373 309 477 358 346
1301 314 1562 363 INDICES.

423 446 583 496 τάτων
623 445 744 508 παρ’
772 446 884 509 ἡμῖν
922 455 1003 511 τῆς
1042 448 1164 514 παρ’
1192 452 1394 511 ἐκείνοις

421 523 555 578 τιμῆς
594 517 927 580 τετυχηκότων
965 523 1076 578 (scil.
1116 528 1238 584 apud
1267 530 1391 588 Apa-

420 597 610 645 menses)
631 590 675 634 11
691 594 759 646 52,
785 595 849 643 14.
873 618 926 626 —-
950 594 1047 639 solo
1068 597 1390 653 Apamensium

416 665 556 717 portu
587 666 776 707 utuntur
795 663 840 706 II
861 667 930 720 54,
958 669 1021 710 14.
1046 694 1097 701 -
1130 672 1266 726 pauio
1287 678 1393 718 ante

419 733 667 776 orationem
698 733 779 777 XL
810 734 864 780 iis
896 749 1159 785 concessum
1189 747 1309 799 erat,
1341 750 1393 789 ut

418 805 665 848 conventus
695 805 818 861 apud
848 819 925 851 eos
956 815 1219 869 agerentur3
1252 828 1392 871 quare

418 876 594 919 ceterae
635 875 838 922 civitates
880 877 933 923 iis
973 880 1256 941 iuvidebant,
1303 887 1393 944 ipsi

416 945 685 1000 legationem
715 947 968 1007 mittebant,
1001 965 1113 1008 quae
1133 954 1391 1011 imperatori

417 1017 586 1073 gratias
607 1022 760 1073 ageret
773 1020 820 1064 II
836 1025 904 1078 54,
924 1026 990 1068 30.
1010 1049 1061 1056 —
1081 1031 1221 1086 κοινῇ
1241 1026 1391 1087 πράτ-

417 1105 515 1136 τειν
546 1088 605 1136 τοὶ
639 1090 800 1145 λοιπὰ,
829 1096 910 1139 καὶ
941 1097 1051 1156 περὶ
1082 1101 1179 1144 τῶν
1209 1095 1390 1158 οἷγορα-

416 1157 581 1217 νόμων
607 1163 688 1206 καὶ
718 1165 816 1208 τῶν
837 1159 997 1211 ἄλλων
1017 1171 1292 1228 φροντίζειν
1311 1175 1390 1218 καὶ

414 1230 500 1290 τὴν
527 1229 709 1292 βουλὴν
740 1241 1040 1294 παρακαλεῖν
1069 1236 1194 1298 πρὸς
1225 1245 1389 1297 ταῦτα,

1497 463 1684 505 exactae
1705 463 1811 505 sunt
1832 465 1927 518 232,
1951 468 2020 510 30.
2043 490 2097 498 -
2120 465 2175 514 τὸ
2210 459 2342 526 ἅρμα
2370 473 2465 518 scil.

1496 533 1582 576 τοῦ
1605 525 1764 576 Ἡλίου
1786 536 1881 586 244,
1905 538 1972 579 20.
2003 560 2060 569 -
2090 549 2244 582 eorum
2274 541 2466 595 statuae,

1494 600 1570 654 qui
1602 613 1772 646 summo
1803 602 1976 649 honore
2006 605 2126 662 digni
2156 608 2382 665 videntur,
2421 611 2467 655 in

1493 669 1604 726 ipsis
1636 672 1777 716 sacris
1799 679 2029 730 ponuntur
2051 680 2147 734 245,
2173 682 2211 723 1.
2235 705 2287 711 —
2309 679 2467 726 foedus

1494 740 1615 796 quod
1646 754 1746 786 cum
1767 742 1981 791 Romanis
2001 748 2199 794 inierunt
2230 750 2369 807 lapidi
2397 752 2468 796 in·

1493 811 1710 866 scriptum
1746 814 2013 863 adservatur
2053 819 2100 863 in
2139 821 2307 877 templo
2349 822 2466 867 Iovis

1494 884 1592 935 252,
1625 885 1664 926 8.

1437 950 1581 996 Roma
1621 953 1806 998 deorum
1852 956 2035 1002 habitus
2075 972 2102 1003 a
2149 961 2334 1007 Graecis
2374 976 2466 1007 non

1493 1022 1696 1069 diversus
1718 1024 1762 1068 II
1789 1028 1880 1081 185,
1904 1031 1950 1070 17
1973 1029 2141 1075 multae
2163 1037 2341 1078 statuae
2362 1034 2465 1078 bar-

1493 1092 1626 1137 batae
1637 1093 1743 1138 ibid.
1759 1098 1877 1139 19.-
1888 1099 2088 1153 porticus
2105 1114 2269 1148 aureae
2285 1103 2331 1148 II
2343 1108 2410 1159 85,
2424 1108 2463 1149 9.

1435 1234 1581 1280 Sacae
1612 1238 1679 1289 63,
1714 1240 1780 1283 23.

408 1299 488 1349 ἵνα
521 1295 689 1364 ὥσπερ
711 1301 856 1353 εἴωθε
878 1310 1067 1368 προνοῇ
1090 1313 1170 1369 τῆς
1201 1309 1391 1368 πόλεως
1438 1306 1668 1352 Σακαίων
1681 1304 1823 1367 ἑορτή
1840 1303 2087 1368 ἢνΠὲθσαί
2110 1310 2462 1372 o'c'yovocv66,30.

416 1374 461 1418 II
494 1378 563 1430 93,
600 1379 647 1420 11
683 1377 766 1430 (or.
797 1377 993 1424 XLVIII
1023 1384 1156 1436 extr.)

354 1515 524 1561 Rhodii
556 1530 658 1561 cum
689 1517 818 1563 bellis
853 1519 1055 1566 civilibus
1083 1523 1387 1570 Romanorum

412 1588 582 1632 exactis
596 1590 742 1634 πᾶσιν
756 1586 903 1649 ἐδόθη
920 1599 1022 1645 τοῖς
1038 1589 1217 1647 ἔξωθεν
1229 1600 1389 1654 χρεῶν

415 1655 598 1715 ἄφεσις,
615 1659 698 1703 soli
716 1660 803 1705 hoc
819 1669 1143 1709 recusaverunt
1159 1678 1223 1710 or.
1235 1666 1389 1712 XXXI

411 1731 437 1786 ξ
456 1733 509 1773 66
522 1742 588 1786 sq.
607 1755 659 1760 —
678 1726 790 1784 τοὺς
810 1733 1173 1789 καταπλέοντας
1189 1740 1388 1793 τιμῶσιν

414 1804 511 1857 241,
531 1805 583 1846 32
603 1827 657 1833 -
679 1803 855 1858 partem
871 1801 1038 1860 Lyciae
1055 1805 1215 1852 Dionis
1237 1811 1387 1854 aetate

408 1871 643 1928 possident
676 1875 772 1928 248,
803 1877 855 1916 27
896 1875 1036 1920 urbes
1070 1876 1386 1934 stipendiarias

407 1943 579 1988 habent
607 1943 714 1988 ibid.
749 1970 796 1977 -—
824 1939 1168 2003 (ἀναλίσκουσι)
1200 1949 1266 2004 εἰς
1296 1966 1383 1996 πα-

411 2010 639 2073 νηγύρεις,
671 2013 882 2072 πομπάς,
914 2015 1200 2078 ἱερουργίας,
1231 2022 1298 2075 εἷς
1325 2018 1383 2068 τὰ

405 2086 550 2144 τείχη,
568 2094 670 2140 τοῖς
686 2085 942 2144 δικάζουσι,
962 2093 1021 2149 τῇ
1035 2094 1188 2150 βουλῇ
1206 2095 1300 2146 248,
1314 2095 1382 2138 30.

409 2181 461 2187 -
486 2159 568 2203 νῦν
588 2151 673 2215 ἐφ’
694 2154 830 2215 ἡμῶν
852 2185 904 2192 -—
926 2164 1014 2217 μιᾶ
1032 2157 1155 2208 καθ’
1177 2159 1385 2209 ἕκαστον

407 2223 627 2273 ἐνιαυτὸν
658 2223 686 2285 ἢ
715 2232 845 2274 δυσὶν
866 2210 1133 2289 α’φροίκτοις
1162 2227 1384 2280 ἅπαντᾶν

407 2297 473 2350 εἰς
506 2294 754 2356 Κόρινθον
771 2302 868 2355 249,
899 2304 964 2345 1.0.
987 2327 1042 2334 -
1062 2306 1233 2361 τειχῶν
1260 2307 1380 2350 δοκι-

400 2370 559 2424 μασία
594 2372 689 2422 249,
712 2373 780 2413 22.
814 2397 866 2403 -
901 2374 1058 2416 contra
1078 2372 1381 2419 Mithridatem

406 2442 452 2482 et
481 2439 758 2484 Antiochum
789 2441 1005 2487 Romanis
1045 2444 1263 2488 auxilium
1309 2450 1380 2489 tu-

406 2509 557 2554 lerunt
596 2513 692 2563 252,
724 2515 764 2556 6.
800 2536 849 2543 -
894 2507 998 2558 οὐδ’
1036 2509 1062 2572 ἡ
1103 2510 1382 2571 (Ῥωμαίοις)

403 2580 542 2641 μέχρι
578 2575 807 2629 Ὠκεανοῦ
842 2581 1268 2642 συγκινδυνεύσασα
1306 2583 1380 2633 δύ-

405 2669 542 2708 ναμις
559 2647 663 2699 σι’-δ’
682 2648 706 2710 ἦ
725 2652 782 2699 τὸ
801 2658 1074 2701 τελευταῖον
1090 2650 1207 2716 ὑπὲρ
1225 2651 1382 2703 αὐτῶν

408 2718 591 2769 ἁλοῦσα
609 2719 747 2778 πόλις
763 2727 858 2777 252,
877 2728 918 2768 9.
936 2751 990 2758 -
1003 2720 1125 2785 παρ’
1144 2722 1215 2781 οἷς
1231 2723 1382 2784 νόμος

407 2791 507 2839 ἐστὶ
529 2791 617 2839 τὸν
638 2793 869 2853 δημόσιον
891 2796 1127 2854 μηδέποτε
1148 2798 1381 2845 εἰσελθεῖν

406 2864 471 2918 εἰς
489 2861 575 2923 τὴν
591 2861 733 2911 πόλιν
752 2869 848 2920 255,
861 2871 900 2910 4.
920 2892 976 2899 -
991 2864 1161 2924 μόνοις
1177 2863 1380 2929 ὓποίρχει

404 2929 515 2991 ὑμῖν
545 2932 600 2981 τὸ
626 2939 785 2983 δοκεῖν
806 2933 959 2992 ὄντως
980 2934 1112 2993 τινὰς
1131 2941 1380 2998 γεγονέναι

405 3008 486 3051 καὶ
515 3002 577 3065 μὴ
600 3006 772 3061 τελέως
798 3012 1261 3068 καταπεφρονῆσθαι
1283 3014 1380 3067 264,

406 3080 474 3121 25.
507 3102 559 3109 —-
592 3073 648 3123 τὸ
679 3078 855 3138 μηδένα
878 3084 1045 3139 σοβεῖν
1074 3077 1147 3128 διὰ
1181 3085 1260 3140 τῆς
1291 3078 1380 3127 πό-

403 3151 543 3202 λεως,
583 3143 940 3207 ἀναγκάζεσθαι
971 3150 1019 3197 δὲ
1050 3146 1124 3198 διὰ
1157 3151 1243 3211 τὴν
1271 3147 1379 3209 ὓμε-

404 3217 550 3277 τέραν
581 3215 834 3277 συνήθειαν
863 3223 944 3266 καὶ
974 3220 1087 3276 τοὺς
1107 3221 1379 3281 ἐπιδημοῦν-

406 3305 491 3342 τας
528 3288 687 3343 ξένους
725 3291 1049 3347 καθεστώτως
1085 3291 1379 3353 πορεύεσθαι

407 3362 514 3415 265,
556 3363 623 3403 29.
669 3386 720 3392 —-
761 3362 823 3405 ibi
863 3364 1041 3408 statuae
1086 3364 1378 3421 inscriptione

404 3434 578 3475 tantum
599 3433 775 3475 mutata
796 3432 853 3476 ad
874 3432 988 3478 alios
1009 3434 1211 3479 homines
1231 3439 1376 3480 trans·

403 3499 613 3545 feruntur
644 3514 708 3546 or.
741 3502 893 3546 XXXI
925 3504 951 3559 ξ
984 3508 1008 3547 9
1041 3507 1087 3548 et
1116 3505 1298 3561 passim.
1323 3531 1374 3539 -—

407 3568 688 3632 στρατηγός,
721 3585 918 3618 summus
940 3573 1221 3619 Rhodiorum
1243 3576 1375 3632 magi·

405 3646 573 3687 stratus
607 3647 704 3698 221,
737 3646 804 3687 20.
838 3646 934 3698 240,
969 3647 1035 3688 16.
1075 3670 1128 3677 —
1158 3658 1263 3691 raro
1293 3659 1376 3691 nec

405 3713 491 3758 nisi
523 3713 703 3758 civitate
732 3713 779 3756 in
800 3725 972 3758 summo
995 3713 1249 3760 discrimine
1279 3730 1375 3762 ver·

405 3787 534 3829 sante
587 3784 811 3843 εἰσφοραί
850 3784 907 3828 ab
953 3784 1159 3830 omnibus
1206 3787 1375 3832 civibus

1435 1376 1571 1420 Samii
1599 1377 1825 1423 Heraeum
1855 1380 1902 1424 II
1923 1384 1991 1436 48,
2018 1386 2083 1427 15.

1434 1445 1598 1492 Sardes
1654 1448 1909 1505 (Hercules)
1966 1448 2073 1501 οὐδὲ
2124 1459 2181 1514 τῇ
2224 1449 2464 1513 Ἰαρδοῖνου

1491 1515 1631 1576 δούλῃ
1663 1521 1975 1579 συγγενέσθαι
2005 1519 2299 1585 ἀπηξίωσεν,
2332 1525 2383 1582 ἐξ
2410 1520 2464 1586 ἧς

1489 1586 1714 1647 ἐγένοντο
1771 1591 1816 1637 οὶ
1873 1591 2102 1654 Σάρδεων
2152 1601 2365 1657 βασιλεῖς
2419 1599 2464 1643 ΙΙ

1491 1662 1587 1715 233,
1621 1663 1688 1705 26.

1433 1727 1707 1774 Scamander
1737 1731 1831 1777 deis
1866 1733 2077 1783 Xanthus
2107 1738 2235 1783 audit
2270 1742 2360 1794 113,
2395 1743 2461 1785 17.

1493 1802 1585 1853 121,
1619 1803 1658 1844 3.

1432 1868 1625 1927 Scythae
1657 1875 1726 1931 57,
1758 1877 1796 1918 7.
1828 1899 1883 1907 —
1914 1875 1957 1919 II
1989 1881 2027 1930 1,
2061 1881 2099 1921 3.
2143 1904 2195 1911 —
2234 1881 2354 1936 apud
2385 1893 2461 1925 eos

1487 1941 1739 1998 sapientiae
1755 1943 1963 1991 doctores
1980 1951 2073 2002 188,
2087 1954 2126 1993 5.
2144 1974 2198 1982 —
2216 1952 2463 2006 emporium

1488 2013 1669 2071 Graeco,
1710 2027 1832 2059 more
1888 2019 2214 2065 mercatoribus
2269 2022 2463 2066 condere

1486 2084 1694 2128 nesciunt
1723 2085 1767 2128 II
1799 2089 1839 2140 2,
1866 2091 1929 2132 17.
1963 2114 2016 2120 —
2054 2088 2387 2136 Melanchlaeni
2417 2092 2462 2136 II

1487 2157 1527 2206 3,
1551 2157 1592 2198 6.
1616 2179 1664 2186 —
1692 2155 1834 2212 pridie
1864 2157 1960 2202 eius
1993 2159 2080 2204 diei
2111 2174 2199 2217 quo
2221 2161 2307 2206 Dio
2339 2163 2461 2219 apud

1487 2225 1827 2281 Borysthenitas
1845 2228 2132 2274 contionatur
2148 2233 2457 2288 speculatores

1485 2295 1631 2339 adorti
1661 2297 1774 2341 alios
1805 2298 2069 2344 occiderunt
2106 2302 2219 2347 alios
2259 2303 2458 2348 abduxe-

1483 2371 1589 2411 runt
1618 2367 1660 2410 11
1691 2372 1731 2422 5,
1768 2371 1833 2413 11.

1428 2437 1556 2482 Seres
1587 2433 1844 2496 ὑφάσματα
1879 2440 1926 2484 ΙΙ
1957 2444 2054 2495 220,
2088 2446 2125 2488 7.

1427 2507 1620 2564 Seriphii
1649 2509 1695 2552 II
1726 2513 1822 2564 301,
1861 2516 1926 2556 13.

1426 2579 1578 2623 Sicilia
1611 2583 1706 2635 104,
1743 2585 1779 2625 1.

1427 2649 1614 2706 Smyrna
1646 2654 1743 2707 212,
1773 2655 1814 2697 4.

1426 2720 1658 2777 Smyrnaei
1679 2721 1722 2764 11
1743 2725 1811 2777 42,
1841 2726 1902 2768 16.
1931 2748 1984 2755 —
2009 2724 2138 2780 1149,
2166 2729 2229 2770 12.
2256 2752 2307 2758 -—
2332 2725 2456 2786 πρὸς

1479 2786 1723 2851 Ἐφεσίους
1759 2790 1968 2851 ἐρίζουσι
2011 2799 2120 2853 περὶ
2164 2792 2280 2843 ὄνου
2321 2801 2457 2852 σκιᾶς

1483 2865 1582 2919 329,
1616 2867 1685 2909 25.

1425 2933 1635 2979 Solenses
1668 2933 1967 2980 Tarsensibus
1997 2935 2162 2981 infensi
2191 2940 2289 2993 319,
2322 2942 2389 2982 26.

1426 3004 1588 3060 Sparta
1617 3006 1766 3048 terrae
1794 3009 1918 3050 motu
1949 3005 2096 3051 deleta
2127 3011 2196 3061 95,
2232 3012 2297 3053 11.

1426 3073 1652 3130 Spartana
1669 3075 1840 3132 civitas,
1858 3089 1958 3121 cum
1977 3077 2221 3123 dominatio
2237 3079 2455 3124 Graeciae

1481 3150 1585 3202 post
1615 3145 1733 3190 bella
1756 3146 1938 3191 Persica
1957 3148 2015 3191 ad
2038 3149 2336 3194 Athenienses
2358 3163 2454 3194 ver-

1480 3220 1606 3271 geret
1637 3212 1726 3262 τὸν
1755 3214 1986 3277 νησιώτην
2005 3222 2086 3265 καὶ
2108 3216 2345 3267 τὸν”1ωνα
2375 3223 2455 3267 καὶ

1483 3285 1571 3332 τὸν
1593 3282 1963 3347 Ἑλλησπόντιον
1993 3285 2130 3348 α’φεὶς
2161 3285 2310 3337 αὑτὸν
2338 3289 2455 3337 ἐσω-

1480 3354 1680 3418 φρόνιζε
1709 3385 1762 3391 -
1786 3365 2044 3420 τοιγαροῦν
2072 3358 2276 3418 μάλιστα
2307 3357 2453 3408 εὔδαι-

1477 3427 1696 3490 μόνησαν
1724 3428 1911 3478 ἐκεῖνον
1941 3428 2031 3478 τὸν
2065 3425 2250 3492 χρόνον
2279 3435 2376 3488 330,
2411 3437 2448 3477 1.

1422 3501 1596 3558 Stagira
1626 3502 1725 3547 vide
1756 3503 1838 3546 sub
1871 3504 2150 3547 Aristoteles.

1421 3573 1610 3618 Sunium
1649 3586 1676 3617 a
1716 3573 1761 3618 S.
1803 3573 1851 3617 in
1889 3573 2096 3617 PIraeum
2132 3586 2222 3617 non
2259 3577 2450 3629 possunt

1478 3645 1563 3689 nisi
1593 3647 1702 3689 noto
1732 3645 1962 3701 pervenire
1990 3647 2059 3701 84,
2098 3647 2164 3688 12.

1421 3715 1537 3759 Susa
1583 3716 1692 3761 urbs
1747 3719 1846 3773 157,
1891 3719 1957 3760 17.
1998 3739 2052 3747 -
2091 3717 2164 3770 65,
2208 3718 2250 3759 3.
2292 3740 2344 3746 —
2387 3715 2450 3760 ibi

1480 3786 1647 3830 hiemat
1684 3799 1764 3831 rex
1794 3787 2032 3830 Persarum
2064 3788 2139 3838 84,
2175 3788 2212 3830 1.
2253 3810 2305 3817 —
2341 3781 2365 3831 ὁ
2398 3785 2449 3832 ἐν
