2684 4140
1074 312 1300 359 ORATIO
1331 313 1427 358 XL.
2220 312 2289 361 49

207 459 270 508 τὸ
330 452 591 528 φρόνημα
649 464 759 509 τῶν
816 456 1038 510 πόλεων
1093 460 1185 510 καὶ
1234 455 1424 525 μεῖζον
1471 456 1692 524 ἀξίωμα
1742 459 2040 525 γίγνεσθαι
2092 460 2154 509 τὸ
2194 465 2296 509 τοῦ

11 551 111 616 ’,(489
131 549 185 592 Μ)
211 538 386 612 δήμου
425 544 517 593 καὶ
556 540 794 605 πλέονος
831 545 1114 611 τυγχάνειν
1152 550 1316 614 τιμῆς
1362 544 1455 594 καὶ
1502 545 1658 611 παρὰ
1707 549 1816 594 τῶν
1866 541 2292 613 ἐπιδημούντων

211 620 380 686 ξένων
417 626 510 675 καὶ
547 625 702 694 παρὰ
741 630 852 675 τῶν
889 627 1188 695 ἡγεμόνων.
1273 630 1446 675 ταῦτα
1488 622 1546 675 δὲ
1586 629 1707 686 τοῖς
1743 627 1844 690 μὲν
1882 627 2151 693 ἀγαπῶσι
2187 629 2288 690 τὰς

211 709 391 759 αὑτῶν
418 706 698 778 πατρίδας
723 710 816 760 καὶ
839 711 912 779 μὴ
939 710 1312 779 φοβουμένοις
1330 711 1552 779 μήποτε
1572 707 1836 772 ἐλάττους
1857 712 2038 763 αὐτῶν
2068 719 2292 783 φανῶσι

149 802 174 842 5
210 792 545 863 θαυμαστὴν
583 794 696 859 ἔχει
732 795 830 864 τὴν
867 791 1098 864 ἡδονήν·
1147 798 1267 855 τοῖς
1321 791 1379 844 δὲ
1429 795 1695 855 ἐναντίως
1743 795 1932 859 ἔχουσι
1967 799 2061 848 καὶ
2096 796 2292 864 βουλο-

7 886 183 939 164R11)
207 881 399 942 μένοις
436 879 493 928 ἐν
532 879 836 930 ἀσθενέσιν
885 879 1094 943 ἰσχύειν
1141 879 1235 928 καὶ
1281 879 1378 948 τὴν
1429 875 1597 941 δόξαν
1644 885 1743 949 τῆς
1791 877 2012 943 πόλεως
2060 881 2291 950 ἀδοξίαν

7 954 9 957 ’
211 963 391 1013 αὐτῶν
447 958 737 1028 νομίζουσι
791 960 1029 1023 δέοντως
1082 966 1243 1032 φέρει
1292 959 1470 1031 λύπην
1527 963 1621 1013 καὶ
1665 963 1901 1032 φθόνον.
1981 968 2168 1018 καίτοι
2223 970 2285 1019 τὸ
2314 969 2371 1020 11

214 1049 315 1112 μὲν
351 1045 615 1118 ὑπόδημα
656 1045 750 1099 δεῖ
777 1049 921 1116 πρὸς
958 1049 1125 1097 αὑτὸν
1162 1048 1458 1116 ἁρμόττειν
1494 1048 1587 1098 καὶ
1623 1049 1719 1097 τὸν
1757 1049 1931 1099 αὑτοῦ
1977 1049 2153 1114 πόδα,
2202 1055 2295 1104 καὶ

209 1132 275 1182 ἂν
335 1129 470 1202 δοκῇ
522 1127 737 1198 μεῖζον,
798 1134 1146 1196 περιτεμεῖν·
1206 1128 1374 1181 πόλιν
1435 1128 1494 1181 δὲ
1556 1128 1829 1183 οὐδέποτε
1893 1130 1987 1184 δεῖ
2039 1133 2291 1188 κολούειν

128 1222 176 1264 10
214 1214 340 1267 οὐδὲ
378 1219 635 1283 κατάγειν
683 1217 828 1285 πρὸς
866 1217 1033 1265 αὐτὸν
1071 1212 1198 1266 οὐδὲ
1247 1216 1393 1284 πρὸς
1441 1217 1540 1285 τὴν
1587 1218 1792 1266 ἑαυτοῦ
1826 1219 2009 1288 ψυχὴν
2051 1226 2290 1289 μετρεῖν,

205 1301 301 1351 ἐὰν
327 1303 456 1369 τύχῃ
487 1301 721 1369 σμικρὰν
753 1301 891 1364 ἔχων
928 1300 1021 1350 καὶ
1059 1297 1446 1368 ἀνελεύθερον,
1483 1301 1578 1351 καὶ
1613 1306 1788 1351 ταῦτα
1817 1300 2290 1371 παραδειγμάτων

205 1387 402 1436 ὄντων·
454 1383 591 1452 λέγω
639 1382 697 1435 δὲ
744 1386 807 1434 τὸ
858 1389 970 1435 τῶν
1017 1385 1373 1453 Σμυρναίων,
1424 1387 1487 1435 τὸ
1538 1391 1649 1436 τῶν
1690 1379 1992 1456 Ἐφεσίων,
2048 1391 2288 1457 Ταρσεῖς

202 1471 468 1532 ἐκείνους,
511 1463 843 1534 Ἀντιοχέας.
929 1471 1022 1520 καὶ
1068 1475 1241 1520 ταῦτα
1291 1470 1608 1535 ἐπίσταμαι
1657 1477 1856 1542 σαφῶς
1894 1474 1982 1523 ὅτι
2017 1475 2111 1524 καὶ
2149 1478 2287 1543 πρό-

201 1556 360 1623 τερόν
386 1571 532 1615 τινες
570 1554 865 1615 ἀκούοντες
893 1552 1282 1624 διερρήγνυντο
1322 1556 1416 1606 καὶ
1448 1553 1714 1620 χαλεπῶς
1752 1557 1972 1627 ἔφερον,
2014 1560 2064 1608 εἰ
2103 1563 2287 1611 τοιού-

2 1677 3 1682 ,
68 1707 73 1709 Δ
127 1647 174 1688 15
208 1656 318 1690 των
356 1636 627 1702 ἐθίζεσθε
666 1640 987 1709 ἀκροᾶσθαι
1027 1637 1202 1708 λόγων
1239 1641 1332 1691 καὶ
1369 1641 1510 1706 μετὰ
1546 1643 1818 1693 τοιούτων
1857 1640 2079 1694 πόλεων
2105 1643 2286 1714 τολμᾷ

198 1742 286 1786 τις
324 1721 614 1791 ὀνομάζειν
652 1727 749 1795 τὴν
787 1726 1071 1794 ὑμετέραν.
1156 1728 1308 1791 ὅμως
1347 1723 1378 1776 δ
1392 1719 1407 1738 ’
1450 1728 1549 1777 ἐπὶ
1596 1717 1835 1789 τούτοις
1871 1725 2284 1793 σχετλιάζοντες
2309 1731 2371 1783 12

198 1811 291 1860 καὶ
326 1816 558 1860 τοιαῦτα
610 1807 860 1877 λέγοντες
895 1811 989 1860 καὶ
1038 1807 1259 1862 διδόναι
1296 1808 1509 1881 μηδένα
1559 1813 1760 1874 ἐῶντες
1810 1814 1902 1864 καὶ
1940 1818 2062 1875 τοῖς
2101 1815 2285 1882 ἔργοις

200 1891 465 1958 ἐμποδών
511 1895 855 1961 γιγνόμενοι,
918 1895 1095 1955 οὕτως
1144 1896 1240 1960 ἐμὲ
1303 1892 1600 1965 διέθηκαν,
1664 1898 1809 1948 ὥστε
1866 1895 2055 1965 ὀλίγου
2108 1902 2285 1970 φυγὴν

199 1978 445 2043 ἐμαυτοῦ
476 1978 1020 2048 καταψηφίσασθαι.
1086 1979 1305 2048 καὶγὰρ
1349 1976 1411 2049 ἧν
1449 1977 1667 2047 γελοῖον
1705 1982 1846 2046 μετὰ
1889 1985 2066 2053 φυγὴν
2107 1986 2284 2046 οὕτως

123 2068 172 2110 20
206 2063 421 2131 μακρὰν
457 2064 550 2113 καὶ
587 2065 887 2131 πράγματα
925 2069 1171 2113 τοσαῦτα
1208 2065 1302 2115 καὶ
1338 2066 1606 2133 τύραννον
1644 2067 1851 2135 ἐχθρὸν
1892 2064 2052 2137 δεῦρο
2085 2070 2284 2139 ἀφικό-

15 2155 177 2197 .6δΒΙΙ)
199 2164 381 2213 μενον,
423 2148 565 2198 ὥστε
604 2147 1057 2198 ἀναπαύσασθαι
1093 2149 1186 2199 καὶ
1222 2150 1285 2198 τὸ
1328 2146 1530 2199 λοιπὸν
1557 2147 1958 2202 ἐπιλαθέσθαι
1995 2158 2105 2203 τῶν
2146 2158 2283 2223 πρό-

198 2249 357 2301 τερον
389 2230 678 2297 χαλεπῶν,
730 2232 850 2282 οἷον
889 2234 948 2282 ἐκ
985 2230 1173 2283 δεινοῦ
1204 2234 1298 2284 καὶ
1335 2234 1529 2303 ἀγρίου
1570 2232 1848 2302 πελάγους
1884 2238 1977 2288 καὶ
2007 2245 2285 2304 χειμῶνος

198 2314 482 2386 ἀδοκήτως
522 2316 782 2367 σωθέντα
820 2314 985 2382 μόλις
1023 2310 1099 2368 δι’
1145 2317 1364 2368 εὔνοιαν
1405 2319 1550 2369 θεοῦ
1582 2336 1752 2383 τινος,
1792 2321 1992 2372 ἔπειτα
2032 2325 2281 2374 ἐνταῦθα

198 2387 388 2471 ὧσπερ
428 2403 485 2452 ἐν
525 2399 706 2467 λιμένι
743 2406 1016 2469 ναυαγεῖν.
1080 2398 1357 2468 θαυμάζω
1387 2401 1445 2454 δὲ
1483 2401 1730 2469 μάλιστα
1758 2407 1922 2457 ἐνίων
1949 2408 2277 2478 ἀνθρώπων
2303 2410 2366 2462 13

116 2489 168 2532 25
203 2488 301 2556 τὴν
325 2487 683 2557 κακοήθειαν,
710 2484 918 2552 μᾶλλον
947 2484 1005 2537 δὲ
1031 2488 1129 2558 τήν
1157 2489 1370 2551 ἄνοιαν,
1398 2489 1961 2559 ὑπομιμνησκόμενος
1984 2492 2075 2543 οἶα
2096 2491 2283 2561 ἐλογο-

195 2570 396 2620 ποίουν
444 2572 507 2621 τὸ
555 2573 655 2636 μὲν
706 2577 932 2641 πρῶτον
971 2574 1104 2642 περὶ
1141 2580 1239 2644 τῆς
1278 2574 1611 2643 πρεσβείας,
1663 2576 1728 2644 ἣν
1777 2578 2075 2645 ἐπέμψατε
2125 2581 2281 2645 εὐχα-

193 2660 527 2721 ριστοῦντες.
620 2657 682 2706 οὐ
744 2657 846 2725 γὰρ
897 2655 1075 2724 ἡδέως
1134 2659 1300 2709 αὐτὸν
1361 2657 1768 2723 ἀποδέξασθαι
1814 2663 1946 2723 τούς
1994 2665 2279 2732 πρέσβεις,

192 2737 333 2790 ἀλλὰ
373 2738 707 2811 δυσχερᾶναι
752 2739 992 2808 μᾶλλον,
1044 2745 1121 2805 ὡς
1172 2741 1298 2795 δέον
1338 2746 1505 2796 αὐτὸν
1542 2748 1642 2797 ἐπὶ
1677 2754 1776 2817 τῆς
1815 2745 1996 2816 πύλης
2033 2749 2280 2818 ἀπηντη-

189 2828 344 2876 κέναι
378 2827 472 2877 καὶ
510 2824 836 2894 περιβαλεῖν
874 2830 1005 2889 τούς
1042 2830 1277 2897 ἥκοντας
1313 2830 1344 2898 ἢ
1386 2831 1517 2891 τούς
1553 2828 1791 2899 μηδέπω
1832 2834 2119 2900 παρόντας
2157 2834 2278 2882 ὀνο-

14 2914 153 2960 ·Μ)30
188 2906 381 2975 μάζειν
418 2912 450 2980 ἢ
492 2912 899 2963 πυνθάνεσθαι
926 2914 1058 2982 περὶ
1092 2911 1254 2964 τοῦδε
1291 2915 1384 2964 καὶ
1420 2912 1600 2977 τοῦδε,
1639 2916 1696 2964 τί
1726 2917 2072 2983 πράττουσιν
2110 2916 2141 2984 ἢ
2185 2913 2277 2966 διὰ

190 2995 247 3044 τί
283 2997 491 3056 πάντες
529 2996 626 3045 οὐκ
660 2993 858 3064 ἦλθον.
924 2999 980 3047 οἱ
1018 2995 1075 3048 δὲ
1104 2995 1472 3063 ἐλογοποίουν
1498 3000 1586 3048 ὅτι
1611 3002 1732 3058 τοῖς
1757 3001 2096 3068 Σμυρναίοις
2122 3015 2272 3066 παμ-
2299 3005 2363 3057 14

2102 3103 2269 3110 --.---—

336 3161 356 3202 1
387 3157 558 3202 malim:
590 3157 709 3216 (τό)
737 3130 938 3216 ἀξίωμα·
1093 3159 1319 3217 γενέσθαι
1347 3160 1430 3206 UT
1602 3165 1627 3206 2
1659 3162 1864 3218 πλέονας
1893 3164 1944 3209 Μ
1972 3178 2028 3211 m.
2058 3179 2127 3222 pr.

192 3273 220 3313 4
250 3263 406 3315 αὐτῶν
434 3269 515 3314 UT
644 3275 667 3313 7
701 3265 859 3316 αὐτῶν
887 3270 970 3315 UT
1084 3247 1276 3327 de'ovtg'g
1306 3273 1344 3317 T
1483 3273 1587 3328 δέος
1618 3271 1772 3330 ὅντως
1802 3275 1851 3320 Μ
1965 3278 2096 3338 φέρει
2130 3276 2276 3339 λύπην

194 3338 314 3393 wil„
344 3339 508 3398 φέρειν
539 3333 683 3398 αὐτὴν
712 3339 832 3384 UBT
863 3340 996 3400 φέρει
1027 3337 1173 3400 αὐτὴν
1201 3342 1251 3386 Μ
1393 3347 1416 3388 8
1448 3341 1598 3391 αὐτὸν
1627 3345 1714 3390 ΒΜ
1856 3341 2005 3396 αὐτοῦ
2032 3350 2162 3394 ΒΜΤ

191 3413 217 3454 9
248 3413 379 3456 δοκεῖ
406 3410 455 3454 Μ
584 3412 793 3457 κολοίειν
823 3411 873 3454 Μ
901 3407 1101 3458 κωλύειν
1131 3413 1169 3457 Τ
1290 3417 1339 3459 10
1362 3409 1511 3461 αὐτὸν
1540 3415 1630 3460 ΜΤ
1746 3413 1889 3477 τύχην
1919 3418 1957 3462 Τ
2075 3425 2124 3466 11
2159 3419 2274 3482 τύχῃ

189 3481 318 3537 (τις)
345 3476 521 3541 μικρὰν
691 3484 798 3537 post
826 3475 1146 3543 ἀνελεύθερον
1173 3496 1321 3541 pauca.
1349 3485 1610 3532 exciderunt
1787 3492 1836 3533 12
1867 3485 1924 3536 τὸ
1957 3503 2046 3536 om.
2078 3491 2159 3537 UT

194 3555 244 3595 16
277 3544 407 3609 ὅμως
438 3552 650 3606 Casaub„
682 3544 815 3606 ὅπως
845 3553 948 3597 libri
1122 3558 1171 3598 18
1203 3563 1369 3614 φυγεῖν
1397 3556 1447 3601 Μ
1620 3561 1674 3602 20
1704 3553 1980 3622 ἀφικομένῳ
2008 3561 2125 3616 libri,
2156 3575 2273 3614 corr.

189 3621 355 3667 Reiske
499 3627 548 3667 21
584 3623 837 3683 προτέρων
866 3623 987 3669 UBT
1132 3627 1185 3669 22
1217 3629 1346 3673 δινοῦ
1374 3626 1425 3672 Μ
1567 3631 1619 3672 23
1651 3622 1912 3689 οἷδοκήτους
1943 3626 2008 3686 ὡς
2043 3633 2192 3680 θέντα
2223 3634 2272 3678 Μ

190 3687 423 3752 ἀδοκήτου
453 3689 518 3748 ὡς
547 3694 694 3741 θέντα
728 3696 764 3739 Β
796 3689 1035 3752 ἀδοκήτου
1065 3689 1284 3743 ω’σθέντα
1316 3697 1410 3753 UT,
1440 3711 1557 3745 corr.
1587 3698 1800 3746 Reiskius
1930 3705 1985 3746 24
2015 3712 2272 3762 ναυμαχεῖν

189 3763 310 3809 UBT
426 3768 479 3809 29
510 3764 623 3820 τούς
650 3758 856 3825 ἥκοντας
884 3766 1033 3824 Emp.‚
1064 3763 1398 3826 προσήκοντας
1426 3768 1529 3814 libri
1671 3773 1724 3814 30
1754 3773 1833 3817 καὶ
1862 3775 2000 3819 τοῦδε
2029 3786 2116 3818 om.
2147 3773 2270 3819 UBT

274 3842 367 3878 DIO.
392 3843 442 3878 ΙΙ.
1898 3847 1926 3886 4
