2684 4140
364 259 468 309 314
1193 259 1510 304 APPENDIX
1538 261 1617 304 111.

362 402 597 474 μερίδας
635 407 820 465 ποιεῖ,
869 408 980 452 τῶν
1022 420 1084 452 τε
1125 403 1258 453 αὐτὸ
1302 410 1468 455 τοῦτο
1523 412 1816 476 σοφιστῶν
1854 410 1947 459 καὶ
1984 415 2094 460 τῶν
2135 412 2265 462 ὅσοι
2305 410 2466 482 φιλο-

366 490 720 559 σοφήσαντες
759 485 853 537 διὰ
891 488 990 557 τὴν
1030 487 1333 553 εὐστομίαν
1371 491 1485 540 ὑπὸ
1525 498 1624 560 τῆς
1665 493 1854 562 φήμης
1892 495 1975 555 εἰς
2012 497 2144 556 τοὺς
2185 498 2467 566 σοφιστὰς

361 572 798 642 ἀπηνέχθησαν·
834 572 928 622 καὶ
964 573 1156 623 τάττει
1194 575 1292 624 τὸν
1317 575 1514 626 Δίωνα
1552 576 1694 641 μετὰ
1733 579 1964 641 τούτων,
2004 580 2062 629 ἐν
2099 579 2186 641 οἷς
2213 582 2464 651 Καρνεά-

360 655 459 726 δην
498 673 557 707 τε
594 653 891 723 καταλέγει
944 658 1042 707 τὸν
1077 649 1393 727 Ἀθηναῖον
1442 661 1536 712 καὶ
1572 663 1802 712 Λέοντα
1852 664 1948 713 τὸν
1995 660 2329 730 Βυζάντιον,
2375 668 2469 718 καὶ

295 750 319 791 5
358 742 588 806 συχνούς
626 738 856 804 ἄλλους,
904 742 1375 808 καταβιώσαντας
1410 747 1512 810 μὲν
1550 747 1649 797 ἐπὶ
1689 744 2012 818 φιλοσόφου
2057 755 2467 819 προαιρέσεως,

358 824 521 894 λόγου
563 823 622 877 δὲ
663 824 820 877 ἰδέαν
864 829 1203 898 σοφιστικὴν
1240 832 1657 899 ἡρμοσμένους,
1708 833 1766 882 ἐν
1817 832 1903 894 οἷς
1952 834 2198 902 ἀριθμεῖ
2236 837 2329 887 καὶ
2366 838 2462 887 τὸν

353 910 588 963 Κνίδιον
626 909 899 975 Εὔδοξον,
949 909 1125 982 ἀνδρα
1165 914 1233 963 τά
1274 921 1474 984 πρῶτα
1512 921 1624 966 τῶν
1669 908 2095 986 Ἀριστοτέλους
2154 918 2452 990 ὄμιλητῶν,

356 994 496 1047 ἀλλὰ
534 999 627 1048 καὶ
654 998 1036 1066 ἀστρονομίας
1063 997 1128 1048 εὖ
1162 999 1384 1068 ἥκοντα,
1427 1001 1647 1070 ὁπόσην
1675 1002 1705 1051 ὁ
1729 1004 1857 1052 τότε
1878 1005 2080 1071 χρόνος
2105 1005 2458 1074 ἐπρέσβευεν.

355 1086 486 1151 ἡμῖν
527 1079 585 1133 δὲ
627 1083 657 1132 ὁ
693 1083 853 1133 Δίων
902 1089 971 1152 τῇ
1017 1083 1119 1148 μὲν
1158 1081 1437 1154 περιβολῇ
1475 1093 1574 1155 τῆς
1610 1083 1887 1157 γλώττης,
1937 1088 2002 1157 ἢν
2046 1096 2255 1160 χρυσῆν
2295 1088 2454 1155 εἶχεν,

268 1177 316 1220 10
354 1169 547 1238 ὥσπερ
585 1169 679 1219 καὶ
719 1164 953 1235 λέγεται,
997 1170 1278 1239 σοφιστής
1317 1170 1462 1220 ἔστω
1493 1167 1587 1221 διὰ
1616 1173 1845 1223 πάντων
1884 1178 1994 1224 τῶν
2022 1177 2239 1238 ἑαυτοῦ,
2279 1173 2339 1225 εἴ
2369 1193 2458 1236 τις

356 1251 518 1317 ἀξιοῖ
547 1255 647 1324 τὴν
695 1250 1026 1319 ἐπιμέλειαν
1078 1261 1177 1324 τῆς
1228 1262 1420 1326 φωνῆς
1472 1259 1807 1326 σοφιστικὸν
1855 1259 2147 1325 ἀγώνισμα
2198 1258 2460 1311 οἴεσθαι·

353 1340 542 1391 καίτοι
589 1340 683 1389 καὶ
730 1344 896 1389 τοῦτο
944 1339 1085 1404 μετὰ
1136 1341 1334 1409 μικρὸν
1387 1342 1592 1392 ὁποῖόν
1630 1343 1785 1393 ἐστιν
1834 1340 2198 1410 ἐξετάσομεν·
2248 1347 2348 1414 τήν
2400 1342 2458 1395 δὲ

355 1426 692 1495 προαίρεσιν
732 1424 829 1489 οὐχ
867 1423 949 1485 εἷς
989 1426 1020 1474 ὁ
1043 1426 1217 1488 Δίων,
1259 1423 1386 1476 οὐδὲ
1426 1427 1567 1492 μετὰ
1606 1429 1820 1479 τούτων
1859 1433 2104 1492 τακτέος,
2145 1427 2286 1480 ἀλλά
2325 1422 2457 1495 μετ’

350 1504 790 1581 Ἀριστοκλέους,
833 1503 941 1559 ἀπ’
985 1512 1244 1572 ἐναντίας
1281 1515 1478 1577 μέντοι
1514 1514 1765 1581 κάκείνῳ.
1843 1515 2016 1585 ἄμφω
2055 1519 2157 1580 μέν
2194 1530 2254 1582 γε
2291 1532 2460 1580 μετα-

269 1599 315 1645 15
353 1598 749 1647 πεπτώκασιν·
799 1589 925 1645 ἀλλ’
979 1598 1007 1645 ὁ
1057 1598 1159 1661 μὲν
1208 1598 1267 1647 ἐκ
1307 1594 1633 1668 φιλοσόφου
1671 1600 1766 1650 καὶ
1813 1597 1965 1664 μάλα
2017 1601 2331 1669 ἐμβριθοῦς
2368 1601 2462 1650 καὶ

355 1684 555 1751 πρόσω
593 1682 931 1742 καθεικότος
968 1683 1032 1731 τὸ
1073 1683 1401 1733 ἐπισκύνιον
1440 1680 1692 1734 ἐτέλεσεν
1732 1686 1813 1744 εἰς
1855 1686 2164 1753 σοφιστάς,
2202 1686 2297 1735 καὶ
2334 1702 2459 1754 τρυ-

358 1774 468 1837 φῆς
507 1767 737 1836 ἀπάσης
778 1766 874 1830 οὐχ
900 1767 1093 1835 ἥψατο
1120 1769 1310 1831 μόνον,
1352 1764 1495 1816 ἀλλά
1520 1769 1614 1818 καὶ
1641 1769 1723 1829 εἰς
1750 1769 1920 1836 ἀκρον
1947 1765 2236 1838 ἐλήλακεν·
2276 1770 2459 1819 ἐννεά-

357 1866 459 1915 σας
486 1849 544 1902 δὲ
572 1858 641 1921 τῇ
668 1851 994 1921 προστασίᾳ
1020 1857 1132 1902 τῶν
1158 1853 1216 1902 ἐκ
1242 1858 1345 1902 τοῦ
1369 1854 1691 1921 περιπάτου
1722 1850 2032 1920 δογμάτων,
2059 1854 2153 1903 καὶ
2183 1855 2456 1921 συγγράμ-

352 1955 502 2003 ματα
542 1934 878 2007 ἐξενηνοχὼς
917 1938 1000 1998 εἰς
1025 1938 1157 1999 τοὺς
1184 1931 1452 2007 Ἕλληνας
1479 1935 1611 2000 ἄξια
1643 1935 1969 2008 φιλοσόφου
2001 1936 2270 2009 σπουδῆς,
2313 1939 2458 1988 οὕτω

268 2034 316 2076 20
351 2040 407 2073 τι
444 2024 626 2092 ἥττων
663 2024 881 2090 ἐγένετο
922 2020 1089 2092 δόξης
1130 2029 1485 2094 σοφιστικῆς,
1526 2025 1604 2084 ὡς
1654 2021 1987 2090 μεταμέλειν
2034 2026 2136 2090 μὲν
2177 2022 2326 2092 αὐτῷ
2365 2040 2459 2094 γη-

355 2114 526 2177 ρῶντι
563 2115 661 2179 τῆς
700 2110 758 2159 ἐν
796 2105 987 2179 ἡλικία
1029 2112 1395 2178 σεμνότητος,
1446 2111 1628 2176 κόψαι
1682 2106 1741 2160 δὲ
1780 2110 1848 2159 τὰ
1883 2102 2231 2160 Ἰταλιωτικά
2271 2126 2329 2159 τε
2367 2110 2461 2159 καὶ

347 2187 583 2245 Ἀσιανοὶ
622 2195 843 2263 θέατρα
869 2191 1132 2260 μελέταις
1168 2190 1665 2262 ἐναγωνιζόμενον·
1705 2192 1846 2245 ἀλλά
1884 2197 1979 2247 καὶ
2014 2195 2314 2261 κοττάβοις
2341 2191 2457 2244 ἐδε-

358 2277 550 2342 δώκει,
599 2281 693 2330 καὶ
731 2276 1069 2348 αὐλητρίδας
1117 2275 1363 2345 ἐνόμιζε,
1415 2281 1509 2330 καὶ
1546 2277 1880 2349 ἐπήγγελλεν
1919 2281 2019 2331 ἐπὶ
2054 2281 2279 2340 τούτοις
2328 2293 2456 2329 συσ-

360 2365 542 2415 σίτια·
584 2366 613 2414 ὁ
654 2362 712 2414 δὲ
751 2365 909 2415 Δίων
947 2361 1008 2426 ἐξ
1046 2365 1369 2431 ἀγνώμονος
1410 2371 1693 2435 σοφιστοῦ
1719 2362 2042 2435 φιλόσοφος
2069 2362 2457 2434 ἀπετελέσθη·

270 2458 318 2500 25
354 2452 486 2519 τύχῃ
529 2447 586 2500 δὲ
624 2446 833 2515 μᾶλλον
871 2450 902 2519 ἢ
943 2451 1130 2519 γνώμῃ
1165 2452 1519 2520 χρησάμενος
1556 2452 1655 2521 τήν
1693 2452 1859 2519 τύχην
1911 2451 2080 2511 αὐτὸς
2131 2448 2455 2520 διηγήσατο.

354 2532 420 2605 ἦν
461 2533 520 2586 δὲ
562 2532 625 2606 δή
665 2536 761 2586 καὶ
797 2541 899 2584 τοῦ
931 2537 1250 2604 γράφοντος
1275 2536 1403 2601 βίον
1433 2533 1825 2605 διηγήσασθαι
1850 2537 1949 2606 τὴν
1976 2537 2109 2605 περὶ
2146 2538 2243 2586 τὸν
2283 2533 2459 2604 ἄνδρα

357 2618 614 2690 διπλόην,
655 2617 796 2670 ἀλλὰ
833 2622 907 2690 μὴ
949 2617 1147 2681 ἁπλῶς
1188 2621 1332 2670 οὕτω
1375 2622 1907 2692 συγκαταριθμῆσαι
1946 2626 2068 2682 τοῖς
2120 2622 2269 2691 ἀμφὶ
2306 2622 2457 2690 Καρ-

355 2703 556 2775 νεάδην
599 2707 693 2756 καὶ
730 2702 1002 2768 Εὔδοξον·
1055 2704 1130 2756 ὧν
1177 2707 1371 2775 ἥντινα
1422 2707 1490 2756 ἂν
1541 2703 1714 2775 λάβῃς
1762 2708 2075 2770 ὑπόθεσιν,
2129 2700 2458 2777 φιλόσοφός

355 2792 508 2854 ἐστι,
547 2795 1072 2861 μετακεχειρισμένη
1118 2797 1484 2861 σοφιστικῶς,
1524 2784 1678 2841 τοῦτ’
1723 2793 1847 2843 ἔστι
1886 2789 2146 2862 λαμυρῶς
2184 2788 2457 2860 ἀπηγγελ-

270 2885 318 2928 30
353 2880 489 2946 μένη
538 2878 632 2928 καὶ
682 2874 880 2940 δεξιῶς
927 2878 1021 2928 καὶ
1071 2874 1285 2947 πολλὴν
1334 2878 1433 2946 τὴν
1483 2874 1798 2947 ἀφροδίτην
1854 2879 2189 2946 ἐπαγομένη.
2284 2879 2455 2945 ταύτῃ

352 2964 446 3013 καὶ
484 2963 640 3030 παρὰ
680 2968 790 3013 τῶν
841 2963 1195 3032 ἀνθρώπιον,
1248 2963 1343 3023 οὓς
1399 2959 1651 3029 λέγοντες
1699 2959 1929 3031 ἐκήλουν
1977 2960 2059 3028 τῷ
2104 2958 2296 3012 κάλλει
2345 2967 2455 3012 τῶν

354 3049 671 3114 ὀνομάτων,
723 3046 979 3119 ἠξιοῦντο
1018 3055 1117 3119 τῆς
1155 3048 1542 3118 προσηγορίας
1579 3054 1682 3098 τοῦ
1730 3053 2036 3117 σοφιστοῦ·
2092 3047 2251 3097 αὐτοὶ
2291 3039 2344 3097 δ’
2389 3047 2455 3096 ἂν

357 3131 691 3196 ἀπαξιῶσαί
726 3150 827 3199 μοι
866 3132 1096 3184 δοκοῦσι
1132 3134 1227 3183 καὶ
1266 3129 1393 3183 οὐδὲ
1438 3127 1734 3198 διδόμενον
1763 3129 2061 3195 δέξασθαι,
2105 3129 2458 3202 φιλοσοφίας

356 3219 414 3268 ἐν
454 3216 659 3269 ὀνείδει
697 3221 759 3269 τὸ
800 3225 1059 3270 τοιοῦτον
1086 3220 1352 3288 τιθείσης
1380 3219 1526 3286 ἄρτι,
1567 3224 1670 3268 τοῦ
1692 3215 2003 3278 Πλάτωνος
2029 3219 2457 3277 ἐπαναστάντος

499 3458 523 3498 3
553 3456 634 3499 καὶ
662 3453 710 3498 in
739 3466 829 3498 ras.
862 3467 891 3498 a.
922 3467 1039 3499 corr.
1070 3455 1110 3500 L
1256 3459 1282 3500 4
1313 3455 1437 3514 λέγει
1467 3454 1505 3499 L
1662 3459 1712 3499 10
1744 3449 1809 3501 δι’
1842 3449 2072 3501 ἁπάντων
2102 3453 2139 3496 L
2289 3455 2338 3495 12
2369 3449 2455 3510 τὴν

357 3520 408 3584 δὴ
440 3525 479 3569 L
598 3527 648 3568 13
682 3519 707 3571 ὃ
743 3538 826 3569 om.
857 3525 896 3568 L
989 3530 1040 3570 1ss
1073 3544 1112 3574 ει
1141 3527 1188 3571 in
1217 3523 1512 3581 καθεικότος
1541 3538 1569 3570 a
1600 3539 1717 3571 corr.
1750 3527 1787 3569 L
1876 3529 1929 3569 20
1961 3516 2108 3582 ἦττον
2137 3523 2175 3567 L
2207 3536 2263 3568 m.
2295 3535 2366 3579 pr.

354 3596 442 3652 μὲν
472 3609 558 3641 om.
591 3595 630 3639 L
719 3599 769 3639 21
804 3612 856 3642 τε
888 3609 974 3640 om.
1006 3597 1043 3641 L
1132 3601 1186 3642 22
1217 3615 1273 3644 ττ
1302 3599 1348 3642 in
1378 3592 1640 3656 κοττάβοις
1669 3609 1697 3640 a
1728 3609 1845 3640 corr.
1877 3595 1915 3638 L
2005 3597 2059 3638 23
2089 3589 2307 3650 ἐνόμιζεν
2336 3593 2375 3637 L

356 3670 410 3710 25
441 3666 491 3713 δὲ
520 3679 607 3711 om.
639 3667 678 3711 L
768 3670 818 3710 33
850 3664 1056 3722 ἐπαξίως
1086 3666 1193 3725 ἐμοὶ
1222 3672 1323 3726 (μοι
1355 3673 1401 3714 et
1432 3668 1596 3725 partim
1627 3684 1650 3715 ε
1682 3680 1709 3712 a
1734 3680 1848 3712 corr.
1881 3667 1928 3710 in
1956 3669 2063 3719 ras.)
2095 3664 2132 3707 L
2220 3666 2301 3710 καὶ
2333 3655 2454 3710 ὅσον

356 3732 605 3794 διδόμενον
634 3738 672 3781 L
792 3740 846 3781 34
876 3733 985 3797 ἄρτι
1015 3741 1226 3798 τιθείσης
1256 3739 1360 3794 (hoc
1391 3739 1503 3791 ord.)
1533 3738 1572 3781 L
