2684 4140
435 260 534 308 100
996 243 1198 291 DIONIS
1229 241 1311 286 DE
1342 232 1916 284 ADMINISTRATIONE

429 402 642 456 πάντας
676 392 929 460 ἀγαθούς
963 388 1055 438 καὶ
1102 390 1266 452 τιμῆς
1313 376 1519 442 ἀξίους.
1593 377 1687 428 καὶ
1727 374 1927 446 μηδείς
1974 391 2045 440 με
2081 374 2284 441 νομίσῃ
2327 369 2503 440 λέγειν

426 480 660 546 ἐμαυτὸν
695 476 1057 526 εἰσποιοῦντα
1095 465 1174 534 τῷ
1225 464 1624 534 προΐστασθαι
1677 467 1777 532 τῆς
1824 456 2059 529 βουλῆς’
2106 458 2212 525 ἐγὼ
2261 459 2363 523 μὲν
2399 459 2503 528 γὰρ

425 565 627 625 ἄπειμι
664 556 757 609 διὰ
798 553 1013 614 πολλὰς
1052 552 1238 611 αἰτίας
1274 548 1386 612 (καὶ
1422 548 1766 600 πιστεύσατε
1818 546 1895 606 ὡς
1943 550 2037 595 νῦν
2086 549 2216 611 γοῦν
2268 539 2504 613 ἀληθῶς

427 643 582 711 λέγω)
617 642 708 692 καὶ
746 640 883 701 ἴσως
921 639 1016 689 οὐκ
1052 638 1297 701 ἐμαυτοῦ
1325 635 1490 703 χάριν
1529 629 1810 703 ὠφελείας
1858 631 1890 700 ἢ
1942 635 2157 700 τρυφῆς
2204 640 2384 691 τινος·
2431 630 2497 699 ἣν
2521 641 2673 682 (2583]

360 731 388 781 8
428 725 485 778 δὲ
522 725 668 790 εἶχον
705 721 1160 792 ἀποκρύψασθαι
1196 719 1418 787 γνώμην
1457 717 1554 767 οὐκ
1592 714 1883 785 ἐδυνάμην.
1945 715 2040 766 καὶ
2079 714 2175 765 οὐκ
2212 715 2335 765 ἔστι
2374 712 2501 777 δέος
2537 724 2561 765 5

420 811 637 879 μήποτε
674 808 779 875 ἐγὼ
819 803 964 868 δόξω
1002 801 1320 855 κολακεύειν
1359 803 1517 868 ὑμᾶς,
1559 802 1620 851 ού
1658 797 2001 861 κολακεύσας
2034 800 2132 850 τὸν
2169 800 2377 869 ἐχθρὸν
2415 802 2505 850 τύ-

421 908 616 963 ραννον
654 888 780 942 οὐδὲ
816 892 965 960 ῥῆμα
1004 889 1225 955 ἀγεννὲς
1276 883 1403 937 οὐδὲ
1451 883 1823 955 ἀνελεύθερον
1872 885 2083 948 εἰπών,
2129 885 2220 935 ὅτε
2269 881 2507 946 πολλοῖς

421 977 706 1045 ἀγαπητὸν
745 971 809 1044 ἦν
847 969 940 1043 ζῆν
979 974 1166 1023 ὁτιοῦν
1206 972 1524 1040 πράττουσι
1559 972 1654 1023 καὶ
1692 967 1962 1038 λέγουσιν.
2038 966 2180 1019 ἀλλά
2217 986 2319 1036 μοι
2358 968 2516 1021 δοκεῖ

419 1065 557 1128 μέγα
605 1060 698 1110 καὶ
743 1059 908 1110 θεῖον
957 1055 1103 1108 εἶναι
1150 1058 1214 1108 τὸ
1274 1059 1599 1125 γιγνόμενον
1650 1049 1792 1126 παρ’
1845 1058 1990 1122 ὑμῖν.
2085 1052 2206 1123 ἰδίᾳ
2252 1056 2354 1122 μὲν
2401 1056 2504 1124 γὰρ

423 1145 617 1197 ὁποῖοί
650 1146 792 1194 ποτέ
826 1144 968 1206 ἐστε,
1010 1143 1072 1192 ού
1114 1138 1339 1213 σφόδρα
1379 1142 1623 1213 ἀκριβῶς
1648 1143 1994 1208 ἐπίσταμαι·
2033 1136 2241 1207 νομίζω
2283 1137 2341 1192 δὲ
2380 1138 2502 1208 βελ-
2542 1149 2587 1192 1ο

421 1231 574 1291 τίους
610 1235 719 1280 τῶν
758 1224 1000 1279 πολλῶν.
1072 1234 1233 1297 κοινῇ
1271 1225 1366 1292 δέ,
1410 1229 1544 1279 ὅταν
1595 1225 1903 1294 συνέλθητε
1944 1224 2106 1296 δεῦρο
2143 1227 2175 1296 ἢ
2217 1223 2390 1277 πάλιν
2429 1227 2511 1287 εἰς

421 1317 519 1386 τὴν
555 1311 860 1381 ἐκκλησίαν,
899 1309 1059 1363 οὐδὲν
1099 1314 1338 1364 πώποτε
1365 1314 1492 1366 οὔτε
1517 1315 1787 1366 ταπεινὸν
1814 1314 1940 1364 οὔτε
1968 1309 2340 1382 ἀνελεύθερον
2382 1310 2510 1363 οἶδα

423 1401 686 1459 εἰπόντας
730 1398 761 1467 ἢ
814 1399 1206 1469 φρονήσαντας
1255 1401 1422 1466 ὑμᾶς,
1489 1401 1551 1451 ού
1602 1398 1959 1471 παράκλησιν
2008 1400 2312 1466 ἰσχύουσαν
2363 1390 2507 1468 παρ’

422 1485 575 1550 ὑμῖν,
624 1484 718 1548 οὐχ
753 1483 1086 1548 ὑπόσχεσιν,
1134 1480 1265 1551 (οὐκ
1302 1481 1600 1556 ἀπειλήν),
1650 1484 1710 1537 εἴ
1748 1502 1837 1548 τις
1886 1487 1996 1555 ἄρα
2034 1485 2292 1545 τοιοῦτός
2340 1485 2511 1546 ἐστιν,

426 1562 561 1619 ὥστ’
615 1569 823 1634 ἰσχύειν
871 1565 1139 1620 ἀπειλῶν.
1229 1567 1324 1621 διὰ
1373 1572 1432 1621 τί
1480 1569 1539 1622 δὲ
1588 1573 1662 1641 μὴ
1715 1576 1806 1641 φῶ
1846 1571 1916 1621 τὰ
1956 1567 2224 1621 δοκοῦντα
2262 1567 2502 1636 ἐμαυτῷ,
2542 1576 2590 1620 15

422 1654 684 1722 καθάπερ
724 1650 848 1703 δέον
886 1654 982 1704 τὸν
1021 1651 1345 1725 φιλόσοφον
1383 1655 1452 1705 τὰ
1492 1656 1714 1725 πονηροὶ
1754 1657 1929 1721 μόνον
1966 1652 2295 1723 ἐξελέγχειν,
2345 1655 2413 1704 τὰ
2454 1652 2513 1704 δὲ

422 1735 622 1805 βελτίω
671 1735 1252 1807 παρακαλύπτεσθαι,
1299 1741 1332 1810 ἢ
1383 1741 1482 1811 τὴν
1522 1737 1803 1811 ἀλήθειαν
1842 1734 1978 1809 [οὐκ]
2020 1740 2120 1791 ἐπὶ
2155 1741 2353 1806 μόνοις
2391 1742 2514 1800 τοῖς

423 1826 611 1883 κακοῖς
659 1822 829 1873 οὖσαν
868 1820 1187 1893 ὠφέλιμον,
1239 1818 1367 1875 ἀλλ’
1419 1820 1550 1892 <ού>
1604 1826 1698 1877 καὶ
1745 1826 1846 1877 ἐπὶ
1890 1828 2012 1887 τοῖς
2061 1824 2308 1892 ἀγαθοῖς
2357 1821 2516 1874 οὐδὲν

427 1908 607 1977 ἦττον,
646 1910 733 1959 ὅτι
767 1908 1020 1979 εὔφημος
1031 1927 1051 1971 ;

362 1991 393 2042 9
573 1994 637 2043 σὺ
688 1993 805 2057 οὖν,
859 1995 1031 2064 φήσει
1084 2012 1197 2059 τις,
1247 1996 1521 2063 ἐγκώμιον
1569 1996 1818 2058 ἀναστὰς
1864 1992 2156 2066 ἠθέλησας
2193 1996 2377 2046 εἰπεῖν
2415 2002 2514 2066 τῆς
2550 2002 2597 2045 20

429 2074 658 2147 βουλῆς,·
704 2079 797 2130 καὶ
832 2079 890 2129 τί
925 2076 1135 2143 δεινόν,
1175 2079 1273 2131 ἐὰν
1311 2077 1528 2151 ἀληθὲς
1563 2063 1635 2150 ᾗ,·
1680 2082 1744 2131 τὸ
1786 2077 1846 2132 δὲ
1885 2082 2159 2149 ἐγκώμιον
2197 2085 2380 2146 τοῦτο,
2420 2081 2517 2132 ἐὰν
2544 2091 2622 2134 (544
2637 2088 2682 2126 Μ’*

433 2162 717 2231 φαίνησθε
755 2163 1016 2229 ἀνόμοιοι
1054 2168 1175 2227 τοῖς
1215 2162 1565 2234 λεγομένοις,
1617 2166 1715 2232 οὐχ
1752 2168 2019 2235 ὑμέτερός
2066 2167 2221 2217 ἐστιν
2265 2166 2517 2230 ἔπαινος,

431 2252 534 2296 τοῦ
569 2243 626 2296 δὲ
665 2248 924 2310 εἰπόντος
959 2251 1279 2320 κατηγορία.
1369 2253 1524 2317 ὅμως
1576 2249 1635 2302 δὲ
1679 2252 1775 2302 οὐκ
1812 2252 1880 2301 ἂν
1919 2252 2279 2322 ἐποιησάμην
2319 2249 2518 2302 οὐδένα

435 2326 596 2397 λόγον
634 2338 901 2396 τοιοῦτον,
940 2335 991 2383 εἰ
1027 2336 1099 2405 μὴ
1145 2333 1368 2406 σφόδρα
1406 2333 1651 2407 ἤλγησα·
1694 2337 1887 2406 ὥσπερ
1925 2338 2019 2388 καὶ
2056 2339 2333 2407 πρότερόν
2360 2351 2518 2399 ποτε,

433 2416 672 2478 ἀκούσας
718 2419 805 2468 ὅτι
851 2419 1208 2490 καθυφίεμαι
1257 2422 1321 2473 τὸ
1360 2423 1655 2492 ὑμέτερον,
1709 2419 1803 2473 διὰ
1852 2428 2018 2473 τοῦτο
2057 2420 2511 2492 ἀπελογησάμην,
2549 2414 2681 2492 25ffl¹1³

437 2493 534 2565 οὐχ
569 2502 855 2572 ὑπερορῶν
893 2502 1344 2573 ἀπολογεῖσθαι·
1383 2508 1604 2570 πόθεν,·
1643 2500 1773 2558 οὐδὲ
1799 2509 2003 2578 κρίνων
2041 2510 2288 2574 ἐμαυτοῦ
2322 2522 2519 2558 ταπει-

435 2587 672 2654 νότερον.
745 2585 1067 2651 νυστάζοντι
1102 2593 1203 2657 μὲν
1241 2594 1375 2662 γάρ,
1426 2594 1503 2655 ὥς
1543 2606 1713 2663 φασι,
1754 2591 2005 2664 δικαστῇ,
2043 2594 2137 2644 καὶ
2173 2595 2235 2664 νὴ
2275 2593 2390 2644 Δία
2429 2609 2520 2643 τυ-

437 2671 612 2738 ράννῳ
669 2673 939 2742 κακοήθει
995 2677 1087 2727 καὶ
1136 2676 1367 2747 πονηρῷ
1417 2680 1688 2730 ταπεινὸν
1742 2676 2193 2746 ἀπολογεῖσθαι·
2254 2676 2521 2740 πολίταις

439 2751 496 2803 δὲ
533 2756 625 2805 καὶ
664 2762 944 2823 συγγενέσι
978 2761 1071 2811 καὶ
1110 2759 1329 2831 φίλοις,
1372 2764 1467 2825 οὓς
1505 2781 1593 2825 τις
1631 2767 1852 2834 ἡγεῖται
1888 2765 2179 2832 μετρίους,
2221 2755 2286 2815 οὗ
2322 2780 2519 2815 ταπει-

437 2840 545 2901 νόν,
586 2836 712 2890 ἀλλ’
755 2842 1030 2909 εὔγνωμον
1066 2848 1159 2898 καὶ
1185 2845 1418 2899 δίκαιον.
1482 2850 1577 2900 καὶ
1601 2852 1728 2901 τότε
1769 2849 1863 2900 οὖν
1913 2850 2106 2919 ὀρθῶς
2143 2850 2389 2917 ἐποίησα
2426 2849 2519 2899 καὶ
2554 2851 2601 2893 30

361 2921 422 2969 10
443 2929 534 2974 νῦν
572 2922 763 2993 πολλῷ
800 2925 1023 2992 μᾶλλον,
1063 2933 1153 2982 ὅτε
1191 2934 1331 2998 ὑμᾶς
1372 2938 1721 3004 σαφέστερον
1760 2935 2090 3000 ἐπίσταμαι.
2156 2934 2526 2999 πυνθάνομαι

526 3192 544 3210 u
587 3132 606 3170 1
639 3126 794 3178 πάντα
825 3133 874 3177 Μ
986 3135 1197 3194 (ταῦτα)
1226 3139 1378 3198 λέγειν
1406 3140 1620 3185 Reiskius
1708 3145 1732 3184 2
1764 3140 1822 3187 τό
1854 3154 1937 3198 pro
1967 3144 2038 3204 τῷ
2067 3141 2188 3187 UBT
2289 3146 2315 3187 3
2347 3140 2526 3200 εἴποιμι

444 3194 483 3275 1}
514 3211 677 3278 ᾱπξιμί
707 3200 745 3243 T
887 3206 969 3251 νῦν
997 3210 1114 3265 γοῦν
1142 3209 1291 3266 Εωρ.,
1321 3214 1439 3270 γοῦν
1467 3214 1551 3258 νῦν
1581 3210 1716 3256 UMT
1748 3214 1866 3271 γοῦν
1894 3211 1934 3256 Β
2077 3208 2174 3272 ἐγὼ
2204 3214 2327 3275 λέγω
2358 3215 2396 3258 Τ

448 3268 598 3346 ecs-²7:937
631 3267 825 3316 Gobetus
938 3279 964 3318 4
995 3275 1202 3333 ὠφελίας
1230 3279 1281 3323 Μ
1396 3287 1420 3326 5
1450 3279 1672 3339 ἐδυνάμιν
1700 3283 1738 3327 Τ
1824 3286 1906 3330 καὶ
1937 3277 2024 3331 οὐκ
2054 3278 2154 3331 ἔστι
2182 3289 2268 3331 etc.
2300 3284 2358 3331 cf.
2389 3286 2527 3330 verba.

452 3336 613 3380 summa
641 3350 704 3382 or.
733 3340 801 3384 III
834 3346 884 3386 12
1032 3351 1083 3391 14
1113 3344 1200 3395 οὐκ
1229 3345 1426 3412 άπειλην
1455 3353 1609 3398 addidi
1636 3353 1869 3399 Reiskium
1899 3359 1945 3399 et
1970 3354 2104 3412 Emp.
2135 3361 2339 3413 secutus;
2368 3353 2456 3415 (ἢ)
2484 3354 2535 3403 εἴ

446 3419 515 3487 τις
543 3404 657 3450 Seld.
777 3415 825 3454 15
856 3409 1062 3471 ἰσχύσειν
1089 3418 1282 3466 fortasse
1310 3422 1360 3467 Μ
1390 3437 1449 3467 m.
1479 3437 1548 3480 pr.
1702 3429 1751 3470 17
1784 3419 1872 3472 οὐκ
1902 3425 1989 3471 del.
2018 3425 2187 3471 Reiske
2331 3428 2384 3470 18
2413 3418 2523 3471 ἀλλ’

453 3489 508 3520 ου
536 3478 616 3559 καὶ
643 3477 788 3536 Emp.,
819 3475 936 3529 ἀλλὰ
967 3487 1047 3532 καὶ
1077 3487 1181 3534 libri
1342 3497 1398 3538 20
1430 3497 1519 3542 σοῦ
1548 3509 1631 3553 pro
1664 3493 1720 3544 σὺ
1749 3496 1797 3540 Μ
1941 3493 2058 3556 φήσι
2085 3513 2156 3550 τις
2185 3495 2224 3540 U
2253 3508 2312 3539 m·
2342 3507 2409 3551 pr.

455 3546 500 3586 ²¹
525 3562 593 3623 ,ην
621 3546 659 3590 Τ
773 3553 825 3633 {2
856 3554 1081 3610 φαῖνίσθε
1108 3557 1157 3600 Μ
1270 3556 1466 3620 οἷνόμιοι
1494 3564 1534 3609 Τ
1622 3569 1678 3610 24
1707 3569 1789 3614 καὶ
1817 3567 1906 3612 huc
1936 3566 2212 3624 transposui,
2242 3565 2363 3623 quod
2393 3566 2522 3621 vulgo

450 3612 613 3668 legltur
638 3622 742 3698 Ρθξῑ
770 3620 999 3682 νμέτερον
1027 3625 1056 3669 l.
1089 3631 1140 3671 25
1227 3634 1280 3676 25
1311 3627 1689 3696 οἷπολογησοῖμην
1718 3637 1767 3681 Μ
1797 3632 2156 3697 ἀπελογισάμην
2185 3636 2224 3681 U
2251 3649 2311 3679 m.
2339 3650 2407 3692 pr.

454 3685 505 3725 26
534 3682 718 3749 ἕμαυτῳ
749 3687 788 3732 Τ
872 3693 1222 3756 ταπεινώτερον
1251 3701 1301 3746 Μ
1388 3708 1443 3750 29
1474 3707 1718 3766 συγγενέσι
1749 3708 1789 3763 (ε’
1819 3721 1847 3753 a
1869 3715 2001 3761 corr.)
2025 3708 2064 3753 U
2150 3706 2291 3766 (καὶ)
2311 3702 2394 3761 οὓς
2416 3706 2521 3752 Wil.
