2684 4140
420 262 488 310 40
1008 242 1211 291 DIONIS
1239 239 1323 284 AD
1352 227 1848 282 NIGOMEDIENSES

414 399 653 468 μάλιστα
693 393 750 446 δὲ
787 390 940 458 παρὰ
977 390 1095 446 τοῖς
1126 377 1416 447 Ῥωμαίοις
1452 373 1664 444 γέλωτα
1702 375 1852 423 κινεῖ
1880 370 1973 420 καὶ
1996 364 2250 418 καλεῖται
2287 367 2349 416 τὸ
2389 367 2475 418 ἔτι

414 480 865 551 ὑβριστικώτερον
896 465 1171 537 Ἑλληνικὰ
1199 462 1582 531 ἁμαρτήματα.
1657 458 1750 507 καὶ
1774 456 1876 524 γὰρ
1904 455 2057 504 ἔστιν
2084 451 2473 520 ἁμαρτήματα,

412 562 603 631 ἄνδρες
639 552 990 624 Νικομηδεῖς,
1029 547 1286 619 άληθῶς,
1326 537 1451 595 ἀλλ’
1495 543 1590 607 οὐχ
1621 534 1927 609 Ἑλληνικά,
1968 538 2018 587 εἰ
2054 537 2127 604 μὴ
2167 527 2292 585 κατ’
2337 536 2471 586 αὐτὸ

409 653 568 697 τοῦτο
610 636 882 709 Ἑλληνικά
933 636 1102 706 φήσει
1149 649 1235 693 τις
1284 629 1421 680 αὐτὰ
1474 626 1644 689 εἶναι,
1692 618 1831 675 καθ’
1885 625 2016 673 ὅσον
2065 622 2268 670 ἐκεῖνοι
2307 616 2473 688 δόξης

408 724 844 796 ἀντεποιήσαντό
904 736 1043 770 ποτε
1099 718 1192 768 καὶ
1230 709 1531 784 Ἀθηναῖοι
1579 712 1671 762 καὶ
1718 706 2185 772 Λακεδαιμόνιοι.
2287 704 2356 754 τοὶ
2408 701 2467 754 δὲ
2507 714 2531 754 5

405 813 623 863 ἐκείνων
671 807 832 860 εἶπον
879 802 980 874 ἤδη
1032 819 1142 853 που
1190 801 1282 851 καὶ
1330 801 1604 869 πρότερον
1653 798 1739 846 ὅτι
1780 795 1857 864 μή
1897 788 2164 854 κενόδοξα
2203 786 2294 859 ἧν,
2345 780 2471 838 ἀλλ’

404 897 542 963 ὑπὲρ
581 895 747 963 ἀρχῆς
784 888 1033 960 ἀληθοῦς
1071 888 1244 954 ἀγών·
1284 886 1334 936 εἰ
1370 885 1444 954 μή
1484 901 1540 933 τι
1577 887 1668 933 νῦν
1709 878 1920 931 δοκεῖτε
1960 878 2160 937 αὐτοὺς
2197 877 2339 943 ὑπὲρ
2379 881 2477 944 τῆς

407 978 809 1048 προπομπείας
845 972 1025 1034 καλῶς
1064 966 1459 1040 ἀγωνίζεσθαι,
1497 967 1763 1035 καθάπερ
1791 967 1848 1016 ἐν
1874 963 2163 1032 μυστηρίῳ
2193 961 2306 1011 τινὶ
2342 960 2477 1010 παί-

322 1067 387 1118 39
409 1060 600 1126 ζοντας
636 1063 777 1129 ὑπὲρ
817 1056 1109 1127 ἀλλοτρίου
1149 1057 1491 1126 πράγματος.
1555 1053 1620 1103 ἂν
1650 1049 1707 1102 δὲ
1735 1051 1798 1100 τὸ
1824 1050 1924 1115 μὲν
1949 1054 2047 1118 τῆς
2071 1042 2478 1124 μηῃτροπόλεως

403 1149 530 1212 ὑμῖν
580 1148 754 1211 ὄνομα
792 1142 1072 1213 ἐξαίρετον
1109 1125 1172 1210 ᾗ,
1221 1142 1284 1191 τὸ
1326 1137 1384 1190 δὲ
1423 1143 1532 1188 τῶν
1571 1136 1864 1206 πρωτείων
1901 1134 2087 1184 κοινὸν
2124 1125 2189 1201 ᾖ,
2239 1132 2297 1181 τί
2331 1131 2472 1181 κατὰ
2513 1137 2559 1180 10

406 1237 566 1282 τοῦτο
615 1227 985 1290 ἐλαττοῦσθε,·
1045 1227 1149 1294 ἐγὼ
1198 1226 1299 1291 μὲν
1348 1224 1449 1293 γὰρ
1496 1219 1840 1292 τολμήσαιμι
1889 1220 1954 1270 ἂν
2005 1219 2187 1268 εἰπεῖν
2236 1218 2324 1266 ὅτι
2377 1216 2478 1266 κᾶν
2504 1225 2662 1267 (14931

409 1318 633 1366 πάντων
671 1309 894 1384 ἐκστῆτε
929 1318 1038 1362 τῶν
1078 1311 1382 1376 ὀνομάτων,
1423 1304 1646 1367 οὐδενὸς
1683 1303 1988 1368 ἐξίστασθε
2028 1303 2373 1372 πράγματος.
2447 1301 2479 1370 ἢ

408 1486 504 1555 τὴν
540 1490 637 1554 γῆν
673 1485 800 1548 ὑμῖν
837 1482 1079 1533 ἔσεσθαι
1112 1482 1443 1548 μικροτέραν
1473 1479 1504 1547 ἢ
1533 1477 1634 1537 τὰς
1661 1472 1981 1544 προσόδους
2007 1470 2338 1533 ἐλάττονας,
2374 1469 2478 1540 ἤδη

408 1570 546 1619 ποτὲ
584 1568 728 1628 θέας
762 1563 1118 1632 μετελάβετε,
1155 1560 1363 1629 μᾶλλον
1391 1560 1448 1613 δὲ
1475 1564 1646 1627 μόνον
1675 1561 1793 1625 οὐχὶ
1828 1551 1966 1609 καθ’
2010 1559 2246 1627 ἑκάστην
2270 1560 2482 1627 ἡμέραν
2521 1562 2570 1604 15

408 1652 627 1702 θεᾶσθε
672 1653 765 1701 καὶ
810 1651 939 1710 τοὺς
986 1645 1303 1717 τραγῳδούς
1351 1648 1443 1697 καὶ
1479 1648 1609 1707 τοὺς
1658 1642 1885 1706 ἄλλους,
1934 1645 2062 1694 ὅσοι
2113 1640 2340 1693 δοκοῦσι
2377 1643 2478 1707 μὲν
2504 1651 2583 1692 (480
2603 1649 2656 1692 Μ)

406 1734 605 1806 ἡδονῆς
631 1738 805 1786 ἕνεκεν
830 1735 921 1784 καὶ
946 1736 1199 1801 τέρψεως
1226 1732 1307 1792 εἰς
1332 1731 1433 1791 τὰς
1462 1730 1663 1799 σκηνὰς
1690 1731 1975 1797 παριέναι,
2014 1728 2144 1787 τούς
2172 1724 2230 1776 δὲ
2267 1727 2476 1776 αἰσθα-

407 1824 667 1886 νομένους
703 1825 811 1869 τῶν
848 1821 1182 1885 γιγνομένων
1209 1813 1551 1886 ὠφελοῦσιν·
1591 1807 1684 1883 ἄρ’
1718 1813 1812 1864 οὖν
1839 1814 1960 1863 ἐκεῖ
1976 1829 2063 1872 τις
2088 1813 2217 1876 ὑμῖν
2245 1808 2480 1880 ἀληθῶς

324 1908 390 1958 40
414 1904 556 1956 εἶναι
595 1902 751 1955 δοκεῖ
778 1900 1040 1969 βασιλεὺς
1076 1902 1107 1971 ἢ
1147 1902 1412 1970 τύραννος
1448 1901 1480 1969 ἢ
1521 1900 1659 1960 θεός
1669 1917 1689 1961 ,·
1725 1899 1912 1948 καίτοι
1948 1903 2122 1947 ταῦτα
2162 1897 2348 1946 πάντα
2385 1912 2481 1944 κα-

410 1989 631 2040 λοῦνται
666 1989 758 2038 καὶ
794 1984 1080 2037 Μενέλαοι
1115 1987 1208 2036 καὶ
1237 1979 1666 2052 Ἀγαμέμνονες,
1715 1984 1809 2034 καὶ
1859 1983 1955 2033 οὐκ
2010 1982 2257 2047 ὀνόματα
2304 1982 2477 2046 μόνον
2515 1987 2562 2029 20

409 2075 595 2139 ἔχουσι
614 2073 765 2125 θεῶν
784 2073 875 2122 καὶ
899 2073 1111 2141 ἡρώων,
1140 2067 1278 2120 ἀλλὰ
1304 2071 1397 2120 καὶ
1422 2071 1706 2136 πρόσωπα
1727 2069 1820 2119 καὶ
1840 2064 2059 2130 στολάς,
2084 2068 2177 2117 καὶ
2195 2064 2485 2117 κελεύουσι

411 2155 618 2220 πολλά,
668 2158 743 2218 ὡς
780 2158 1005 2206 ἐκεῖνοι·
1057 2161 1158 2205 τοῦ
1194 2152 1252 2205 δὲ
1299 2156 1617 2224 ποιήματος
1657 2150 2123 2213 συντελεσθέντος
2171 2153 2382 2202 ἀπίασι
2419 2153 2482 2201 τὸ

412 2239 583 2310 μηδὲν
611 2242 778 2301 ὄντες.
844 2235 1227 2305 ὀνομάζεσθαί
1252 2256 1338 2300 τις
1364 2235 1526 2289 θέλει
1552 2243 1799 2306 πρῶτος·
1839 2238 1999 2287 ἔστω.
2065 2238 2345 2305 πρωτεύει
2369 2246 2482 2296 τις·

411 2327 509 2376 κᾶν
548 2322 713 2386 ἄλλος
751 2320 1102 2393 ὀνομάζηται,
1142 2326 1366 2393 πρῶτός
1403 2325 1571 2374 ἐστιν.
1636 2323 1698 2372 οὐ
1735 2322 1837 2391 γὰρ
1876 2322 1944 2372 τὰ
1985 2323 2232 2387 ὀνόματα
2260 2321 2486 2380 πίστεις

329 2415 391 2464 41
417 2416 525 2460 τῶν
563 2411 902 2477 πραγμάτων
941 2410 1077 2470 εἰσί,
1128 2409 1195 2458 τά
1246 2400 1304 2458 δὲ’
1356 2410 1656 2477 πράγματα
1705 2408 1797 2458 καὶ
1845 2413 1955 2458 τῶν
2007 2407 2312 2472 ὀνομάτων.
2405 2405 2490 2455 ἔτι
2527 2414 2575 2455 25

412 2495 595 2544 τοίνυν
631 2495 847 2544 κάκεῖνο
899 2490 1206 2560 λογίσασθε
1259 2495 1321 2543 τό
1370 2494 1428 2543 ἐκ
1474 2499 1572 2562 τῆς
1622 2492 1887 2557 ὁμονοίας
1931 2493 2315 2560 γενησόμενον.
2391 2497 2485 2541 νῦν

411 2580 510 2643 μὲν
547 2580 771 2628 ἕκαστοι
816 2579 945 2639 τοὺς
982 2582 1191 2628 ἑαυτῶν
1230 2575 1435 2647 ἄνδρας
1473 2578 1646 2642 ἔχετε·
1697 2578 1763 2627 ἂν
1804 2574 1861 2627 δὲ
1900 2573 2305 2647 καταλλαγῆτε,
2355 2577 2485 2637 τούς

414 2660 662 2732 ἀλλήλων
711 2659 879 2724 ἕξετε·
931 2664 1022 2714 καὶ
1070 2663 1169 2723 τὰς
1219 2659 1547 2732 φιλοτιμίας
1597 2659 1710 2725 (δεῖ
1749 2662 1851 2729 γὰρ
1904 2663 1998 2713 καὶ
2046 2664 2259 2712 τούτων
2298 2658 2485 2723 πόλει)

415 2744 718 2807 διπλασίας
745 2747 988 2797 τίθεσθε
1013 2748 1105 2798 καὶ
1131 2746 1230 2808 τὰς
1257 2748 1581 2816 ὑπηρεσίας.
1652 2744 1826 2814 λέγειν
1853 2764 1940 2808 τις
1980 2744 2161 2807 δεινός
2187 2747 2309 2796 ἐστι
2336 2738 2480 2814 παρ>

412 2833 569 2895 ὑμῖν,·
605 2831 887 2891 κάκείνους
914 2829 1209 2901 ὠφελήσει.
1274 2828 1547 2892 πλούσιός
1573 2849 1659 2892 τις
1686 2824 1824 2901 παρ’
1868 2832 2101 2892 ἐκείνοις
2127 2831 2283 2892 ἐστί,
2316 2846 2482 2900 χορη-
2519 2839 2566 2881 30

412 2915 567 2983 γήσει
603 2916 694 2965 καὶ
732 2908 871 2983 παρ’
915 2917 1057 2981 ὑμῖν.
1142 2913 1392 2966 καθόλου
1445 2913 1503 2966 δὲ
1556 2913 1736 2976 οὐδεὶς
1788 2916 1912 2967 οὔτε
1962 2917 2028 2967 ἂν
2077 2913 2236 2978 ἄξιος
2274 2917 2350 2966 ὢν
2388 2921 2490 2965 τοῦ

561 3125 578 3164 1
611 3123 798 3168 καλεῖτε
827 3121 876 3166 Μ
989 3127 1013 3167 3
1042 3118 1162 3168 καθ’
1195 3118 1315 3169 αὺτό
1346 3122 1464 3177 libri,
1495 3135 1609 3168 corr.
1642 3123 1807 3168 Reiske
1924 3127 1949 3166 4
1977 3122 2128 3166 malim
2157 3121 2373 3169 κάκεῖνοι

418 3193 469 3233 10
499 3191 723 3248 πρωτίων
751 3191 800 3234 Μ
889 3196 934 3236 11
969 3190 1284 3240 ἐλαττοῦσθαι
1314 3193 1362 3237 Μ
1462 3197 1510 3238 13
1541 3195 1589 3240 τί
1618 3195 1735 3239 delet
1766 3194 1978 3248 Cobetus,
2008 3193 2187 3239 sublata
2215 3198 2320 3251 post
2339 3196 2484 3240 τοῦτο

416 3260 771 3316 interpunctione
887 3266 939 3307 14
970 3263 1285 3323 σμικροτέραν
1316 3265 1352 3307 Β
1479 3264 1785 3309 scribendum:
1818 3264 1863 3311 εἰ
1889 3260 1941 3324 δή
1973 3280 2108 3318 ποτε,
2139 3265 2318 3310 sublato
2347 3265 2486 3310 inter-

420 3330 662 3384 rogationis
691 3330 815 3386 signo
846 3337 949 3388 post
980 3326 1263 3403 μετελάβετε
1409 3338 1459 3379 15
1488 3334 1784 3395 μεταλάβετε
1812 3335 1861 3379 Μ
2041 3339 2088 3380 17
2121 3332 2267 3395 κηνὰς
2295 3337 2344 3380 Μ

421 3401 471 3443 18
499 3399 759 3457 γινομένων
787 3400 836 3443 Μ
975 3405 1069 3461 α’ρα
1099 3404 1218 3449 UBT
1383 3409 1433 3450 19
1463 3402 1494 3464 ἢ
1521 3406 1639 3460 θεὸς
1668 3420 1755 3452 om.
1786 3406 1825 3451 'l'
2001 3409 2050 3451 21
2084 3409 2165 3453 καὶ
2194 3402 2368 3466 ἥρω’ων
2398 3418 2485 3450 om.

421 3468 539 3553 PBT
708 3474 761 3515 24
789 3474 869 3517 καὶ
897 3485 979 3528 pro
1008 3470 1100 3520 κᾶν
1127 3474 1177 3518 Μ
1350 3469 1636 3534 ὀνομάζεται
1666 3477 1783 3531 libri,
1816 3490 1932 3522 corr.
1963 3477 2095 3534 Emp.
2271 3478 2485 3540 πρῶτος;

421 3536 547 3585 ἐστιν
575 3538 615 3584 U
783 3542 937 3596 πίστις
975 3543 1093 3588 UBT
1263 3548 1317 3590 25
1349 3547 1544 3593 conieci:
1583 3544 1642 3595 τὰ
1684 3547 1733 3594 δὲ
1774 3542 2024 3607 πράγματ’
2062 3542 2207 3607 οἷρχαὶ
2247 3549 2344 3592 τῶν
2374 3540 2485 3592 ὀνο·

420 3606 584 3666 μάτων
712 3614 765 3655 29
795 3613 988 3659 τίθεσθε
1016 3614 1146 3671 Emp.
1177 3616 1399 3663 τίθεσθαι
1428 3617 1547 3663 UBT
1578 3620 1740 3665 τίθετε
1769 3619 1817 3663 Μ
1972 3622 2021 3662 31
2058 3614 2118 3664 ἂν
2148 3615 2279 3672 ἄξιος
2308 3618 2486 3674 scripsi,

422 3676 612 3736 α’νάξιος
637 3680 741 3726 libri
769 3679 897 3736 ἄξιος
926 3683 1054 3741 Emp.
