2684 4140
440 287 504 335 70
1160 267 1306 314 DION
1308 267 1360 313 IS
1374 302 1376 307 ,
1390 263 1743 311 GRATITUDO

431 424 510 493 τᾳ·
545 421 853 490 προθύμως
888 415 1172 480 ἐκτρέφειν
1210 411 1369 458 τέκνα
1406 408 1499 458 καὶ
1536 403 1855 468 παιδεύειν,
1901 401 1979 470 τῷ
2019 406 2283 471 παρέχειν
2315 394 2496 475 Ἑλλη-

429 507 579 574 νικήν
613 500 691 568 τῷ
739 501 858 550 ὄντι
905 497 995 546 καὶ
1042 492 1327 560 ἀθόρυβον
1374 492 1467 551 καὶ
1513 490 1887 540 καθεστῶσαν
1937 489 2036 558 τήν
2085 485 2255 538 πόλιν
2302 490 2395 539 καὶ
2431 492 2494 541 τὸ

432 587 591 654 δριμύ
626 584 718 634 καὶ
753 582 815 631 τὸ
854 576 1107 646 ἀνδρεῖον
1144 583 1241 646 τῆς
1282 577 1506 645 φύσεως
1541 575 1635 624 καὶ
1671 575 1770 643 τήν
1813 574 2035 623 σύνεσιν
2073 572 2174 622 ἐπὶ
2209 572 2279 622 τά
2321 570 2493 638 μείζω

423 670 514 720 καὶ
547 663 751 717 καλλίω
790 665 1040 731 τρέπειν,
1095 657 1504 728 διχοφροσύνης
1543 655 1602 708 δὲ
1640 659 1734 708 καὶ
1770 663 2016 727 ταραχῆς
2052 658 2146 708 καὶ
2181 664 2283 707 τοῦ
2318 673 2495 727 προσ-

346 753 639 820 11κρούειν
686 743 945 815 ἀλλήλοις
993 746 1069 805 ὡς
1118 743 1236 793 οἷόν
1282 760 1342 793 τε
1391 742 1730 807 ἀπέχεσθαι.
1826 742 1950 793 ἔστι
1996 744 2128 811 γάρ,
2179 741 2222 792 ὦ
2274 742 2488 814 ἄνδρες,
2526 757 2550 798 5

423 835 513 885 καὶ
549 831 719 901 δήμου
758 827 990 880 παιδεία
1027 829 1120 878 καὶ
1156 824 1560 896 πόλεως’ῆθος
1600 824 1923 897 φιλόσοφον
1957 828 2051 877 καὶ
2075 828 2337 890 ἐπιεικές.
2399 831 2493 881 καὶ
2515 820 2679 896 (151szss

425 919 485 968 οὐ
520 919 689 982 μόνον
726 911 1204 977 Λακεδαιμονίοις
1242 910 1368 963 οὐδὲ
1401 905 1736 982 Ἀθηναίοις
1772 914 1836 962 τὸ
1878 909 2126 963 παλαιὸν
2163 914 2256 963 καὶ
2299 911 2494 976 ἄλλοις
2676 915 2677 919 ’

423 1001 537 1050 τισὶ
575 999 768 1067 συνέβη
810 995 902 1048 διὰ
941 998 1003 1046 τὸ
1041 997 1289 1061 κοσμίως
1327 994 1742 1047 πολιτεύεσθαι
1779 994 2026 1064 μεγάλας
2061 998 2155 1048 καὶ
2193 999 2496 1068 ἐπιφανεῖς

426 1077 551 1150 [καὶ]
588 1084 647 1132 ἐκ
683 1083 829 1132 πάνυ
865 1086 1074 1150 μικρῶν
1121 1081 1214 1131 καὶ
1260 1081 1522 1132 ἀσθενῶν
1571 1079 1877 1145 ἀποδεῖξαι
1925 1083 2026 1145 τὰς
2074 1079 2301 1146 πόλεις,
2353 1081 2493 1134 ἀλλὰ

417 1168 509 1218 καὶ
543 1172 651 1218 τῶν
689 1172 780 1218 νῦν
817 1163 997 1229 ἔξεστι
1033 1167 1095 1215 τὸ
1122 1171 1378 1218 τοιοῦτον
1403 1171 1525 1229 τοῖς
1548 1165 1930 1234 βουλομένοις.
1993 1173 2168 1219 ταῦτα
2205 1168 2309 1237 γὰρ
2348 1170 2488 1234 ὑμᾶς
2527 1180 2574 1221 10

419 1249 846 1321 ἐπιτηδεύοντας
883 1248 1054 1301 πλέον
1093 1252 1284 1321 ὀνήσει
1319 1253 1412 1303 καὶ
1448 1259 1551 1303 τοῦ
1586 1250 1849 1323 πλήθους
1899 1258 2011 1303 τῶν
2049 1250 2364 1319 βουλευτῶν
2401 1255 2495 1305 καὶ

419 1341 519 1386 τοῦ
553 1329 691 1404 παρ’
732 1337 858 1400 ὑμῖν
895 1335 962 1384 τὰ
1001 1337 1303 1404 πράγματα
1331 1337 1580 1404 ἄγεσθαι
1609 1339 1703 1389 καὶ
1739 1343 1843 1388 τοῦ
1877 1335 2165 1407 πρόσοδόν
2202 1356 2327 1389 τινα
2362 1344 2494 1409 χρη-

417 1421 605 1484 μάτων
651 1417 862 1483 ἔξωθεν
907 1421 1034 1485 ὑμῖν
1080 1418 1330 1490 ὑπάρξαι
1365 1424 1460 1473 καὶ
1494 1430 1593 1493 τῆς
1630 1420 1961 1493 ἐλευθερίας
2000 1424 2196 1495 αὐτῆς,
2247 1424 2344 1474 ἐὰν
2383 1426 2492 1493 ἄρα
2674 1468 2679 1488 ,

341 1505 404 1556 12
422 1505 513 1554 καὶ
548 1506 743 1554 τούτου
780 1506 975 1574 τύχητέ
1012 1521 1166 1556 ποτε.
1244 1506 1309 1556 εὖ
1339 1507 1444 1576 γάρ
1485 1506 1604 1558 ἴστε
1643 1510 1732 1559 ὅτι
1769 1510 1867 1579 τὴν
1893 1510 1994 1573 μὲν
2022 1505 2319 1579 λεγομένην
2345 1507 2494 1560 έλευ-
2519 1526 2646 1566 (200ss

418 1591 616 1659 θερίαν
661 1592 753 1641 καὶ
797 1593 860 1640 τὸ
908 1592 1080 1656 ὄνομα
1127 1584 1320 1655 τοῦθ’,
1374 1592 1405 1642 δ
1453 1593 1610 1662 παρὰ
1658 1599 1769 1644 τῶν
1805 1595 2158 1663 κρατούντων
2194 1596 2288 1645 καὶ
2327 1592 2487 1645 δυνα-
2531 1610 2573 1649 15

416 1677 593 1739 μένων
628 1676 885 1742 γίγνεται,
924 1677 1102 1727 ε’νίοτε
1142 1677 1203 1726 ού
1233 1674 1467 1729 δυνατὸν
1502 1679 1857 1748 κτήσασθαι·
1896 1680 1995 1748 τήν
2036 1675 2094 1728 δὲ
2128 1676 2315 1749 ἀληθῆ
2345 1677 2494 1730 ἐλευ-

418 1759 617 1828 θερίαν
663 1761 754 1810 καὶ
801 1761 938 1828 ἔργῳ
990 1766 1450 1832 περιγιγνομένην
1497 1767 1620 1825 τοῖς
1677 1764 2016 1832 ἀνθρώποις
2074 1765 2168 1814 καὶ
2215 1765 2351 1834 ἀνὴρ
2402 1765 2496 1814 καὶ

421 1840 584 1904 πόλις
611 1846 808 1915 ἑκάστη
838 1839 976 1915 παρ’
1010 1849 1178 1918 αὐτῆς
1205 1845 1493 1915 λαμβάνει,
1521 1846 1965 1919 μεγαλοφρόνως
1990 1850 2084 1900 καὶ
2108 1850 2182 1919 μὴ
2211 1853 2495 1909 ταπεινῶς

418 1921 551 1997 μηδ’
604 1926 983 1999 ἀνελευθέρως
1034 1929 1323 1983 διοικοῦσα
1371 1935 1434 1983 τὸ
1482 1927 1624 1984 καθ’
1681 1935 1867 2003 αὑτήν.
1956 1934 2046 1984 ἵνα
2097 1931 2157 1984 δὲ
2195 1934 2289 1984 καὶ
2327 1929 2494 1982 ἀλλα-

415 2014 587 2077 χόθεν
626 2012 805 2084 εἰδῆτε
842 2018 938 2086 τήν
977 2018 1111 2088 ἐμήν
1154 2021 1398 2088 γνώμην,
1450 2020 1850 2087 ἀναγνώσομαι
1897 2021 2027 2084 ὑμῖν
2078 2015 2386 2088 ἐπιστολὴν
2424 2019 2489 2085 ἥν
2526 2033 2575 2077 20

423 2114 480 2147 τε
519 2098 683 2159 αὐτὸς
719 2099 1013 2153 ἐπέστειλα
1051 2102 1129 2171 τῴ
1169 2104 1564 2173 αὐτοκράτορι,
1614 2107 1706 2155 ὅτε
1755 2102 2025 2175 ἐκλήθην,
2075 2105 2164 2154 ὅτι
2211 2105 2269 2154 ἐν
2317 2103 2494 2171 ἐκείνῃ

424 2180 766 2250 παρεκάλουν
805 2186 1093 2258 ἀφεθῆναι
1131 2192 1274 2258 πρὸς
1310 2192 1465 2255 ὑμᾶς,
1503 2191 1597 2241 καὶ
1634 2191 1700 2260 ἢν
1738 2192 1948 2251 ἐκεῖνος
1986 2190 2350 2258 ἀντέγραψεν.

427 2488 544 2553 (28)
588 2486 1246 2562 ΑΠΟΛΟΓΙΣΜΟΣ
1247 2496 1970 2650 ΙὲᾸΠΤΕέΣΙΔξΣΧΗΚΕ
2017 2495 2260 2563 ΠΡΟΣ
2296 2495 2495 2563 ΤΗΝ
2519 2516 2679 2562 (201312

367 2784 388 2832 1
560 2764 783 2842 Ἄνδρες
821 2776 1072 2844 πολῖται,
1119 2781 1394 2849 βούλομαι
1437 2787 1567 2851 ὑμῖν
1606 2783 1924 2836 ἀποδοῦναι
1963 2782 2125 2852 λόγον
2163 2791 2262 2854 τῆς
2299 2781 2495 2852 ἑπιδη-
2535 2786 2580 2827 25

428 2857 560 2918 μίας
596 2861 821 2929 ταύτης,
872 2864 1065 2937 ἐπειδὴ
1118 2871 1210 2920 καὶ
1258 2871 1462 2940 βραχύν
1503 2870 1700 2937 οἴομαι
1737 2873 1834 2921 τὸν
1875 2868 2080 2920 λοιπὸν
2120 2869 2364 2920 ἔσεσθαί
2398 2884 2498 2932 μοι

426 2943 635 3006 χρόνον.
718 2947 814 3014 τήν
856 2950 956 3012 μὲν
1003 2952 1103 3019 γὰρ
1157 2958 1333 3025 φυγήν
1382 2959 1540 3018 ὅπως
1590 2954 1875 3026 διήνεγκα,
1927 2957 1999 3025 μὴ
2044 2951 2226 3024 φίλων
2263 2953 2498 3021 ἐρημίας

572 3080 586 3117 ¹
620 3080 718 3124 τῶν
745 3094 826 3136 ΡΥΟ
855 3088 924 3145 τῷ
954 3084 1002 3128 Μ
1143 3094 1168 3132 4
1199 3090 1397 3148 πρέπειν
1428 3093 1465 3136 Τ
1619 3097 1643 3136 5
1677 3090 1864 3139 οἴονται
1893 3091 1943 3134 Μ
2059 3094 2084 3134 9
2114 3092 2195 3136 καὶ
2226 3087 2390 3134 seclusi

440 3147 617 3222 σμικῶν
646 3147 684 3191 Β
801 3155 845 3196 11
880 3155 1025 3202 πλέον
1053 3155 1184 3217 νήσει
1213 3160 1263 3204 Μ
1292 3159 1602 3222 πλέονονήσει
1633 3163 1671 3209 U
1704 3166 1779 3216 (ov
1807 3163 1934 3220 prius
1966 3174 1994 3206 a
2021 3174 2080 3206 m.
2113 3162 2222 3213 seca)
2341 3163 2393 3203 12
2423 3161 2503 3204 καὶ

433 3226 528 3292 “⁰2²
556 3213 636 3299 ’,Γα
765 3224 814 3264 14
843 3219 900 3268 τὸ
930 3223 1102 3273 τούτου
1131 3229 1180 3272 Μ
1346 3237 1396 3277 15
1427 3237 1570 3280 τοῦτο
1600 3248 1684 3291 pro
1715 3228 1857 3281 τοῦθ’
1891 3227 1918 3279 ὃ
1951 3233 1999 3276 Μ
2028 3233 2173 3279 τοῦτο
2204 3232 2427 3275 mutatum
2455 3229 2504 3273 in

436 3286 555 3367 ‘⁰²29
611 3303 635 3329 ⁰
670 3286 705 3330 U
794 3294 844 3335 16
872 3291 1027 3342 ἐνίοτε
1054 3300 1266 3358 γίγνεται
1293 3303 1399 3354 (hoc
1428 3305 1543 3360 ord.)
1572 3305 1689 3361 libri,
1718 3309 1944 3363 transpos.
1975 3302 2256 3362 interpunxit
2283 3301 2445 3356 Pflugk

437 3358 769 3439 mcoaossac‚M
856 3367 904 3406 17
935 3371 1302 3431 περιγενομένην
1330 3374 1369 3418 Τ
1481 3380 1528 3420 18
1561 3373 1726 3430 πόλεις
1754 3376 1805 3420 Μ
1894 3370 2037 3433 αὐτῆς
2066 3375 2115 3419 Μ
2145 3368 2308 3427 αὐτοῖς
2338 3371 2415 3416 BT

438 3423 490 3464 ¹9
518 3424 629 3502 μηδὲ
657 3428 931 3490 ευθθθῦβως
951 3434 998 3478 Μ
1025 3439 1138 3496 μηδὲ
1166 3440 1390 3505 ῥᾳθύμως
1409 3445 1544 3502 UBT,
1574 3442 1684 3506 μηδ’
1715 3441 2041 3507 ἀνελευθέρως
2059 3445 2236 3502 scripsi,
2264 3443 2501 3488 lectionem

438 3488 522 3569 ΠΒ.
543 3497 851 3573 mtefpolatam
879 3513 975 3547 esse
1003 3509 1150 3563 ratus,
1177 3510 1225 3554 in
1254 3514 1493 3572 archetypo
1524 3515 1686 3562 fuisse:
1726 3520 2037 3576 μηδευθορως
2065 3515 2179 3571 (scil.
2209 3514 2268 3558 ab
2299 3516 2338 3560 A
2368 3512 2427 3556 ad
2456 3517 2501 3558 A

439 3560 667 3608 sonbentls
697 3569 852 3614 oculus
880 3572 1178 3632 aberraverat)
1208 3582 1325 3627 unde
1354 3584 1403 3627 M
1431 3581 1541 3645 μηδ’
1571 3582 1911 3648 εὐθορ[ύβ]ως;
1953 3582 2233 3645 εὖθορύβως
2257 3583 2499 3640 geminum

439 3637 589 3676 censet
617 3633 720 3679 Wil.
836 3643 887 3684 20
915 3639 1038 3702 ἰὸητε
1066 3646 1115 3690 Μ
1228 3655 1278 3696 21
1310 3651 1531 3703 ἐπέστιλα
1553 3659 1601 3703 Μ
1719 3652 1792 3706 ὅτι
1823 3657 1876 3705 ἐν
1901 3657 2087 3714 Reiske‚
2117 3648 2201 3703 ὅτε
2229 3653 2283 3701 ἐν
2311 3654 2414 3699 libri

441 3701 494 3742 22
522 3698 693 3750 ἐκεῖνοι
714 3705 751 3750 Τ
867 3713 918 3755 26
947 3711 1004 3760 τὸ
1033 3729 1115 3772 pro
1146 3716 1233 3766 τὸν
1254 3721 1299 3764 Μ
