2684 4140
3 3035 12 3089 *Q

1064 260 1290 307 ORATIO
1320 260 1375 306 L.
2191 260 2257 307 99

179 404 279 469 μὲν
318 401 530 471 ἀλγῶσι
565 407 658 456 καὶ
695 406 1057 466 πεπονθότες
1095 404 1250 469 ὦσιν,
1292 408 1346 456 οἱ
1386 403 1444 456 δὲ
1482 407 1823 472 ὑγιαίνωσιν.
1900 407 1958 455 ,εἰ
1997 402 2055 456 δὲ
2094 404 2258 456 εἶπον
2296 406 2329 454 4

180 485 454 550 ἐλεεινοὺς
490 491 620 550 τοὺς
659 487 1026 559 δημοτικούς,
1082 488 1276 559 μηδεὶς
1332 487 1589 559 ὑπολάβῃ
1643 488 1818 556 λέγειν
1865 507 1933 555 με
1981 492 2057 551 ὡς
2095 488 2260 541 ἄδικα

181 574 274 622 καὶ
311 576 612 642 παράνομα
651 575 926 640 ἔπασχον,
979 576 1152 624 ὁπότε
1189 576 1283 625 καὶ
1319 577 1450 636 τοὺς
1497 576 1609 626 ὑπὸ
1650 576 1857 642 ἰατρῶν
1895 578 2263 640 τεμνομένους

181 656 213 724 ἢ
251 660 583 722 καομένους,
641 660 738 709 ἐπὶ
787 661 1035 729 σωτηρίᾳ
1084 661 1407 724 πάσχοντας
1443 666 1646 723 ταῦτα,
1703 657 1989 726 ἐλεοῦμεν,
2037 661 2131 710 καὶ
2169 656 2263 710 δα-

127 750 152 791 5
185 742 446 808 κρύουσιν
494 735 593 792 ἐπ’
648 744 839 805 αὐτοῖς
884 746 977 794 καὶ
1019 748 1253 814 μητέρες
1297 746 1391 795 καὶ
1437 748 1704 814 πατέρες,
1756 741 1968 805 εἰδότες
2015 741 2263 814 ὠφελου-

181 829 395 890 μένους.
461 826 492 876 ὃ
531 824 589 876 δὲ
617 828 776 897 ἔφην,
817 831 904 878 ὅτι
928 830 1034 879 ’καὶ
1070 832 1346 898 πρότερον
1386 831 1526 894 ὑμᾶς
1562 831 1796 898 ἠγάπων
1824 830 1957 898 πρὶν
1986 829 2018 898 ἢ
2061 832 2264 897 πεῖραν

186 911 374 980 ἱκανὴν
422 909 716 982 εἰληφέναι
764 921 861 983 τῆς
911 911 1191 976 διανοίας,
1252 920 1346 964 νῦν
1395 930 1455 980 γε
1503 915 1687 978 ὀμνύω
1736 914 1867 973 τοὺς
1913 913 2088 973 θεοὺς
2135 913 2265 978 ὑμῖν

185 996 456 1058 ἅπαντας,
493 993 528 1065 ἦ
564 999 671 1066 μὴν
709 998 878 1065 ἔγωγε
915 1000 1013 1068 τὴν
1050 994 1254 1072 βουλὴν
1294 999 1356 1049 ού
1393 1001 1567 1063 μόνον
1597 995 1759 1060 ἀξίαν
1784 1004 1949 1067 τιμῆς
1978 998 2147 1065 κρίνω
2173 998 2267 1046 καὶ

187 1075 405 1147 φιλίας,
450 1078 590 1130 ἀλλὰ
627 1083 721 1132 καὶ
757 1078 1032 1148 θαυμάζω
1071 1084 1170 1151 τὴν
1209 1083 1365 1146 ἰσχὺν
1402 1085 1556 1147 ὑμῶν
1591 1083 1685 1132 καὶ
1721 1083 1821 1151 τὴν
1861 1079 2138 1151 ἀλήθειαν
2174 1081 2269 1134 καὶ

105 1171 153 1214 10
187 1164 284 1232 τὴν
333 1161 675 1233 ἐλευθερίαν.
763 1168 856 1216 καὶ
892 1172 1089 1216 τοῦτον
1127 1167 1328 1234 ἔσχηκα
1368 1167 1464 1216 τὸν
1501 1166 1938 1234 τρόπον,.ὥστε
1983 1165 2063 1232 τῷ
2104 1163 2257 1235 δήμῳ
2300 1166 2331 1214 5

183 1249 283 1312 μὲν
329 1250 662 1300 ἐκτετικέναι
710 1247 891 1301 δοκεῖν
934 1250 1074 1300 κατὰ
1124 1251 1223 1319 τὴν
1271 1252 1517 1314 ἐμαυτοῦ
1564 1247 1824 1315 δύναμιν,
1886 1251 1962 1310 ὡς
2011 1246 2266 1318 πολίτης,

182 1333 311 1397 ὑμῖν
351 1330 409 1382 δὲ
448 1331 697 1403 ὀφείλειν
733 1336 827 1384 καὶ
862 1332 1149 1403 μηδέποτε
1187 1335 1254 1384 ἂν
1283 1332 1596 1405 δυνηθῆναι
1622 1336 1720 1404 τὴν
1746 1334 2017 1401 ὑμετέραν
2044 1333 2266 1383 εὔνοιαν

182 1414 626 1484 ὑπερβαλέσθαι.
709 1420 1003 1469 καὶτοῦτο
1056 1416 1119 1489 δὴ
1160 1421 1224 1469 τὸ
1276 1419 1455 1488 ῥηθὲν
1503 1420 1616 1470 ὑπὸ
1654 1424 1766 1468 τῶν
1818 1415 2079 1485 παλαιῶν
2116 1434 2270 1478 τινος

183 1502 460 1568 ῥητόρων,
509 1499 824 1572 ὑπερβολήν
861 1510 987 1554 τινα
1026 1504 1169 1568 ἔχειν
1210 1501 1406 1555 δοκοῦν
1441 1502 1762 1566 κολακείας,
1813 1505 1902 1554 ὀτι
1938 1504 2053 1564 ,τὸν
2094 1500 2268 1572 δῆμον

105 1593 153 1635 15
189 1586 416 1646 εἰκότως
464 1587 530 1636 ἄν
578 1587 637 1636 ἐν
685 1591 807 1649 τοῖς
861 1586 1192 1658 ὀφθαλμοῖς
1250 1588 1695 1659 περιφεροίμην(
1751 1588 1858 1655 ἐγὼ
1921 1585 2153 1647 δικαίως
2202 1587 2268 1637 ἂν

10 1680 160 1723 57311)
184 1667 408 1734 εἴποιμι
445 1672 589 1738 πρὸς
614 1673 767 1737 ὑμᾶς.
831 1675 924 1724 καὶ
948 1676 1044 1724 τὸν
1069 1675 1192 1725 υἱὸν
1217 1680 1432 1736 τοῦτον,
1473 1675 1524 1724 εἰ
1550 1681 1677 1725 νοῦν
1705 1675 1818 1738 ἔχει
1842 1675 1937 1724 καὶ
1965 1675 2267 1741 σωφρονεῖ,

184 1750 389 1818 νομίζει)
429 1757 615 1806 πάντα
653 1758 750 1807 τὸν
786 1758 911 1824 βίον
949 1760 1078 1824 ὑμῖν
1116 1760 1430 1829 ἀναθήσειν
1454 1760 1548 1811 καὶ
1573 1760 1956 1829 θεραπεύσειν
1992 1759 2133 1822 ὑμᾶς
2172 1757 2269 1821 οὐχ

185 1837 349 1907 ἦττον
386 1841 536 1904 ἐμοῦ.
708 1843 860 1904 τίνος
898 1848 1211 1910 γενομένου,
1253 1846 1425 1914 φήσει
1463 1861 1566 1908 τις,
1603 1846 1698 1895 καὶ
1734 1845 1858 1894 τίνα
1898 1849 2009 1893 τῶν
2048 1839 2264 1911 ἀνδρῶν
2305 1843 2336 1893 6

185 1927 388 1992 πεῖραν
449 1922 698 1995 εἰληφὼς
763 1929 940 1989 οὕτως
1001 1926 1430 1998 ὑπερδιατείνῃ,·
1498 1927 1638 1990 ἴσως
1693 1929 1970 1979 ἐπίπνοιά
2029 1944 2116 1988 τις
2170 1942 2269 1992 μοι

0 2015 80 2059 ῑΜ)
103 2016 152 2057 20
187 2012 406 2074 γέγονεν
434 2011 747 2076 αὐτόματος
771 2016 864 2064 καὶ
894 2015 1043 2084 φορὰ
1075 2022 1173 2085 τῆς
1209 2022 1394 2085 ψυχῆς
1431 2016 1662 2083 τοιαύτη
1704 2015 1850 2082 πρὸς
1887 2014 2053 2078 ὑμᾶς·
2093 2013 2270 2062 ἐκεῖνο

183 2085 237 2142 δ’
282 2093 375 2144 οὖν
412 2096 735 2148 ἐπίστασθε
777 2105 975 2168 σαφῶς
1013 2101 1101 2150 ὅτι
1141 2100 1265 2150 οὔτε
1306 2098 1479 2170 δῆμον
1520 2099 1646 2150 οὔτε
1684 2095 1889 2166 βουλὴν
1929 2097 2054 2146 οὔτε
2093 2093 2269 2164 ἄνδρα

184 2180 476 2249 σατράπην
522 2182 553 2250 ἢ
607 2179 880 2253 δυνάστην
929 2185 961 2252 ἢ
1022 2186 1290 2250 τύραννον
1354 2188 1602 2253 στέργειν
1660 2183 1693 2252 ἢ
1755 2181 2102 2250 θεραπεύειν
2149 2184 2271 2240 τοῖς

183 2259 369 2329 λόγοις
405 2266 511 2332 ἐγὼ
553 2263 820 2333 δύναμαι,
857 2271 931 2339 μὴ
973 2261 1115 2339 παρ’
1159 2254 1384 2336 ἐμαυτῷ
1431 2271 1709 2338 πρότερον
1757 2267 1924 2317 αὐτὸν
1962 2267 2271 2325 ἐπαινέσας

179 2349 272 2398 καὶ
309 2350 371 2398 τὸ
410 2357 507 2420 τῆς
546 2358 727 2423 ψυχῆς
763 2350 911 2423 ἦθος
949 2352 1387 2421 ἀποδεξάμενος.
1451 2356 1595 2420 ὑμᾶς
1623 2351 1681 2404 δὲ
1712 2354 1822 2421 ὁρῶ
1854 2348 2048 2416 σχεδὸν
2078 2352 2272 2410 ὁσάκις

105 2436 154 2482 25
190 2433 344 2496 ὑμῶν
379 2439 567 2502 γέγονε
605 2443 775 2507 πεῖρα
813 2447 911 2510 τῆς
950 2438 1205 2502 διανοίας
1251 2438 1424 2509 μηδὲν
1473 2442 1713 2490 πώποτε
1760 2435 1953 2488 ἄδικον
1990 2434 2131 2506 μηδὲ
2171 2436 2272 2500 ἀμ-

187 2515 424 2585 φίβολον
469 2519 610 2590 μηδὲ
659 2527 929 2575 ταπεινὸν
978 2523 1118 2595 μηδὲ
1170 2522 1542 2592 εὐμετάβολον
1598 2521 1738 2594 μηδὲ
1789 2517 2191 2591 ἀναίσθητον*
2237 2520 2269 2588 ἢ

186 2601 449 2671 θορύβων
486 2606 891 2675 ἢπραγμάτων
917 2608 1431 2679 ἐπιδεδειγμένους·
1474 2611 1617 2660 ὥστε
1644 2602 1867 2674 εἴποιμ’
1911 2608 1977 2658 ἂν
2015 2607 2266 2675 θαρρῶν,

187 2688 335 2752 ἔχετε
371 2692 472 2755 μὲν
498 2695 824 2760 προστάτας
854 2687 1146 2764 χρηστούς,
1188 2694 1385 2747 οὐδένα
1416 2694 1474 2746 δὲ
1503 2692 1663 2758 ἄξιον
1703 2698 1932 2762 ἑαυτῶν,
1973 2685 2099 2741 ἀλλ’
2146 2687 2272 2739 οὐδὲ

188 2779 297 2824 τῶν
323 2777 599 2845 πρότερον
637 2772 706 2847 [ἢ]
746 2781 842 2829 τὸν
882 2781 1016 2846 ἐμὸν
1044 2785 1262 2848 πατέρα
1289 2782 1320 2851 ἢ
1352 2783 1598 2830 πάππον
1627 2777 1753 2829 οὐδὲ
1781 2780 1912 2838 τοὺς
1938 2782 2048 2827 τῶν
2075 2773 2274 2832 ἄλλων,

326 2905 348 2943 1
387 2900 433 2947 οὶ
461 2914 544 2956 pro
575 2903 619 2948 εἰ
643 2901 695 2946 Μ
851 2907 879 2947 4
907 2902 1191 2960 καιομένους
1221 2903 1310 2947 ΒΜ
1509 2898 1539 2959 ἢ
1567 2900 1836 2956 καομένους
1865 2911 1951 2943 om.
1983 2897 2022 2941 T
2193 2900 2274 2943 καὶ

189 2973 337 3017 ταῦτα
367 2971 488 3016 UBT
575 2976 600 3017 8
632 2969 688 3020 οὐ
706 2970 865 3030 μόνον
882 2974 938 3027 Β,
970 2967 1027 3020 οὗ
1047 2985 1132 3017 om.
1153 2973 1288 3019 MUT
1374 2975 1399 3015 9
1431 2966 1566 3029 ἡμῶν
1586 2974 1629 3024 (υ
1650 2971 1892 3026 superser.)
1923 2967 1961 3011 T
2053 2971 2104 3011 13
2132 2962 2272 3026 ὑπερ-

189 3041 452 3098 βαλλέσθαι
482 3043 520 3085 Τ
606 3046 750 3089 τινῶν
782 3043 821 3089 U
852 3060 997 3090 τινων
1016 3043 1054 3087 Τ
1086 3046 1183 3099 (pro
1205 3045 1350 3096 τινος)
1452 3044 1501 3084 15
1533 3039 1783 3098 περιφέροι
1812 3033 1906 3097 μὴν
1935 3037 1984 3081 Μ
2004 3034 2272 3097 περιφέροι,

192 3113 275 3155 νῦν
304 3111 556 3159 Hemsterh.
689 3116 742 3157 16
773 3121 1048 3173 σωφρονεῖν
1075 3113 1193 3165 libri,
1225 3124 1343 3157 corr.
1375 3111 1543 3155 Reiske
1575 3123 1629 3154 ex
1657 3110 1844 3165 interpr.
1966 3112 2015 3151 17
2048 3102 2275 3167 ἀνθήσειν

193 3181 282 3224 ΒΜ
423 3180 708 3241 θεραπεύειν
736 3183 868 3228 UMT
1015 3187 1067 3227 19
1096 3181 1400 3241 ὑπερδιατίνη
1430 3181 1478 3223 Μ
1621 3196 1705 3236 μοι
1733 3181 1806 3232 τίς
1835 3179 1938 3233 (hoc
1967 3178 2081 3231 ord.)
2111 3178 2161 3222 M

195 3254 249 3294 20
278 3250 475 3310 γέγονεν
503 3250 556 3298 ἐν
586 3252 625 3296 Τ
798 3256 847 3297 21
882 3251 1174 3299 ἐπίστασθαι
1203 3252 1252 3295 Μ
1281 3250 1546 3298 ἐπίστασθε
1578 3255 1618 3302 (ε
1647 3263 1676 3294 a
1706 3253 1841 3303 corr.)
1871 3249 1911 3294 U
2056 3253 2109 3293 23
2141 3249 2186 3295 εἰ
2210 3247 2273 3308 μὴ

196 3320 316 3365 UBT
458 3324 512 3365 25
542 3322 710 3380 γέγονε
739 3321 792 3368 ἐν
821 3324 966 3381 πείρα
995 3322 1045 3366 Μ
1202 3321 1317 3380 μηδὲ
1343 3321 1392 3364 Μ
1421 3317 1538 3379 μήτε
1567 3319 1689 3365 UBT
1718 3323 1839 3373 (ante
1868 3315 2162 3378 ἀμφίβολον)

197 3394 250 3434 26
280 3388 397 3449 μήτε
426 3392 527 3436 libri
555 3393 638 3447 bis,
671 3405 786 3438 corr.
818 3393 951 3450 Emp.
1066 3390 1184 3451 μήτε
1212 3392 1331 3447 libri,
1362 3405 1476 3436 corr.
1505 3391 1638 3447 Emp.
1754 3394 1859 3447 post
1888 3384 2185 3449 ἀναίσθητον
2214 3391 2275 3435 la-

198 3474 357 3506 cunam
386 3463 596 3507 indicavit
624 3464 772 3521 Emp.‚
804 3463 881 3521 qui
908 3457 1021 3522 μηδ’
1050 3455 1197 3522 ἦττον
1225 3462 1421 3519 supplet,
1452 3463 1509 3506 ad
1540 3461 1807 3507 sententiam
1837 3464 1942 3517 apte
2090 3457 2122 3520 ἢ
2149 3461 2275 3517 prius

197 3546 283 3578 om.
314 3533 435 3578 UBT
552 3539 602 3578 27
634 3532 855 3595 θόρυβον
884 3534 973 3578 ΒΜ
1101 3532 1492 3592 ἐπιδεδειγμένοις
1519 3533 1602 3579 BU
1630 3546 1689 3577 m.
1721 3545 1788 3590 pr.
1821 3534 1951 3586 (corr.
1981 3535 2099 3586 -ους)
2127 3530 2276 3578 ἔπιδε·

198 3604 429 3662 διγμένοις
458 3604 506 3647 Μ
604 3609 658 3649 29
689 3601 777 3652 τὸν
806 3602 1051 3664 πρότερον
1069 3605 1149 3649 UB
1235 3599 1266 3662 ἢ
1295 3604 1400 3649 secl.
1420 3604 1571 3661 Emp.‚
1601 3603 1719 3660 quod
1749 3602 1919 3648 servari
1947 3607 2098 3661 potest
2116 3603 2154 3647 si
2173 3615 2277 3646 mox

197 3669 227 3730 ἢ
254 3688 336 3731 pro
369 3670 474 3723 οὐδὲ
504 3677 764 3734 scripserim
795 3682 946 3734 potest
966 3677 1100 3720 etiam
1120 3672 1293 3732 (οὔτε)
1312 3670 1401 3721 τὸν
1419 3670 1541 3731 ἐμὸν
1562 3701 1616 3707 -
1638 3700 1692 3707 ——
1716 3670 1827 3721 οὔτε
1846 3670 1959 3727 τοὺς
1978 3675 2077 3719 τῶν
2096 3669 2277 3728 ἄλλων,·

200 3745 277 3789 sed
305 3745 353 3791 in
382 3746 516 3792 huius
543 3748 666 3793 modi
695 3748 896 3793 oratione
927 3747 1096 3792 sufficit
1127 3746 1245 3802 quod
1273 3746 1416 3790 voluit
1442 3745 1577 3802 Emp.
1880 3802 1939 3844 7*
