2684 4140
1042 295 1268 343 ORATIO
1297 294 1506 341 XXXVI.
2281 293 2311 340 7

231 446 328 496 ἅτε
369 441 549 514 φίλων
589 444 714 494 οὔτε
750 444 861 494 ὑπὸ
902 440 1085 494 ἄλλων
1120 443 1478 511 κρειττόνων,
1528 437 1669 491 ἀλλὰ
1709 439 1978 508 πράττειν
2016 435 2314 499 ἀκωλύτως

232 529 301 580 τὰ
342 532 587 598 σφέτερα
625 529 757 596 ἔργα
795 528 935 593 μετὰ
976 529 1165 596 πάσης
1203 523 1400 596 φιλίας
1437 526 1527 577 ἀεὶ
1556 526 1786 576 πάντων
1809 530 2027 594 κοινῆς·
2064 528 2175 574 τῶν
2212 524 2314 589 μὲν

235 614 647 683 φανερωτάτων
684 615 1078 679 πορευομένων
1116 612 1351 661 ἑκάστου
1388 606 1536 660 καθ’
1572 610 1788 672 ἑαυτόν,
1828 609 1890 659 οὐ
1930 604 2311 673 πλανωμένων

233 695 418 758 ἄλλως
453 697 690 766 ἀνόητον
727 693 969 766 πλάνην,
1018 692 1159 753 ἀλλὰ
1192 695 1418 764 χορείαν
1457 691 1759 759 εὐδαίμονα
1791 695 2137 763 χορευόντων
2173 693 2314 758 μετά

177 789 202 831 5
238 798 298 833 τε
335 787 436 832 νοῦ
455 782 550 831 καὶ
577 782 902 850 φρονήσεως
927 787 1025 850 τῆς
1051 781 1251 849 ἀκρας’
1288 784 1392 828 τοῦ
1426 775 1484 829 δὲ
1525 775 1734 829 λοιποῦ
1768 774 2029 847 πλήθους
2065 779 2178 828 ὑπὸ
2217 783 2316 847 τῆς

231 872 422 935 κοινῆς
450 869 628 935 φορᾶς
653 865 926 930 ἀγομένου
952 863 1057 933 μιᾷ
1083 865 1269 932 γνώμῃ
1296 864 1390 914 καὶ
1415 863 1560 932 ὁρμῇ
1585 868 1688 912 τοῦ
1711 859 2033 927 ξύμπαντος
2060 862 2312 929 ούρανοῦ,

230 951 366 1016 μίαν
402 950 505 1019 γὰρ
548 947 611 1019 δή
652 950 857 1018 ταύτην
892 949 1164 1018 καθαρῶς
1201 945 1502 1012 εὐδαίμονα
1531 944 1825 997 πολιτείαν
1865 945 1977 998 εἴτε
2012 947 2106 997 καὶ
2143 942 2312 997 πόλιν
2333 948 2400 1000 23

58 1046 136 1088 (444
157 1045 209 1087 Μ)
228 1036 329 1105 χρὴ
368 1031 573 1097 καλεῖν,
610 1035 709 1102 τήν
733 1033 888 1084 θεῶν
915 1035 1060 1100 πρὸς
1084 1029 1357 1101 ἀλλήλους
1391 1031 1705 1093 κοινωνίαν,
1744 1032 1841 1080 ἐάν
1877 1047 1938 1081 τε
1974 1031 2068 1081 καὶ
2094 1027 2316 1095 ξύμπαν

20 1129 132 1170 (84ss
155 1128 207 1170 ΙΙ)
235 1121 299 1169 τὸ
341 1116 558 1186 λογικὸν
596 1114 873 1186 περιλάβῃ
912 1134 1015 1180 τις,
1054 1117 1380 1184 ἀνθρώπων
1420 1116 1520 1166 σὺν
1556 1115 1722 1176 θεοῖς
1747 1115 2201 1181 ἀριθμουμένων,
2241 1116 2318 1175 ὡς

148 1211 194 1252 10
234 1201 438 1264 παῖδες
467 1204 564 1253 σὺν
593 1200 832 1268 ἀνδράσι
858 1198 1112 1268 λέγονται
1135 1203 1384 1266 μετέχειν
1410 1195 1648 1261 πόλεως,
1689 1200 1860 1268 φύσει
1886 1196 2120 1249 πολῖται
2146 1201 2316 1262 ὄντες,

232 1288 295 1338 ού
333 1285 412 1355 τῷ
453 1289 681 1356 φρονεῖν
717 1302 776 1335 τε
813 1286 907 1335 καὶ
943 1287 1213 1354 πράττειν
1250 1284 1319 1334 τὰ
1346 1289 1458 1334 τῶν
1486 1280 1737 1334 πολιτῶν
1765 1280 1892 1333 οὐδὲ
1919 1281 1998 1350 τῷ
2028 1288 2315 1335 κοινωνεῖν

228 1378 333 1423 τοῦ
353 1374 542 1437 νόμου,
582 1367 837 1432 ἀξύνετοι
863 1369 1016 1429 ὄντες
1042 1369 1228 1418 αὐτοῦ.
1279 1369 1338 1418 ἐκ
1366 1365 1424 1419 δὲ
1450 1373 1562 1418 τῶν
1589 1364 1773 1419 ἀλλων
1800 1373 2092 1432 πανταχοῦ
2115 1374 2317 1418 πασῶν

233 1453 426 1520 σχεδὸν
464 1451 662 1515 ἁπλῶς
697 1456 1099 1523 ἡμαρτημένων
1126 1469 1186 1504 τε
1220 1453 1315 1504 καὶ
1347 1449 1577 1523 φαύλων
1617 1454 1762 1521 πρὸς
1798 1454 1897 1522 τήν
1937 1453 2109 1522 ἄκραν
2149 1453 2316 1503 εὐθύ-

227 1556 366 1608 τητα
415 1544 519 1588 τοῦ
562 1538 729 1588 θείου
775 1538 869 1590 καὶ
910 1538 1186 1606 μακαρίου
1235 1540 1407 1603 νόμου
1456 1539 1549 1589 καὶ
1598 1543 1697 1607 τῆς
1748 1537 1930 1607 ὀρθῆς
1968 1535 2316 1607 διοικήσεως,

153 1631 199 1674 15
236 1625 387 1689 ὅμως
413 1620 472 1673 δὲ
502 1625 645 1691 πρὸς
670 1625 733 1674 τὸ
761 1625 946 1692 παρὸν
973 1623 1358 1692 εὐπορήσομεν
1384 1619 1743 1692 παράδειγμα
1769 1629 1868 1693 τῆς
1903 1624 2319 1692 ἐπιεικέστερον

230 1709 464 1777 ἐχούσης
502 1709 648 1776 πρὸς
683 1709 782 1778 τήν
820 1705 1112 1768 παντελῶς
1161 1705 1612 1777 διεφθαρμένην,
1662 1708 1739 1768 ὡς
1788 1709 1846 1757 έν
1895 1712 2039 1757 πᾶσι
2085 1713 2318 1758 νοσοῦσι

229 1795 326 1844 τόν
350 1785 407 1859 γ’
437 1789 797 1863 ἐλαφρότατα
827 1790 1091 1859 διάγοντα
1117 1790 1196 1859 τῷ
1222 1794 1457 1843 κάκιστα
1480 1790 1808 1859 διακειμένῳ
1839 1789 2314 1861 παραβάλλοντες.

373 1877 479 1944 ἐγὼ
505 1878 608 1942 μὲν
634 1877 730 1927 οὖν
757 1879 902 1946 πρός
926 1894 983 1927 τι
1007 1882 1264 1927 τοιοῦτον
1294 1878 1494 1946 ὥρμων
1520 1875 1598 1944 τῴ
1627 1874 1788 1944 λόγῳ.
1850 1874 2058 1942 μεταξὺ
2105 1874 2163 1928 δὲ
2202 1882 2312 1927 τῶν
2335 1881 2404 1931 24

17 1972 209 2016 (85311)
235 1963 531 2030 παρόντων
580 1961 663 2022 εἷς
710 1958 1033 2030 ἐφθέγξατο
1083 1963 1166 2022 εἰς
1214 1963 1277 2012 τὸ
1326 1966 1527 2028 μέσον,
1588 1963 1765 2031 ὅσπερ
1814 1958 1879 2030 ἦν
1930 1961 2318 2031 πρεσβύτατος

150 2056 198 2098 20
237 2046 417 2096 αὐτῶν
465 2047 559 2097 καὶ
603 2050 868 2114 μέγιστον
916 2044 1136 2112 ἀξίωμα
1184 2047 1350 2111 ἔχων,
1410 2046 1538 2098 εἷπε
1587 2044 1645 2097 δὲ
1698 2048 1845 2096 πάνυ
1895 2043 2319 2112 εὐλαβούμενος,

233 2129 555 2200 Μηδαμῶς,
594 2129 638 2180 ὦ
680 2127 823 2194 ξένε,
864 2132 1123 2200 ἄγροικον
1160 2128 1301 2200 μηδὲ
1339 2132 1680 2201 βαρβαρικὸν
1727 2132 1901 2200 ἡγήσῃ
1939 2133 2003 2182 τὸ
2043 2139 2317 2196 τοιοῦτον,

229 2218 318 2266 ὅτι
362 2212 569 2280 μεταξὺ
622 2212 840 2282 λέγοντί
889 2229 982 2267 σοι
1030 2214 1297 2282 ἐμποδὼν
1344 2217 1625 2285 ἐγενόμην.
1710 2208 1853 2285 παρ’
1906 2217 2036 2281 ὑμῖν
2074 2218 2175 2282 μὲν
2212 2218 2315 2286 γάρ

230 2300 326 2349 οὐκ
363 2299 503 2360 ἔθος
545 2300 667 2351 ἐστὶ
702 2302 765 2350 τὸ
805 2306 1029 2351 τοιοῦτο
1067 2298 1161 2351 διὰ
1199 2303 1263 2351 τὸ
1302 2297 1517 2371 πολλὴν
1552 2301 1845 2371 ἀφθονίαν
1883 2299 2030 2352 εἶναι
2066 2308 2177 2352 τῶν
2203 2299 2320 2368 <έκ>

231 2380 581 2454 φιλοσοφίας
621 2381 796 2451 λόγων
832 2386 926 2436 καὶ
963 2387 1095 2454 περὶ
1133 2387 1347 2446 παντὸς
1383 2387 1513 2435 ὅτου
1563 2387 1630 2436 ἂν
1679 2387 1941 2456 ἐπιθυμῇ
1987 2404 2074 2448 τις
2111 2384 2320 2450 ἐξεῖναι

153 2477 200 2520 25
238 2469 393 2538 παρὰ
432 2465 658 2519 πολλῶν
685 2470 946 2521 ἀκοῦσαν
986 2463 1127 2540 παρ’
1168 2473 1302 2540 ἡμῖν
1330 2467 1388 2520 δὲ
1418 2471 1610 2539 ὥσπερ
1636 2475 1802 2536 τέρας
1826 2489 1883 2522 τι
1907 2478 2072 2523 τοῦτο
2100 2476 2320 2542 πέφηνε

229 2554 292 2603 τὸ
336 2554 396 2602 σὲ
433 2556 566 2623 ἡμῖν
604 2554 940 2624 ἀφικέσθαι.
1002 2557 1066 2605 τὸ
1095 2552 1154 2606 δὲ
1185 2553 1387 2606 λοιπὸν
1416 2553 1609 2620 σχεδόν
1647 2573 1705 2606 τι
1744 2553 1905 2625 δεῦρο
1945 2557 2315 2627 ἀφικνοῦνται
2335 2561 2403 2611 25

230 2637 465 2702 ὀνόματι
487 2631 760 2708 (Έλληνες,
799 2645 868 2709 τῇ
895 2636 953 2690 δὲ
982 2637 1228 2709 ἀληθείᾳ
1266 2640 1692 2709 βαρβαρώτεροι
1728 2644 1901 2708 ἡμῶν,
1941 2642 2188 2712 ἔμποροι
2223 2644 2317 2694 καὶ

229 2722 514 2791 ἀγοραῖοι,
563 2725 701 2793 ῥάκη
744 2721 930 2793 φαῦλα
966 2725 1060 2775 καὶ
1097 2722 1249 2775 οἶνον
1288 2727 1536 2795 πονηρὸν
1573 2722 1985 2791 εἰσκομίζοντες
2020 2729 2114 2778 καὶ
2149 2730 2218 2777 τά
2256 2743 2317 2795 γε

228 2799 369 2876 παρ’
411 2810 567 2877 ἡμῶν
607 2805 766 2858 οὐδὲν
803 2805 1006 2875 βελτίω
1043 2811 1257 2860 τούτων
1296 2807 1641 2878 ἐξαγόμενοι.
1705 2812 1765 2862 σὲ
1806 2808 1865 2861 δὲ
1907 2812 2075 2872 αὐτὸς
2110 2815 2243 2881 ἡμῖν
2283 2814 2314 2862 ό

148 2901 196 2943 30
227 2883 508 2956 Ἀχιλλεὺς
545 2893 690 2944 ἔοικε
729 2890 890 2962 δεῦρο
929 2894 1045 2945 ἀπὸ
1083 2901 1183 2964 τῆς
1208 2895 1378 2964 νήσου
1407 2892 1755 2962 διαπέμψαι,
1791 2897 1889 2946 καί
1927 2909 1988 2946 σε
2026 2898 2174 2947 πάνυ
2212 2898 2313 2962 μὲν

228 2973 405 3046 ἡδέως
442 2978 673 3043 ὁρῶμεν,
712 2979 860 3028 πάνυ
901 2975 960 3028 δὲ
998 2976 1178 3048 ἡδέως
1217 2979 1488 3045 ἀκούομεν
1526 2981 1633 3041 ὅ,τι
1670 2980 1737 3029 ἂν
1777 2977 1951 3049 λέγῃς.
2019 2981 2081 3029 οὐ
2118 2984 2314 3046 μέντοι

228 3058 406 3111 πολύν
442 3079 568 3112 τινα
589 3063 790 3130 χρόνον
815 3062 1108 3131 ἡγούμεθα
1136 3063 1380 3113 ἔσεσθαι
1403 3069 1602 3113 τοῦτον
1630 3060 1756 3114 οὐδὲ
1783 3061 2130 3130 βουλόμεθα,
2171 3063 2311 3116 ἀλλά

230 3157 291 3194 σε
340 3145 404 3194 εὖ
447 3143 737 3213 πράξαντα
787 3143 975 3196 οἴκαδε
1023 3144 1321 3196 κατελθεῖν
1368 3149 1467 3216 τὴν
1514 3148 1796 3216 ταχίστην.
1895 3155 1989 3199 νῦν
2039 3150 2135 3201 οὖν
2184 3153 2314 3202 ἐπεὶ
2332 3152 2400 3204 26

370 3326 394 3365 2
426 3316 522 3368 ἀεί·
553 3319 749 3369 πάντων
766 3326 941 3378 κοινῶς
960 3326 1058 3370 τῶν
1079 3323 1184 3369 Wil.
1273 3327 1298 3368 8
1328 3323 1514 3380 ξύμπαν
1534 3321 1591 3371 τὸ
1615 3325 1828 3384 Casaub„
1857 3327 2103 3385 ξύμπαντα
2124 3328 2226 3374 libri

227 3396 253 3436 9
283 3389 533 3451 περιβάληι
564 3393 601 3438 U
623 3390 883 3453 παραβάλῃ
904 3394 943 3438 Τ
1063 3399 1112 3438 10
1133 3398 1349 3441 πολεῖται
1370 3394 1421 3439 Μ
1512 3399 1559 3441 11
1593 3391 1650 3443 οὐ
1670 3399 1741 3458 τῷ
1760 3405 2033 3459 σωφρονεῖν
2052 3415 2105 3446 τε
2125 3399 2162 3443 Β
2185 3391 2314 3447 οὕτω

224 3470 449 3522 φρονεῖτε
468 3463 518 3508 Μ
635 3468 684 3508 15
720 3458 899 3521 ὁμοίως
919 3464 968 3508 Μ
1083 3458 1415 3524 εὐπορήσομεν
1444 3465 1679 3523 ReiskiuS,
1717 3462 2063 3529 εὐπορήσωμεν
2091 3459 2198 3515 libri

224 3532 523 3593 παράδειγμα
554 3535 727 3591 scripsi,
758 3533 1158 3595 παραδειγμάτων
1186 3535 1288 3581 libri
1318 3533 1617 3596 παράδειγμα
1648 3533 1705 3585 τὸ
1728 3539 1968 3597 Emperius
2065 3544 2114 3586 17
2146 3536 2234 3587 τόν
2262 3536 2313 3600 γ’

226 3604 371 3661 Emp.,
401 3601 490 3651 τὸν
518 3600 565 3651 δ’
594 3606 697 3651 libri
814 3609 866 3651 19
897 3598 1063 3666 ὥσπερ
1093 3607 1181 3650 ΒΜ
1268 3610 1318 3651 21
1353 3611 1546 3655 τοιοῦτο
1579 3607 1628 3652 Μ
1716 3613 1770 3655 23
1800 3615 2026 3659 τοιοῦτον
2054 3611 2093 3656 Τ
2116 3614 2310 3659 τοιοῦτο

226 3676 364 3720 ceteri
477 3674 531 3722 ἐκ
560 3675 730 3721 addidit
758 3676 893 3733 Emp.
1028 3679 1081 3722 28
1124 3673 1251 3737 ῥάβη
1280 3677 1329 3722 Μ
1474 3682 1527 3723 29
1558 3672 1670 3736 ἡμῖν
1700 3680 1738 3724 Τ
1855 3686 1904 3728 31
1937 3683 2050 3742 λέγῃ
2080 3699 2150 3738 τις
2183 3682 2312 3729 UBM

224 3745 354 3804 λέγοι
384 3762 453 3800 τις
482 3746 536 3802 Τ,
568 3759 684 3792 corr.
714 3746 847 3803 Emp.
