2684 4140
362 254 464 302 226
1046 244 1193 291 DION
1196 243 1249 288 IS
1279 241 1366 286 DE
1396 240 1757 286 LIBERTATE

356 393 586 465 [χαλεπή
629 390 687 441 δὲ
725 384 915 459 ἡδονὴ]
952 391 1046 440 καὶ
1085 391 1248 458 φέρει
1288 384 1466 451 δεσμὰ
1503 385 1645 435 κατὰ
1684 387 1783 456 τήν
1823 387 1993 456 αὐτῆς
2034 388 2205 456 φύσιν
2244 387 2458 458 εὐανθῆ

354 481 447 531 καὶ
482 474 703 543 μαλακὰ
741 476 840 544 τὴν
879 476 1126 543 πρώτην,
1167 473 1314 533 οἵοις
1356 468 1505 531 εἰκός
1543 471 1667 521 ἐστι
1702 468 2085 522 καταδεῖσθαι
2131 469 2387 539 βασιλεῖς
2425 473 2457 542 ἢ

355 563 656 631 τυράννους
692 560 786 609 καὶ
824 560 1072 622 πάντας,
1125 559 1255 609 ὅσοι
1289 556 1582 625 μακαρίων
1621 553 1826 618 παῖδες
1875 554 2196 625 κέκληνται·
2246 558 2461 607 τούτων

278 654 340 704 12
363 645 421 698 δὲ
454 643 850 712 χαλεπώτερον
891 641 1051 694 οὐδὲν
1091 640 1219 693 οὐδὲ
1260 638 1473 708 μᾶλλον
1512 642 1792 711 ἐμφύεται
1828 643 1922 693 καὶ
1947 638 2146 705 πιέζει.
2215 642 2356 707 μετὰ
2401 640 2461 692 δὲ

291 754 293 756 ’
356 733 562 800 ταύτην
609 726 786 799 ἦλθεν
835 732 1022 798 ἑτέρα,
1072 721 1264 779 κλοιόν
1313 744 1440 778 τινα
1495 729 1748 796 φέρουσα
1792 734 2033 798 χρυσοῦν
2082 729 2114 798 ἢ
2165 729 2454 799 ἀργυροῦν.
2493 738 2518 777 5

355 822 552 866 τοῦτον
593 811 652 864 δὲ
702 814 1014 881 περιθεῖσα
1053 810 1200 864 ἕλκει
1246 813 1348 878 μὲν
1388 809 1623 872 ἰδιώτας
1673 813 1807 881 περὶ
1855 819 2047 863 πᾶσαν
2085 821 2183 883 γῆν
2221 815 2316 865 καὶ
2352 816 2463 865 θά-

359 899 598 963 λασσαν,
639 895 785 950 ἕλκει
825 896 884 949 δὲ
923 895 1181 966 βασιλεῖς
1217 889 1360 948 καθ’
1397 887 1692 961 Ἡσίοδον,
1735 899 1893 965 σύρει
1932 895 1991 948 δὲ
2031 896 2256 951 πόλεων
2298 914 2465 970 στρα-

357 986 560 1056 τηγοὺς
586 986 686 1035 ἐπὶ
712 981 912 1048 πύλας,
943 985 1088 1035 ὥστε
1115 984 1362 1051 ἀνοίγειν
1381 983 1477 1034 καὶ
1502 979 1862 1052 προδιδόναι.
1929 985 2071 1054 φησὶ
2098 982 2157 1035 δὲ
2183 983 2467 1055 κήδεσθαι

357 1072 589 1134 τούτων,
630 1071 726 1131 οὓς
764 1071 831 1121 ἂν
870 1067 1144 1139 ἀπολλύῃ,
1184 1070 1279 1120 καὶ
1316 1071 1507 1119 ποιεῖν
1533 1066 1899 1134 εὐδαίμονας·
1941 1069 2134 1139 ὥσπερ
2157 1063 2467 1142 Ἀστυάγην

359 1158 500 1207 ποτὲ
539 1157 729 1226 Κῦρος
777 1156 836 1206 ἐν
869 1159 1107 1225 χρυσαῖς
1145 1153 1312 1225 ἔδησε
1352 1152 1584 1218 πέδαις,
1637 1155 1714 1215 ὡς
1764 1155 1831 1205 ἂν
1872 1151 2039 1225 δῆλον
2088 1158 2177 1206 ὅτι
2214 1158 2462 1207 πάππου
2501 1160 2549 1203 10

278 1248 342 1299 13
361 1238 686 1312 κηδόμενος.
820 1238 967 1291 πολὺ
1009 1231 1063 1291 δ’
1108 1241 1175 1291 ἂν
1215 1241 1374 1310 ἔργον
1414 1237 1499 1309 εἴη
1529 1236 1800 1302 διεξιέναι
1825 1241 2018 1302 πάσας
2044 1241 2146 1302 τὰς
2173 1239 2330 1303 ἰδέας
2355 1241 2464 1294 τιῖν

362 1325 597 1394 δεσμῶν.
672 1329 767 1378 ἕνα
808 1318 861 1376 δ’
907 1326 1002 1377 οὖν
1040 1322 1201 1389 ἄξιον
1237 1327 1310 1396 μὴ
1353 1329 1623 1394 παρεῖναι
1660 1326 1757 1376 τὸν
1784 1323 2258 1394 παραδοξότατον
2286 1326 2469 1379 αὐτῶν

358 1413 454 1464 καὶ
490 1410 933 1475 ποικιλώτατον,
991 1411 1054 1462 ὃν
1091 1415 1123 1482 ή
1161 1408 1537 1480 χαλεπωτάτη
1581 1414 1744 1480 φέρει
1791 1409 2096 1476 δέσποινα,
2149 1411 2340 1483 χρυσῷ
2378 1415 2473 1464 καὶ

361 1499 579 1567 ἀργύρῳ
618 1499 714 1548 καὶ
751 1498 1051 1558 παντοίοις
1091 1494 1285 1558 λίθοις
1323 1513 1383 1547 τε
1420 1497 1515 1547 καὶ
1551 1497 1778 1567 ψήφοις
1814 1497 1908 1548 καὶ
1946 1493 2102 1565 ζῴων
2139 1502 2338 1568 κέρασι
2373 1500 2468 1550 καὶ
2489 1486 2570 1573 ἓξὲξ
2588 1484 2673 1573 {³9¹¹

362 1581 561 1633 ὀδοῦσι
596 1583 692 1633 καὶ
729 1583 1046 1651 ὀστράκοις,
1085 1582 1172 1632 ἔτι
1213 1579 1273 1632 δὲ
1313 1579 1614 1650 ἁλουργέσι
1637 1582 1857 1652 βαφαῖς
1881 1584 1975 1634 καὶ
2001 1586 2219 1653 ἑτέροις
2242 1586 2470 1655 μυρίοις
2509 1584 2555 1625 15

361 1669 512 1719 τισὶν
556 1669 750 1736 ὥσπερ
790 1669 963 1734 ὅρμον
1003 1664 1284 1737 πολυτελῆ
1320 1668 1416 1717 καὶ
1452 1667 1791 1732 θαυμαστὸν
1818 1669 2114 1738 ἀσκήσασα
2151 1672 2247 1722 καὶ
2284 1668 2471 1720 πολλά

361 1770 487 1803 τινα
526 1754 585 1803 ἐν
625 1750 774 1820 αὐτῷ
816 1754 1070 1823 σχήματά
1109 1769 1169 1803 τε
1206 1753 1301 1803 καὶ
1338 1752 1569 1821 μορφὰς
1616 1756 2008 1823 μιμησαμένη,
2061 1757 2376 1824 στεφάνους
2415 1772 2475 1806 τε

363 1839 459 1890 καὶ
498 1845 754 1909 σκῆπτρα
791 1840 886 1890 καὶ
922 1841 1124 1908 τιάρας
1161 1839 1257 1889 καὶ
1282 1838 1532 1908 θρόνους
1569 1835 1851 1907 ὑψηλούς·
1890 1839 2159 1905 καθάπερ
2201 1842 2258 1890 οἱ
2282 1856 2477 1907 περιτ-

362 1925 454 1975 τοὶ
489 1927 738 1990 τεχνῖται
773 1921 966 1986 κλίνας
1012 1924 1172 1985 τινὰς
1219 1924 1252 1993 ἢ
1306 1923 1494 1993 θύρας
1541 1924 1573 1993 ἢ
1626 1924 1848 1994 ὀροφὰς
1897 1926 2090 1976 οἰκιῶν
2136 1927 2476 1976 κατασκευά-

363 2006 552 2072 ζοντες
577 2002 724 2079 ἕτερ’
756 2011 898 2060 ἄττα
919 2015 1280 2080 μηχανῶνται
1303 2009 1640 2080 φαίνεσθαι,
1669 2006 1808 2076 λέγω
1832 2007 1891 2060 δὲ
1916 2010 2036 2061 οἷον
2056 2011 2252 2081 θυρῶν
2273 2007 2470 2076 ἐξοχὰς
2507 2008 2554 2050 2⁰

284 2098 349 2148 14
369 2095 592 2165 θηρίων
639 2091 917 2165 κεφαλαῖς
967 2096 1381 2155 ἀπεικάσαντες
1426 2095 1522 2144 καὶ
1578 2096 1782 2145 κιόνων
1840 2096 2083 2160 ὁμοίως·
2141 2097 2227 2148 ἔτι
2276 2093 2335 2147 δὲ
2385 2098 2481 2148 καὶ

366 2177 500 2249 ἦχος
536 2181 594 2230 ἐν
633 2181 811 2247 τούτῳ
851 2180 946 2231 καὶ
995 2181 1152 2250 φωνὴ
1194 2180 1441 2231 παντοία
1478 2181 1692 2248 κρότων
1730 2196 1790 2231 τε
1826 2181 1921 2231 καὶ
1958 2187 2329 2248 ποππυσμῶν
2369 2176 2480 2250 [καὶ

369 2267 500 2333 ἠχεῖ
527 2270 703 2314 ταῦτα
742 2264 811 2314 τά
853 2259 1067 2333 δεσμά].
1147 2261 1322 2315 πάλιν
1363 2264 1458 2315 οὖν
1497 2270 1696 2315 τοῦτον
1736 2263 2071 2334 περιβάλλει
2121 2264 2478 2337 δημαγωγοῖς

367 2366 428 2399 τε
464 2350 559 2400 καὶ
603 2346 949 2416 βασιλεῦσιν.
1037 2342 1162 2399 ἀλλ’
1216 2352 1376 2411 ὅπως
1424 2351 1498 2420 μή
1555 2347 1752 2418 πόρρω
1806 2365 1919 2401 που
1960 2351 2121 2403 αὐτοὶ
2161 2352 2476 2422 φερώμεθα

368 2436 481 2484 ὑπὸ
520 2441 619 2505 τῆς
657 2432 886 2498 εἰκόνος,
929 2435 1121 2504 ὥσπερ
1151 2435 1324 2496 ὄντως
1351 2431 1565 2501 εἰδώλῳ
1594 2436 1706 2485 τινὶ
1734 2432 1897 2503 λόγου
1925 2433 2468 2500 ἐπακολουθοῦντες,
2507 2434 2556 2476 25

371 2521 450 2581 ὡς
475 2513 721 2589 Ὅμηρος
751 2510 1008 2585 Ἀχιλλέα
1048 2521 1287 2589 ἐποίησε
1337 2518 1416 2587 τῷ
1470 2525 1574 2570 τοῦ
1602 2513 1905 2591 Ἀγήνορος
1943 2520 2224 2589 ἑπόμενον
2262 2523 2479 2592 μακρὰν

376 2602 684 2656 ἀπελθεῖν·
726 2606 930 2667 ἱκανῶς
968 2606 1099 2671 ἔχει.

522 2788 541 2828 1
573 2780 759 2843 χαλεπὴ
792 2810 846 2816 -
875 2779 1019 2843 ἡδονὴ
1051 2784 1237 2830 seclusit
1265 2784 1396 2842 Emp.
1521 2784 1686 2843 φέρειν
1713 2785 1832 2842 libri,
1862 2786 1998 2846 φέρει
2029 2787 2207 2832 Geelius
2338 2783 2482 2847 αὐτῆς

371 2854 466 2900 UM
620 2859 645 2899 2
686 2852 808 2910 οἵοις
844 2855 1027 2913 scripsi,
1069 2850 1142 2910 οἷς
1179 2855 1281 2900 libri
1439 2859 1464 2900 3
1503 2853 1680 2911 πάντες
1723 2856 1880 2914 UBM,
1919 2870 2036 2902 corr.
2068 2858 2175 2902 editi
2317 2858 2482 2918 κέκλη-

371 2943 451 2971 ται
479 2925 530 2970 Μ
674 2931 699 2971 5
731 2923 844 2985 ἕτεῤ
873 2927 994 2982 (sici)
1024 2926 1065 2972 U
1212 2930 1235 2970 7
1266 2921 1390 2973 καθ’
1414 2924 1657 2974 Ἡσίοδονε
1690 2928 1877 2984 respicit
1904 2930 2136 2988 βασιλῆας
2166 2925 2483 2989 δωροφάγους

374 2996 458 3053 Op.
491 3001 537 3042 et
566 2997 675 3043 Dies
697 3000 750 3042 39
888 3001 912 3043 8
945 3002 1064 3056 φασὶ
1093 2997 1143 3045 δὲ
1170 3000 1252 3044 καὶ
1282 3001 1467 3044 δεῖσθαι
1498 2994 1685 3045 τούτων
1715 2999 1860 3054 UBM,
1891 2999 2143 3045 emendavit
2173 3000 2367 3045 casaub.

376 3071 401 3111 9
432 3062 686 3127 ἄστυάγειν
716 3068 768 3113 Μ
886 3072 938 3113 10
969 3068 1108 3123 πέδες
1138 3068 1187 3111 Μ
1219 3068 1382 3123 πέδαις
1413 3073 1480 3123 (αι
1508 3080 1538 3112 a
1568 3068 1707 3126 corr.)
1736 3070 1779 3115 U
1903 3075 1954 3114 11
1986 3075 2067 3117 καὶ
2097 3066 2257 3125 πάσας
2286 3071 2368 3117 UB

381 3141 433 3182 12
463 3133 582 3184 ἔνθα
613 3134 660 3185 δ’
692 3131 779 3186 οὖν
807 3139 954 3195 UBM,
986 3153 1103 3185 corr.
1137 3139 1245 3184 editi
1360 3137 1498 3194 ἀξιον
1528 3135 1648 3186 εἶναι
1669 3140 1711 3185 U
1798 3137 1856 3188 τὸ
1888 3154 1972 3199 pro
2003 3137 2092 3189 τὸν
2112 3142 2192 3188 ΠΒ
2293 3145 2343 3185 17
2377 3139 2487 3200 σχή-

375 3204 505 3264 ματά
535 3224 587 3254 τε
616 3209 749 3267 Emp.
783 3204 999 3269 ὄχήματά
1032 3227 1085 3258 τε
1115 3211 1197 3257 UB
1231 3206 1388 3270 ὄχημα
1420 3227 1473 3258 τε
1503 3211 1553 3255 Μ
1669 3229 1723 3259 τε
1754 3226 1841 3259 om.
1872 3213 1955 3260 UB
2082 3218 2133 3258 18
2163 3209 2295 3261 καθὰ
2327 3229 2484 3271 περιτ-

376 3280 454 3323 τοὶ
483 3281 588 3332 (om.
621 3279 680 3332 οἳ)
713 3281 764 3325 Μ
881 3286 934 3326 19
963 3283 1156 3337 κλείνας
1185 3282 1236 3327 Μ
1381 3286 1435 3327 20
1468 3280 1658 3342 ἐξοχαῖς
1686 3283 1768 3329 UB
1907 3288 1957 3330 21
1991 3288 2224 3344 κεφαλαῖς
2252 3284 2509 3338 ΒθὶΒΙςίαε,’

378 3344 592 3405 κεφαλάς
620 3349 722 3395 libri
853 3355 908 3396 22
938 3355 1243 3411 πομπυσμῶν
1271 3352 1323 3398 Μ
1353 3356 1622 3411 ποπυσμῶν
1652 3354 1691 3399 Β
1833 3359 1915 3403 καὶ
1947 3383 2000 3388 -
2032 3359 2085 3400 23
2117 3353 2265 3413 δεσμοὶ
2298 3354 2484 3400 seclusit

380 3419 515 3476 Emp.
605 3420 912 3481 περιβάλλειν
932 3423 981 3467 Μ
1070 3428 1124 3469 23
1154 3426 1431 3484 δημαγωγοί
1450 3425 1501 3469 Μ
1588 3429 1642 3470 26
1672 3419 1941 3487 άντήνορος
1959 3425 2078 3481 libri,
2110 3437 2224 3472 corr.
2245 3423 2478 3469 Morellius

380 3502 437 3534 ex
465 3490 516 3536 11.
551 3494 620 3547 21,
642 3495 724 3537 595
842 3496 895 3537 27
929 3491 1027 3553 ἔχει
1057 3508 1143 3540 om.
1175 3497 1214 3541 B

1267 3639 1605 3649 —-———
