<?xml version="1.0" encoding="UTF-8"?>
<!DOCTYPE html PUBLIC "-//W3C//DTD XHTML 1.0 Transitional//EN"
    "http://www.w3.org/TR/xhtml1/DTD/xhtml1-transitional.dtd">
<html xmlns="http://www.w3.org/1999/xhtml" xml:lang="en" lang="en">
 <head>
  <title>
</title>
<meta http-equiv="Content-Type" content="text/html;charset=utf-8" />
  <meta name='ocr-system' content='tesseract 3.04.00' />
  <meta name='ocr-capabilities' content='ocr_page ocr_carea ocr_par ocr_line ocrx_word'/>
</head>
<body>
  <div class='ocr_page' id='page_1' title='image "./dionisprusaensis02diocuoft_0390.png"; bbox 0 0 2684 4140; ppageno 0'>
   <div class='ocr_carea' id='block_1_1' title="bbox 300 299 403 348">
    <p class='ocr_par' dir='ltr' id='par_1_1' title="bbox 300 299 403 348">
     <span class='ocr_line' id='line_1_1' title="bbox 300 299 403 348; baseline -0.019 0"><span class='ocrx_word' id='word_1_1' title='bbox 300 299 403 348; x_wconf 83' lang='lat'><strong>372</strong></span> 
     </span>
    </p>
   </div>
   <div class='ocr_carea' id='block_1_2' title="bbox 1221 293 1483 340">
    <p class='ocr_par' dir='ltr' id='par_1_2' title="bbox 1221 293 1483 340">
     <span class='ocr_line' id='line_1_2' title="bbox 1221 293 1483 340; baseline 0.004 -2"><span class='ocrx_word' id='word_1_2' title='bbox 1221 293 1483 340; x_wconf 78' lang='lat' dir='ltr'><strong>INDICES.</strong></span> 
     </span>
    </p>
   </div>
   <div class='ocr_carea' id='block_1_3' title="bbox 298 427 2403 498">
    <p class='ocr_par' dir='ltr' id='par_1_3' title="bbox 298 427 2403 498">
     <span class='ocr_line' id='line_1_3' title="bbox 298 427 2403 498; baseline -0.001 -12"><span class='ocrx_word' id='word_1_3' title='bbox 298 434 567 498; x_wconf 78' lang='grc' dir='ltr'><strong><em>Αὖτάρκεια</em></strong></span> <span class='ocrx_word' id='word_1_4' title='bbox 613 431 701 483; x_wconf 79' lang='grc' dir='ltr'><strong>οὐκ</strong></span> <span class='ocrx_word' id='word_1_5' title='bbox 753 430 991 483; x_wconf 81' lang='grc' dir='ltr'><strong><em>α’δὺνατον</em></strong></span> <span class='ocrx_word' id='word_1_6' title='bbox 1043 427 1325 496; x_wconf 71' lang='grc' dir='ltr'><strong><em>ἀνθρώποις</em></strong></span> <span class='ocrx_word' id='word_1_7' title='bbox 1374 436 1572 493; x_wconf 87' lang='grc' dir='ltr'><strong><em>Δαίμων</em></strong></span> <span class='ocrx_word' id='word_1_8' title='bbox 1625 436 1884 480; x_wconf 88' lang='lat' dir='ltr'><strong>daemonem</strong></span> <span class='ocrx_word' id='word_1_9' title='bbox 1935 437 2086 482; x_wconf 86' lang='lat' dir='ltr'><strong>vocari</strong></span> <span class='ocrx_word' id='word_1_10' title='bbox 2146 451 2282 495; x_wconf 89' lang='lat' dir='ltr'><strong>posse</strong></span> <span class='ocrx_word' id='word_1_11' title='bbox 2326 441 2403 495; x_wconf 89' lang='lat' dir='ltr'><strong>qui</strong></span> 
     </span>
    </p>
   </div>
   <div class='ocr_carea' id='block_1_4' title="bbox 349 503 1328 776">
    <p class='ocr_par' dir='ltr' id='par_1_4' title="bbox 349 503 1328 776">
     <span class='ocr_line' id='line_1_4' title="bbox 352 503 1326 569; baseline -0.002 -14"><span class='ocrx_word' id='word_1_12' title='bbox 352 511 494 569; x_wconf 82' lang='grc' dir='ltr'><strong><em>βιοῦν</em></strong></span> <span class='ocrx_word' id='word_1_13' title='bbox 513 503 639 554; x_wconf 75' lang='grc' dir='ltr'><strong><em>πάνυ</em></strong></span> <span class='ocrx_word' id='word_1_14' title='bbox 656 508 817 560; x_wconf 80' lang='grc' dir='ltr'><strong><em>καλῶς</em></strong></span> <span class='ocrx_word' id='word_1_15' title='bbox 834 507 916 552; x_wconf 83' lang='grc' dir='ltr'><strong>καὶ</strong></span> <span class='ocrx_word' id='word_1_16' title='bbox 936 506 1153 563; x_wconf 85' lang='grc' dir='ltr'><strong><em>νομίμως</em></strong></span> <span class='ocrx_word' id='word_1_17' title='bbox 1172 532 1226 539; x_wconf 92' lang='grc'>-</span> <span class='ocrx_word' id='word_1_18' title='bbox 1246 510 1326 554; x_wconf 83' lang='grc' dir='ltr'><strong>καὶ</strong></span> 
     </span>
     <span class='ocr_line' id='line_1_5' title="bbox 353 573 1328 638; baseline 0.001 -13"><span class='ocrx_word' id='word_1_19' title='bbox 353 580 462 638; x_wconf 87' lang='grc' dir='ltr'><strong><em>δίχα</em></strong></span> <span class='ocrx_word' id='word_1_20' title='bbox 497 579 727 638; x_wconf 79' lang='grc' dir='ltr'><em>γεωργῶν</em></span> <span class='ocrx_word' id='word_1_21' title='bbox 760 579 842 623; x_wconf 83' lang='grc' dir='ltr'><strong>καὶ</strong></span> <span class='ocrx_word' id='word_1_22' title='bbox 890 573 1164 636; x_wconf 85' lang='grc' dir='ltr'><strong><em>οἰκοδόμων</em></strong></span> <span class='ocrx_word' id='word_1_23' title='bbox 1206 580 1328 636; x_wconf 89' lang='lat' dir='ltr'><strong>quod</strong></span> 
     </span>
     <span class='ocr_line' id='line_1_6' title="bbox 351 646 1325 708; baseline 0.002 -14"><span class='ocrx_word' id='word_1_24' title='bbox 351 650 620 707; x_wconf 81' lang='lat' dir='ltr'><strong>Scytharum</strong></span> <span class='ocrx_word' id='word_1_25' title='bbox 639 650 738 695; x_wconf 82' lang='grc' dir='ltr'><strong>τῶν</strong></span> <span class='ocrx_word' id='word_1_26' title='bbox 757 646 981 706; x_wconf 81' lang='grc' dir='ltr'><em>νομάδων</em></span> <span class='ocrx_word' id='word_1_27' title='bbox 996 649 1199 708; x_wconf 86' lang='lat' dir='ltr'><strong>exemplo</strong></span> <span class='ocrx_word' id='word_1_28' title='bbox 1221 663 1325 708; x_wconf 93' lang='lat' dir='ltr'><strong>pro-</strong></span> 
     </span>
     <span class='ocr_line' id='line_1_7' title="bbox 349 719 791 776; baseline -0.002 -10"><span class='ocrx_word' id='word_1_29' title='bbox 349 721 498 766; x_wconf 79' lang='lat' dir='ltr'><strong>batur.</strong></span> <span class='ocrx_word' id='word_1_30' title='bbox 542 719 590 764; x_wconf 95' lang='lat'><strong>11</strong></span> <span class='ocrx_word' id='word_1_31' title='bbox 622 723 718 776; x_wconf 80' lang='lat'><strong>176,</strong></span> <span class='ocrx_word' id='word_1_32' title='bbox 749 724 791 766; x_wconf 87' lang='lat'><strong>4.</strong></span> 
     </span>
    </p>
   </div>
   <div class='ocr_carea' id='block_1_5' title="bbox 291 805 1329 1079">
    <p class='ocr_par' dir='ltr' id='par_1_5' title="bbox 291 805 1204 860">
     <span class='ocr_line' id='line_1_8' title="bbox 291 805 1204 860; baseline 0 -9"><span class='ocrx_word' id='word_1_33' title='bbox 291 805 477 851; x_wconf 85' lang='lat' dir='ltr'><strong>Barbae</strong></span> <span class='ocrx_word' id='word_1_34' title='bbox 505 805 700 851; x_wconf 89' lang='lat' dir='ltr'><strong>resectio</strong></span> <span class='ocrx_word' id='word_1_35' title='bbox 731 805 973 851; x_wconf 90' lang='lat' dir='ltr'><strong>damnatur</strong></span> <span class='ocrx_word' id='word_1_36' title='bbox 1003 810 1102 860; x_wconf 86' lang='grc'><strong>315,</strong></span> <span class='ocrx_word' id='word_1_37' title='bbox 1137 809 1204 852; x_wconf 90' lang='grc'><strong>10.</strong></span> 
     </span>
    </p>

    <p class='ocr_par' dir='ltr' id='par_1_6' title="bbox 292 872 1329 1079">
     <span class='ocr_line' id='line_1_9' title="bbox 292 872 1325 937; baseline -0.002 -15"><span class='ocrx_word' id='word_1_38' title='bbox 292 877 521 923; x_wconf 87' lang='grc' dir='ltr'><strong><em>Βασιλεία</em></strong></span> <span class='ocrx_word' id='word_1_39' title='bbox 543 872 659 931; x_wconf 90' lang='grc' dir='ltr'><strong><em>Διός</em></strong></span> <span class='ocrx_word' id='word_1_40' title='bbox 686 874 924 937; x_wconf 76' lang='grc' dir='ltr'><strong><em>βασιλέως</em></strong></span> <span class='ocrx_word' id='word_1_41' title='bbox 945 873 1147 936; x_wconf 71' lang='grc' dir='ltr'><strong><em>ἔκγονος</em></strong></span> <span class='ocrx_word' id='word_1_42' title='bbox 1173 878 1238 933; x_wconf 88' lang='grc'><strong>13,</strong></span> <span class='ocrx_word' id='word_1_43' title='bbox 1254 879 1325 921; x_wconf 89' lang='lat'><strong>28.</strong></span> 
     </span>
     <span class='ocr_line' id='line_1_10' title="bbox 348 941 1326 1009; baseline 0 -14"><span class='ocrx_word' id='word_1_44' title='bbox 348 974 404 981; x_wconf 89' lang='lat'>—</span> <span class='ocrx_word' id='word_1_45' title='bbox 444 969 500 984; x_wconf 90' lang='lat'><strong>==</strong></span> <span class='ocrx_word' id='word_1_46' title='bbox 536 942 866 1003; x_wconf 71' lang='grc' dir='ltr'><strong><em>ἀνυπεύθυνος</em></strong></span> <span class='ocrx_word' id='word_1_47' title='bbox 903 941 1028 1009; x_wconf 82' lang='grc' dir='ltr'><strong><em>οἷρχή</em></strong></span> <span class='ocrx_word' id='word_1_48' title='bbox 1066 948 1143 1003; x_wconf 89' lang='lat' dir='ltr'><strong>(cf.</strong></span> <span class='ocrx_word' id='word_1_49' title='bbox 1186 941 1326 1007; x_wconf 68' lang='grc' dir='ltr'><strong><em>ἀρχή)</em></strong></span> 
     </span>
     <span class='ocr_line' id='line_1_11' title="bbox 347 1012 1329 1079; baseline 0 -15"><span class='ocrx_word' id='word_1_50' title='bbox 347 1023 418 1077; x_wconf 87' lang='grc'><strong>41,</strong></span> <span class='ocrx_word' id='word_1_51' title='bbox 434 1023 476 1065; x_wconf 88' lang='grc'><strong>9.</strong></span> <span class='ocrx_word' id='word_1_52' title='bbox 494 1046 546 1053; x_wconf 89' lang='grc'><strong>--</strong></span> <span class='ocrx_word' id='word_1_53' title='bbox 558 1014 616 1066; x_wconf 87' lang='grc' dir='ltr'><strong>τὸ</strong></span> <span class='ocrx_word' id='word_1_54' title='bbox 632 1015 853 1067; x_wconf 80' lang='grc' dir='ltr'><strong><em>καθόλου</em></strong></span> <span class='ocrx_word' id='word_1_55' title='bbox 868 1012 1146 1078; x_wconf 67' lang='grc' dir='ltr'><strong><em>ἀνθρώπων</em></strong></span> <span class='ocrx_word' id='word_1_56' title='bbox 1161 1015 1329 1079; x_wconf 74' lang='grc' dir='ltr'><strong><em>ἄρχειν</em></strong></span> 
     </span>
    </p>
   </div>
   <div class='ocr_carea' id='block_1_6' title="bbox 1371 506 2404 1062">
    <p class='ocr_par' dir='ltr' id='par_1_7' title="bbox 1425 506 2404 696">
     <span class='ocr_line' id='line_1_12' title="bbox 1427 506 2404 565; baseline 0.003 -14"><span class='ocrx_word' id='word_1_57' title='bbox 1427 506 1541 552; x_wconf 86' lang='lat' dir='ltr'><strong>alios</strong></span> <span class='ocrx_word' id='word_1_58' title='bbox 1561 506 1767 552; x_wconf 91' lang='lat' dir='ltr'><strong>homines</strong></span> <span class='ocrx_word' id='word_1_59' title='bbox 1787 508 1835 552; x_wconf 91' lang='lat' dir='ltr'><strong>in</strong></span> <span class='ocrx_word' id='word_1_60' title='bbox 1855 510 2081 565; x_wconf 80' lang='lat' dir='ltr'><strong>potestate</strong></span> <span class='ocrx_word' id='word_1_61' title='bbox 2100 508 2251 565; x_wconf 87' lang='lat' dir='ltr'><strong>habet,</strong></span> <span class='ocrx_word' id='word_1_62' title='bbox 2281 510 2404 554; x_wconf 87' lang='lat' dir='ltr'><strong>velut</strong></span> 
     </span>
     <span class='ocr_line' id='line_1_13' title="bbox 1426 578 2403 637; baseline 0.002 -14"><span class='ocrx_word' id='word_1_63' title='bbox 1426 590 1590 634; x_wconf 85' lang='lat' dir='ltr'><strong>regem,</strong></span> <span class='ocrx_word' id='word_1_64' title='bbox 1619 580 1876 636; x_wconf 82' lang='lat' dir='ltr'><strong>tyrannum,</strong></span> <span class='ocrx_word' id='word_1_65' title='bbox 1906 578 2197 636; x_wconf 86' lang='lat' dir='ltr'><strong>demagogum</strong></span> <span class='ocrx_word' id='word_1_66' title='bbox 2213 613 2225 637; x_wconf 95' lang='lat'>‚</span> <span class='ocrx_word' id='word_1_67' title='bbox 2255 580 2403 637; x_wconf 88' lang='lat' dir='ltr'><strong>legum</strong></span> 
     </span>
     <span class='ocr_line' id='line_1_14' title="bbox 1425 649 2079 696; baseline 0.002 -2"><span class='ocrx_word' id='word_1_68' title='bbox 1425 650 1616 694; x_wconf 85' lang='lat' dir='ltr'><strong>latorem</strong></span> <span class='ocrx_word' id='word_1_69' title='bbox 1646 662 1711 694; x_wconf 90' lang='lat' dir='ltr'><strong>or.</strong></span> <span class='ocrx_word' id='word_1_70' title='bbox 1742 649 1884 696; x_wconf 89' lang='lat' dir='ltr'><strong>XXV.</strong></span> <span class='ocrx_word' id='word_1_71' title='bbox 1916 650 1962 694; x_wconf 95' lang='lat' dir='ltr'><strong>II</strong></span> <span class='ocrx_word' id='word_1_72' title='bbox 1985 654 2079 696; x_wconf 88' lang='lat'><strong>278.</strong></span> 
     </span>
    </p>

    <p class='ocr_par' dir='ltr' id='par_1_8' title="bbox 1371 721 2403 1062">
     <span class='ocr_line' id='line_1_15' title="bbox 1371 721 2403 781; baseline 0 -13"><span class='ocrx_word' id='word_1_73' title='bbox 1371 724 1517 781; x_wconf 87' lang='grc' dir='ltr'><strong><em>δῆμος</em></strong></span> <span class='ocrx_word' id='word_1_74' title='bbox 1545 721 1784 767; x_wconf 83' lang='lat' dir='ltr'><strong>discrimen</strong></span> <span class='ocrx_word' id='word_1_75' title='bbox 1815 721 1934 778; x_wconf 85' lang='lat' dir='ltr'><strong>quod</strong></span> <span class='ocrx_word' id='word_1_76' title='bbox 1963 726 2034 767; x_wconf 90' lang='lat' dir='ltr'><strong>est</strong></span> <span class='ocrx_word' id='word_1_77' title='bbox 2051 722 2169 768; x_wconf 90' lang='lat' dir='ltr'><strong>inter</strong></span> <span class='ocrx_word' id='word_1_78' title='bbox 2197 735 2326 778; x_wconf 88' lang='lat' dir='ltr'><strong>reges</strong></span> <span class='ocrx_word' id='word_1_79' title='bbox 2356 725 2403 768; x_wconf 89' lang='lat' dir='ltr'><strong>et</strong></span> 
     </span>
     <span class='ocr_line' id='line_1_16' title="bbox 1426 792 2402 850; baseline 0.001 -13"><span class='ocrx_word' id='word_1_80' title='bbox 1426 796 1666 850; x_wconf 82' lang='lat' dir='ltr'><strong>tyrannos,</strong></span> <span class='ocrx_word' id='word_1_81' title='bbox 1717 792 1853 837; x_wconf 87' lang='lat' dir='ltr'><strong>etiam</strong></span> <span class='ocrx_word' id='word_1_82' title='bbox 1897 793 1956 838; x_wconf 88' lang='lat' dir='ltr'><strong>ad</strong></span> <span class='ocrx_word' id='word_1_83' title='bbox 1995 794 2198 839; x_wconf 87' lang='lat' dir='ltr'><strong>civitates</strong></span> <span class='ocrx_word' id='word_1_84' title='bbox 2234 794 2402 839; x_wconf 89' lang='lat' dir='ltr'><strong>liberas</strong></span> 
     </span>
     <span class='ocr_line' id='line_1_17' title="bbox 1428 860 2401 922; baseline 0 -12"><span class='ocrx_word' id='word_1_85' title='bbox 1428 860 1634 921; x_wconf 84' lang='grc' dir='ltr'>(δήμους)</span> <span class='ocrx_word' id='word_1_86' title='bbox 1663 864 1859 920; x_wconf 81' lang='lat' dir='ltr'><strong>pertinet</strong></span> <span class='ocrx_word' id='word_1_87' title='bbox 1888 877 1954 909; x_wconf 85' lang='lat' dir='ltr'><strong>or.</strong></span> <span class='ocrx_word' id='word_1_88' title='bbox 1985 863 2162 909; x_wconf 86' lang='lat' dir='ltr'>XXXII</span> <span class='ocrx_word' id='word_1_89' title='bbox 2191 867 2218 922; x_wconf 63' lang='grc' dir='ltr'><strong>ξ</strong></span> <span class='ocrx_word' id='word_1_90' title='bbox 2235 870 2401 910; x_wconf 82' lang='grc'><strong>25-29</strong></span> 
     </span>
     <span class='ocr_line' id='line_1_18' title="bbox 1426 934 2403 992; baseline 0 -13"><span class='ocrx_word' id='word_1_91' title='bbox 1426 936 1572 980; x_wconf 90' lang='lat' dir='ltr'><strong>malae</strong></span> <span class='ocrx_word' id='word_1_92' title='bbox 1595 935 1675 981; x_wconf 87' lang='lat' dir='ltr'><strong>civ.</strong></span> <span class='ocrx_word' id='word_1_93' title='bbox 1705 947 1808 978; x_wconf 91' lang='lat' dir='ltr'><strong>cum</strong></span> <span class='ocrx_word' id='word_1_94' title='bbox 1831 934 2084 991; x_wconf 79' lang='lat' dir='ltr'><strong>Centauris,</strong></span> <span class='ocrx_word' id='word_1_95' title='bbox 2112 935 2403 992; x_wconf 85' lang='lat' dir='ltr'><strong>Sphingibus,</strong></span> 
     </span>
     <span class='ocr_line' id='line_1_19' title="bbox 1429 1005 2174 1062; baseline 0.001 -12"><span class='ocrx_word' id='word_1_96' title='bbox 1429 1005 1677 1050; x_wconf 89' lang='lat' dir='ltr'><strong>Chimaeris</strong></span> <span class='ocrx_word' id='word_1_97' title='bbox 1708 1005 2038 1062; x_wconf 81' lang='lat' dir='ltr'><strong>comparandae</strong></span> <span class='ocrx_word' id='word_1_98' title='bbox 2065 1005 2174 1052; x_wconf 91' lang='lat' dir='ltr'><strong>ibid.</strong></span> 
     </span>
    </p>
   </div>
   <div class='ocr_carea' id='block_1_7' title="bbox 346 1073 2405 1151">
    <p class='ocr_par' dir='ltr' id='par_1_9' title="bbox 346 1073 2405 1151">
     <span class='ocr_line' id='line_1_20' title="bbox 346 1073 2405 1151; baseline -0.001 -16"><span class='ocrx_word' id='word_1_99' title='bbox 346 1092 428 1136; x_wconf 82' lang='grc' dir='ltr'><strong>καὶ</strong></span> <span class='ocrx_word' id='word_1_100' title='bbox 457 1087 729 1138; x_wconf 77' lang='grc' dir='ltr'><strong><em>ἐπιτάττειν</em></strong></span> <span class='ocrx_word' id='word_1_101' title='bbox 757 1087 1042 1151; x_wconf 73' lang='grc' dir='ltr'><strong><em>ἀνθρώποις</em></strong></span> <span class='ocrx_word' id='word_1_102' title='bbox 1061 1085 1326 1139; x_wconf 82' lang='grc' dir='ltr'><strong><em>οἷνυπεύθυ-</em></strong></span> <span class='ocrx_word' id='word_1_103' title='bbox 1372 1073 1674 1136; x_wconf 61' lang='grc' dir='ltr'><strong><em>Δικαιοσύνην</em></strong></span> <span class='ocrx_word' id='word_1_104' title='bbox 1706 1089 1860 1122; x_wconf 69' lang='lat' dir='ltr'><strong>omnes</strong></span> <span class='ocrx_word' id='word_1_105' title='bbox 1888 1077 2093 1123; x_wconf 65' lang='lat' dir='ltr'><strong>homines</strong></span> <span class='ocrx_word' id='word_1_106' title='bbox 2122 1080 2337 1132; x_wconf 65' lang='lat' dir='ltr'>cognatos</span> <span class='ocrx_word' id='word_1_107' title='bbox 2358 1079 2405 1121; x_wconf 72' lang='lat'><strong>0¹³</strong></span> 
     </span>
    </p>
   </div>
   <div class='ocr_carea' id='block_1_8' title="bbox 290 1157 1328 1505">
    <p class='ocr_par' dir='ltr' id='par_1_10' title="bbox 290 1157 1328 1505">
     <span class='ocr_line' id='line_1_21' title="bbox 349 1157 1325 1223; baseline -0.001 -16"><span class='ocrx_word' id='word_1_108' title='bbox 349 1177 436 1208; x_wconf 93' lang='grc' dir='ltr'><strong>νον</strong></span> <span class='ocrx_word' id='word_1_109' title='bbox 454 1157 573 1209; x_wconf 82' lang='grc' dir='ltr'><strong><em>ὄντα</em></strong></span> <span class='ocrx_word' id='word_1_110' title='bbox 589 1164 814 1223; x_wconf 83' lang='grc' dir='ltr'><strong><em>βασιλεία</em></strong></span> <span class='ocrx_word' id='word_1_111' title='bbox 829 1167 1058 1210; x_wconf 86' lang='grc' dir='ltr'><strong><em>καλεῖται.</em></strong></span> <span class='ocrx_word' id='word_1_112' title='bbox 1079 1162 1125 1207; x_wconf 91' lang='grc' dir='ltr'><strong>ΙΙ</strong></span> <span class='ocrx_word' id='word_1_113' title='bbox 1144 1165 1240 1219; x_wconf 89' lang='grc'><strong>122,</strong></span> <span class='ocrx_word' id='word_1_114' title='bbox 1258 1164 1325 1206; x_wconf 89' lang='lat'><strong>12.</strong></span> 
     </span>
     <span class='ocr_line' id='line_1_22' title="bbox 297 1233 1327 1287; baseline -0.002 -8"><span class='ocrx_word' id='word_1_115' title='bbox 297 1234 407 1287; x_wconf 86' lang='grc' dir='ltr'><strong><em>Βίος</em></strong></span> <span class='ocrx_word' id='word_1_116' title='bbox 444 1233 536 1279; x_wconf 87' lang='lat' dir='ltr'><strong>vita</strong></span> <span class='ocrx_word' id='word_1_117' title='bbox 574 1236 775 1279; x_wconf 88' lang='lat' dir='ltr'><strong>humana</strong></span> <span class='ocrx_word' id='word_1_118' title='bbox 814 1248 919 1280; x_wconf 91' lang='lat' dir='ltr'><strong>cum</strong></span> <span class='ocrx_word' id='word_1_119' title='bbox 959 1233 1162 1280; x_wconf 83' lang='lat' dir='ltr'><strong>convivio</strong></span> <span class='ocrx_word' id='word_1_120' title='bbox 1204 1246 1327 1278; x_wconf 90' lang='lat' dir='ltr'><strong>com-</strong></span> 
     </span>
     <span class='ocr_line' id='line_1_23' title="bbox 346 1304 1328 1364; baseline -0.001 -14"><span class='ocrx_word' id='word_1_121' title='bbox 346 1308 559 1363; x_wconf 86' lang='lat' dir='ltr'><strong>paratur,</strong></span> <span class='ocrx_word' id='word_1_122' title='bbox 594 1305 641 1350; x_wconf 92' lang='lat' dir='ltr'><strong>in</strong></span> <span class='ocrx_word' id='word_1_123' title='bbox 673 1319 762 1364; x_wconf 88' lang='lat' dir='ltr'><strong>quo</strong></span> <span class='ocrx_word' id='word_1_124' title='bbox 791 1305 946 1352; x_wconf 88' lang='lat' dir='ltr'><strong>Horae</strong></span> <span class='ocrx_word' id='word_1_125' title='bbox 974 1305 1252 1351; x_wconf 86' lang='lat' dir='ltr'><strong>famulantur</strong></span> <span class='ocrx_word' id='word_1_126' title='bbox 1280 1304 1328 1349; x_wconf 95' lang='lat' dir='ltr'><strong>II</strong></span> 
     </span>
     <span class='ocr_line' id='line_1_24' title="bbox 350 1379 521 1433; baseline 0 -13"><span class='ocrx_word' id='word_1_127' title='bbox 350 1379 432 1420; x_wconf 86' lang='lat'><strong>302</strong></span> <span class='ocrx_word' id='word_1_128' title='bbox 450 1389 521 1433; x_wconf 79' lang='lat' dir='ltr'><strong>sq.</strong></span> 
     </span>
     <span class='ocr_line' id='line_1_25' title="bbox 290 1444 1327 1505; baseline -0.001 -12"><span class='ocrx_word' id='word_1_129' title='bbox 290 1444 612 1495; x_wconf 86' lang='grc' dir='ltr'><strong><em>Βουλεύεσθαι</em></strong></span> <span class='ocrx_word' id='word_1_130' title='bbox 651 1448 760 1505; x_wconf 89' lang='lat' dir='ltr'><strong>quid</strong></span> <span class='ocrx_word' id='word_1_131' title='bbox 799 1449 858 1495; x_wconf 88' lang='lat' dir='ltr'><strong>sit</strong></span> <span class='ocrx_word' id='word_1_132' title='bbox 895 1451 940 1494; x_wconf 90' lang='lat' dir='ltr'><strong>et</strong></span> <span class='ocrx_word' id='word_1_133' title='bbox 974 1447 1198 1505; x_wconf 88' lang='lat' dir='ltr'><strong>quomodo</strong></span> <span class='ocrx_word' id='word_1_134' title='bbox 1231 1447 1327 1503; x_wconf 87' lang='lat' dir='ltr'><strong>fiat,</strong></span> 
     </span>
    </p>
   </div>
   <div class='ocr_carea' id='block_1_9' title="bbox 1425 1147 2404 1337">
    <p class='ocr_par' dir='ltr' id='par_1_11' title="bbox 1425 1147 2404 1337">
     <span class='ocr_line' id='line_1_26' title="bbox 1427 1147 2404 1205; baseline 0 -12"><span class='ocrx_word' id='word_1_135' title='bbox 1427 1148 1593 1193; x_wconf 88' lang='lat' dir='ltr'><strong>fratres</strong></span> <span class='ocrx_word' id='word_1_136' title='bbox 1624 1159 1723 1193; x_wconf 86' lang='lat' dir='ltr'><strong>esse</strong></span> <span class='ocrx_word' id='word_1_137' title='bbox 1752 1148 2074 1205; x_wconf 85' lang='lat' dir='ltr'><strong>comprobatur</strong></span> <span class='ocrx_word' id='word_1_138' title='bbox 2112 1161 2178 1193; x_wconf 88' lang='lat' dir='ltr'><strong>or.</strong></span> <span class='ocrx_word' id='word_1_139' title='bbox 2211 1147 2404 1193; x_wconf 90' lang='lat' dir='ltr'><strong>LXXIV</strong></span> 
     </span>
     <span class='ocr_line' id='line_1_27' title="bbox 1430 1219 2404 1277; baseline 0 -13"><span class='ocrx_word' id='word_1_140' title='bbox 1430 1222 1456 1276; x_wconf 64' lang='grc' dir='ltr'><strong>ξ</strong></span> <span class='ocrx_word' id='word_1_141' title='bbox 1479 1222 1662 1264; x_wconf 86' lang='grc'><strong>26-27,</strong></span> <span class='ocrx_word' id='word_1_142' title='bbox 1693 1219 1738 1263; x_wconf 93' lang='lat' dir='ltr'><strong>II</strong></span> <span class='ocrx_word' id='word_1_143' title='bbox 1760 1222 1857 1265; x_wconf 91' lang='lat'><strong>201.</strong></span> <span class='ocrx_word' id='word_1_144' title='bbox 1888 1244 1944 1252; x_wconf 89' lang='lat'><strong>-—</strong></span> <span class='ocrx_word' id='word_1_145' title='bbox 1971 1219 2242 1277; x_wconf 86' lang='lat' dir='ltr'><strong>principium</strong></span> <span class='ocrx_word' id='word_1_146' title='bbox 2271 1231 2404 1265; x_wconf 88' lang='lat' dir='ltr'><strong>verae</strong></span> 
     </span>
     <span class='ocr_line' id='line_1_28' title="bbox 1425 1289 2404 1337; baseline -0.002 -1"><span class='ocrx_word' id='word_1_147' title='bbox 1425 1291 1626 1337; x_wconf 90' lang='lat' dir='ltr'><strong>iustitiae</strong></span> <span class='ocrx_word' id='word_1_148' title='bbox 1656 1302 1754 1336; x_wconf 90' lang='lat' dir='ltr'><strong>esse</strong></span> <span class='ocrx_word' id='word_1_149' title='bbox 1781 1291 1829 1335; x_wconf 90' lang='lat' dir='ltr'><strong>in</strong></span> <span class='ocrx_word' id='word_1_150' title='bbox 1868 1289 2052 1336; x_wconf 88' lang='lat' dir='ltr'><strong>deorum</strong></span> <span class='ocrx_word' id='word_1_151' title='bbox 2091 1294 2136 1336; x_wconf 90' lang='lat' dir='ltr'><strong>et</strong></span> <span class='ocrx_word' id='word_1_152' title='bbox 2175 1291 2404 1336; x_wconf 89' lang='lat' dir='ltr'><strong>hominum</strong></span> 
     </span>
    </p>
   </div>
   <div class='ocr_carea' id='block_1_10' title="bbox 1427 1361 2406 1489">
    <p class='ocr_par' dir='ltr' id='par_1_12' title="bbox 1427 1361 2406 1489">
     <span class='ocr_line' id='line_1_29' title="bbox 1428 1361 2406 1419; baseline -0.004 -12"><span class='ocrx_word' id='word_1_153' title='bbox 1428 1362 1758 1419; x_wconf 88' lang='lat' dir='ltr'><strong>communione,</strong></span> <span class='ocrx_word' id='word_1_154' title='bbox 1792 1374 1908 1418; x_wconf 90' lang='lat' dir='ltr'><strong>quae</strong></span> <span class='ocrx_word' id='word_1_155' title='bbox 1928 1361 2067 1416; x_wconf 84' lang='grc' dir='ltr'><strong><em>πόλις</em></strong></span> <span class='ocrx_word' id='word_1_156' title='bbox 2088 1361 2240 1408; x_wconf 86' lang='lat' dir='ltr'><strong>vocari</strong></span> <span class='ocrx_word' id='word_1_157' title='bbox 2260 1361 2406 1418; x_wconf 84' lang='lat' dir='ltr'><strong>possit</strong></span> 
     </span>
     <span class='ocr_line' id='line_1_30' title="bbox 1427 1433 1649 1489; baseline 0 -11"><span class='ocrx_word' id='word_1_158' title='bbox 1427 1433 1474 1478; x_wconf 94' lang='lat' dir='ltr'><strong>II</strong></span> <span class='ocrx_word' id='word_1_159' title='bbox 1504 1436 1545 1489; x_wconf 89' lang='lat'><strong>9,</strong></span> <span class='ocrx_word' id='word_1_160' title='bbox 1580 1436 1649 1479; x_wconf 87' lang='lat'><strong>13.</strong></span> 
     </span>
    </p>
   </div>
   <div class='ocr_carea' id='block_1_11' title="bbox 348 1501 2402 1581">
    <p class='ocr_par' dir='ltr' id='par_1_13' title="bbox 348 1501 2402 1581">
     <span class='ocr_line' id='line_1_31' title="bbox 348 1501 2402 1581; baseline -0.003 -18"><span class='ocrx_word' id='word_1_161' title='bbox 348 1519 578 1574; x_wconf 88' lang='lat' dir='ltr'><strong>quaeritur</strong></span> <span class='ocrx_word' id='word_1_162' title='bbox 596 1519 662 1564; x_wconf 89' lang='lat' dir='ltr'><strong>ita</strong></span> <span class='ocrx_word' id='word_1_163' title='bbox 681 1523 734 1565; x_wconf 91' lang='lat' dir='ltr'><strong>ut</strong></span> <span class='ocrx_word' id='word_1_164' title='bbox 753 1520 809 1581; x_wconf 76' lang='lat' dir='ltr'><strong>ad</strong></span> <span class='ocrx_word' id='word_1_165' title='bbox 825 1520 1066 1577; x_wconf 86' lang='lat' dir='ltr'><strong>Sisyphum</strong></span> <span class='ocrx_word' id='word_1_166' title='bbox 1086 1518 1164 1576; x_wconf 89' lang='lat' dir='ltr'><strong>qui</strong></span> <span class='ocrx_word' id='word_1_167' title='bbox 1181 1517 1328 1563; x_wconf 84' lang='lat' dir='ltr'><strong>fertur</strong></span> <span class='ocrx_word' id='word_1_168' title='bbox 1372 1501 1502 1560; x_wconf 77' lang='grc' dir='ltr'><strong><em>Δόξα</em></strong></span> <span class='ocrx_word' id='word_1_169' title='bbox 1533 1506 1764 1563; x_wconf 71' lang='grc' dir='ltr'><strong><em>στέφανοι</em></strong></span> <span class='ocrx_word' id='word_1_170' title='bbox 1792 1501 1981 1560; x_wconf 69' lang='grc' dir='ltr'><strong><em>ἐλαίας,</em></strong></span> <span class='ocrx_word' id='word_1_171' title='bbox 2018 1501 2183 1566; x_wconf 76' lang='grc' dir='ltr'><strong><em>δρυὸς,</em></strong></span> <span class='ocrx_word' id='word_1_172' title='bbox 2223 1506 2402 1557; x_wconf 78' lang='grc' dir='ltr'><strong>κιττοῦ,</strong></span> 
     </span>
    </p>
   </div>
   <div class='ocr_carea' id='block_1_12' title="bbox 345 1589 1325 1707">
    <p class='ocr_par' dir='ltr' id='par_1_14' title="bbox 345 1589 1325 1707">
     <span class='ocr_line' id='line_1_32' title="bbox 346 1589 1325 1648; baseline 0 -14"><span class='ocrx_word' id='word_1_173' title='bbox 346 1590 549 1635; x_wconf 82' lang='lat' dir='ltr'><strong>Platonis</strong></span> <span class='ocrx_word' id='word_1_174' title='bbox 578 1590 825 1648; x_wconf 87' lang='lat' dir='ltr'><strong>disputatio</strong></span> <span class='ocrx_word' id='word_1_175' title='bbox 863 1603 1008 1648; x_wconf 86' lang='lat' dir='ltr'><strong>prope</strong></span> <span class='ocrx_word' id='word_1_176' title='bbox 1037 1589 1229 1635; x_wconf 84' lang='lat' dir='ltr'><strong>accedat</strong></span> <span class='ocrx_word' id='word_1_177' title='bbox 1258 1602 1325 1634; x_wconf 89' lang='lat' dir='ltr'><strong>or.</strong></span> 
     </span>
     <span class='ocr_line' id='line_1_33' title="bbox 345 1660 710 1707; baseline 0.003 -2"><span class='ocrx_word' id='word_1_178' title='bbox 345 1660 513 1707; x_wconf 91' lang='lat' dir='ltr'><strong>XXVI.</strong></span> <span class='ocrx_word' id='word_1_179' title='bbox 545 1662 591 1706; x_wconf 93' lang='lat' dir='ltr'><strong>II</strong></span> <span class='ocrx_word' id='word_1_180' title='bbox 613 1665 710 1706; x_wconf 89' lang='lat'><strong>281.</strong></span> 
     </span>
    </p>
   </div>
   <div class='ocr_carea' id='block_1_13' title="bbox 290 1757 1327 2315">
    <p class='ocr_par' dir='ltr' id='par_1_15' title="bbox 290 1757 1327 2033">
     <span class='ocr_line' id='line_1_34' title="bbox 290 1757 1327 1818; baseline -0.002 -12"><span class='ocrx_word' id='word_1_181' title='bbox 290 1759 517 1806; x_wconf 81' lang='lat' dir='ltr'><strong>Caelestia</strong></span> <span class='ocrx_word' id='word_1_182' title='bbox 549 1773 741 1818; x_wconf 88' lang='lat' dir='ltr'><strong>corpora</strong></span> <span class='ocrx_word' id='word_1_183' title='bbox 768 1757 921 1818; x_wconf 79' lang='grc' dir='ltr'><strong><em>ἤθους</em></strong></span> <span class='ocrx_word' id='word_1_184' title='bbox 939 1761 1020 1805; x_wconf 80' lang='grc' dir='ltr'><strong>καὶ</strong></span> <span class='ocrx_word' id='word_1_185' title='bbox 1036 1759 1251 1812; x_wconf 82' lang='grc' dir='ltr'><strong><em>διανοίας</em></strong></span> <span class='ocrx_word' id='word_1_186' title='bbox 1270 1783 1327 1790; x_wconf 91' lang='grc'><strong>--</strong></span> 
     </span>
     <span class='ocr_line' id='line_1_35' title="bbox 344 1827 1324 1888; baseline -0.003 -10"><span class='ocrx_word' id='word_1_187' title='bbox 344 1827 500 1888; x_wconf 85' lang='grc' dir='ltr'><strong><em>μεστὰ</em></strong></span> <span class='ocrx_word' id='word_1_188' title='bbox 528 1827 722 1886; x_wconf 80' lang='grc' dir='ltr'><strong><em>πάντως</em></strong></span> <span class='ocrx_word' id='word_1_189' title='bbox 747 1836 842 1884; x_wconf 91' lang='grc'><strong>171,</strong></span> <span class='ocrx_word' id='word_1_190' title='bbox 865 1834 934 1876; x_wconf 88' lang='grc'><strong>25.</strong></span> <span class='ocrx_word' id='word_1_191' title='bbox 966 1832 1118 1877; x_wconf 83' lang='grc' dir='ltr'><strong><em>ταῦτα</em></strong></span> <span class='ocrx_word' id='word_1_192' title='bbox 1143 1855 1196 1862; x_wconf 90' lang='grc'><strong>-</strong></span> <span class='ocrx_word' id='word_1_193' title='bbox 1217 1827 1324 1886; x_wconf 79' lang='grc' dir='ltr'><strong><em>ξύμ-</em></strong></span> 
     </span>
     <span class='ocr_line' id='line_1_36' title="bbox 346 1893 1326 1962; baseline -0.001 -15"><span class='ocrx_word' id='word_1_194' title='bbox 346 1918 505 1948; x_wconf 89' lang='grc' dir='ltr'><strong><em>παντα</em></strong></span> <span class='ocrx_word' id='word_1_195' title='bbox 539 1893 568 1948; x_wconf 77' lang='grc'><strong>3</strong></span> <span class='ocrx_word' id='word_1_196' title='bbox 597 1919 652 1962; x_wconf 91' lang='grc' dir='ltr'><strong>γε</strong></span> <span class='ocrx_word' id='word_1_197' title='bbox 683 1905 798 1950; x_wconf 90' lang='grc' dir='ltr'><strong>νοῦν</strong></span> <span class='ocrx_word' id='word_1_198' title='bbox 828 1897 952 1961; x_wconf 74' lang='grc' dir='ltr'><strong><em>ἔχων</em></strong></span> <span class='ocrx_word' id='word_1_199' title='bbox 988 1900 1141 1962; x_wconf 82' lang='grc' dir='ltr'><strong><em>σέβει,</em></strong></span> <span class='ocrx_word' id='word_1_200' title='bbox 1181 1895 1326 1953; x_wconf 72' lang='grc' dir='ltr'><strong><em>θεοὺς</em></strong></span> 
     </span>
     <span class='ocr_line' id='line_1_37' title="bbox 344 1968 1137 2033; baseline -0.005 -13"><span class='ocrx_word' id='word_1_201' title='bbox 344 1968 610 2032; x_wconf 76' lang='grc' dir='ltr'><strong><em>ἡγούμενος</em></strong></span> <span class='ocrx_word' id='word_1_202' title='bbox 638 1974 908 2033; x_wconf 79' lang='grc' dir='ltr'><strong><em>μακαρίους</em></strong></span> <span class='ocrx_word' id='word_1_203' title='bbox 941 1975 1037 2030; x_wconf 87' lang='grc'><strong>172,</strong></span> <span class='ocrx_word' id='word_1_204' title='bbox 1074 1976 1137 2017; x_wconf 91' lang='lat'><strong>12.</strong></span> 
     </span>
    </p>

    <p class='ocr_par' dir='ltr' id='par_1_16' title="bbox 290 2044 1322 2173">
     <span class='ocr_line' id='line_1_38' title="bbox 290 2044 1322 2090; baseline -0.002 -1"><span class='ocrx_word' id='word_1_205' title='bbox 290 2045 543 2090; x_wconf 87' lang='lat' dir='ltr'><strong>Concordia</strong></span> <span class='ocrx_word' id='word_1_206' title='bbox 563 2045 724 2090; x_wconf 91' lang='lat' dir='ltr'><strong>civium</strong></span> <span class='ocrx_word' id='word_1_207' title='bbox 745 2045 958 2090; x_wconf 88' lang='lat' dir='ltr'><strong>laudibus</strong></span> <span class='ocrx_word' id='word_1_208' title='bbox 980 2044 1235 2089; x_wconf 87' lang='lat' dir='ltr'><strong>celebratur</strong></span> <span class='ocrx_word' id='word_1_209' title='bbox 1255 2055 1322 2088; x_wconf 91' lang='lat' dir='ltr'><strong>or.</strong></span> 
     </span>
     <span class='ocr_line' id='line_1_39' title="bbox 346 2115 760 2173; baseline 0.007 -14"><span class='ocrx_word' id='word_1_210' title='bbox 346 2115 545 2160; x_wconf 83' lang='lat' dir='ltr'><strong>XXXIX</strong></span> <span class='ocrx_word' id='word_1_211' title='bbox 574 2117 760 2173; x_wconf 91' lang='lat' dir='ltr'><strong>passim.</strong></span> 
     </span>
    </p>

    <p class='ocr_par' dir='ltr' id='par_1_17' title="bbox 291 2185 1323 2315">
     <span class='ocr_line' id='line_1_40' title="bbox 291 2185 1323 2245; baseline -0.002 -14"><span class='ocrx_word' id='word_1_212' title='bbox 291 2187 445 2245; x_wconf 86' lang='lat' dir='ltr'><strong>Cynici</strong></span> <span class='ocrx_word' id='word_1_213' title='bbox 474 2188 726 2234; x_wconf 87' lang='lat' dir='ltr'><strong>citharoedi</strong></span> <span class='ocrx_word' id='word_1_214' title='bbox 756 2192 855 2243; x_wconf 86' lang='lat'><strong>285,</strong></span> <span class='ocrx_word' id='word_1_215' title='bbox 875 2192 940 2233; x_wconf 87' lang='lat'><strong>16.</strong></span> <span class='ocrx_word' id='word_1_216' title='bbox 963 2212 1020 2220; x_wconf 88' lang='lat'><em>-</em></span> <span class='ocrx_word' id='word_1_217' title='bbox 1039 2187 1148 2245; x_wconf 83' lang='lat' dir='ltr'><strong>Cyn.</strong></span> <span class='ocrx_word' id='word_1_218' title='bbox 1169 2185 1323 2230; x_wconf 92' lang='lat' dir='ltr'><strong>multis</strong></span> 
     </span>
     <span class='ocr_line' id='line_1_41' title="bbox 349 2259 1011 2315; baseline 0.002 -12"><span class='ocrx_word' id='word_1_219' title='bbox 349 2259 549 2304; x_wconf 86' lang='lat' dir='ltr'><strong>insanire</strong></span> <span class='ocrx_word' id='word_1_220' title='bbox 577 2259 783 2305; x_wconf 91' lang='lat' dir='ltr'><strong>videntur</strong></span> <span class='ocrx_word' id='word_1_221' title='bbox 813 2261 911 2315; x_wconf 84' lang='lat'><strong>316,</strong></span> <span class='ocrx_word' id='word_1_222' title='bbox 943 2262 1011 2304; x_wconf 77' lang='lat'><strong>14.</strong></span> 
     </span>
    </p>
   </div>
   <div class='ocr_carea' id='block_1_14' title="bbox 289 2358 1328 3414">
    <p class='ocr_par' dir='ltr' id='par_1_18' title="bbox 289 2358 1324 2700">
     <span class='ocr_line' id='line_1_42' title="bbox 289 2358 1322 2414; baseline -0.001 -11"><span class='ocrx_word' id='word_1_223' title='bbox 289 2358 545 2404; x_wconf 82' lang='lat' dir='ltr'><strong>Daemones</strong></span> <span class='ocrx_word' id='word_1_224' title='bbox 570 2372 664 2404; x_wconf 90' lang='lat' dir='ltr'><strong>non</strong></span> <span class='ocrx_word' id='word_1_225' title='bbox 687 2371 786 2404; x_wconf 87' lang='lat' dir='ltr'><strong>esse</strong></span> <span class='ocrx_word' id='word_1_226' title='bbox 817 2358 977 2414; x_wconf 87' lang='lat' dir='ltr'><strong>malos,</strong></span> <span class='ocrx_word' id='word_1_227' title='bbox 1011 2369 1157 2414; x_wconf 86' lang='lat' dir='ltr'><strong>neque</strong></span> <span class='ocrx_word' id='word_1_228' title='bbox 1178 2372 1322 2403; x_wconf 81' lang='grc' dir='ltr'><strong><em>κακο-</em></strong></span> 
     </span>
     <span class='ocr_line' id='line_1_43' title="bbox 348 2427 1324 2488; baseline -0.005 -12"><span class='ocrx_word' id='word_1_229' title='bbox 348 2431 580 2488; x_wconf 72' lang='grc' dir='ltr'><strong><em>δαίμονας</em></strong></span> <span class='ocrx_word' id='word_1_230' title='bbox 611 2429 685 2486; x_wconf 90' lang='lat' dir='ltr'><strong>qui</strong></span> <span class='ocrx_word' id='word_1_231' title='bbox 715 2429 851 2474; x_wconf 85' lang='lat' dir='ltr'><strong>talem</strong></span> <span class='ocrx_word' id='word_1_232' title='bbox 892 2429 1087 2485; x_wconf 90' lang='lat' dir='ltr'><strong>habent,</strong></span> <span class='ocrx_word' id='word_1_233' title='bbox 1130 2428 1210 2474; x_wconf 87' lang='lat' dir='ltr'><strong>sed</strong></span> <span class='ocrx_word' id='word_1_234' title='bbox 1247 2427 1324 2485; x_wconf 89' lang='lat' dir='ltr'><strong>qui</strong></span> 
     </span>
     <span class='ocr_line' id='line_1_44' title="bbox 346 2499 1324 2556; baseline -0.005 -9"><span class='ocrx_word' id='word_1_235' title='bbox 346 2503 466 2547; x_wconf 91' lang='lat' dir='ltr'><strong>bono</strong></span> <span class='ocrx_word' id='word_1_236' title='bbox 507 2515 598 2547; x_wconf 93' lang='lat' dir='ltr'><strong>non</strong></span> <span class='ocrx_word' id='word_1_237' title='bbox 640 2501 936 2554; x_wconf 89' lang='lat' dir='ltr'><strong>obsecuntur,</strong></span> <span class='ocrx_word' id='word_1_238' title='bbox 976 2499 1006 2544; x_wconf 92' lang='lat' dir='ltr'><strong>i.</strong></span> <span class='ocrx_word' id='word_1_239' title='bbox 1040 2513 1078 2544; x_wconf 89' lang='lat' dir='ltr'><strong>e.</strong></span> <span class='ocrx_word' id='word_1_240' title='bbox 1125 2500 1202 2556; x_wconf 92' lang='lat' dir='ltr'><strong>qui</strong></span> <span class='ocrx_word' id='word_1_241' title='bbox 1237 2499 1324 2555; x_wconf 91' lang='lat' dir='ltr'><strong>ipsi</strong></span> 
     </span>
     <span class='ocr_line' id='line_1_45' title="bbox 350 2571 1320 2627; baseline -0.003 -10"><span class='ocrx_word' id='word_1_242' title='bbox 350 2572 456 2618; x_wconf 92' lang='lat' dir='ltr'><strong>mali</strong></span> <span class='ocrx_word' id='word_1_243' title='bbox 485 2575 534 2618; x_wconf 93' lang='lat' dir='ltr'><strong>et</strong></span> <span class='ocrx_word' id='word_1_244' title='bbox 562 2572 690 2618; x_wconf 92' lang='lat' dir='ltr'><strong>stulti</strong></span> <span class='ocrx_word' id='word_1_245' title='bbox 718 2575 825 2617; x_wconf 89' lang='lat' dir='ltr'><strong>sunt</strong></span> <span class='ocrx_word' id='word_1_246' title='bbox 853 2584 919 2617; x_wconf 92' lang='lat' dir='ltr'><strong>or.</strong></span> <span class='ocrx_word' id='word_1_247' title='bbox 940 2571 1097 2615; x_wconf 89' lang='lat' dir='ltr'><strong>XXIII</strong></span> <span class='ocrx_word' id='word_1_248' title='bbox 1118 2573 1145 2627; x_wconf 61' lang='grc' dir='ltr'><strong>ξ</strong></span> <span class='ocrx_word' id='word_1_249' title='bbox 1164 2573 1320 2616; x_wconf 83' lang='grc'><strong>9-12,</strong></span> 
     </span>
     <span class='ocr_line' id='line_1_46' title="bbox 346 2643 1010 2700; baseline 0 -12"><span class='ocrx_word' id='word_1_250' title='bbox 346 2644 393 2688; x_wconf 91' lang='lat' dir='ltr'><strong>II</strong></span> <span class='ocrx_word' id='word_1_251' title='bbox 423 2648 521 2689; x_wconf 85' lang='lat'><strong>275.</strong></span> <span class='ocrx_word' id='word_1_252' title='bbox 568 2643 635 2688; x_wconf 83' lang='lat' dir='ltr'><strong>Of.</strong></span> <span class='ocrx_word' id='word_1_253' title='bbox 657 2656 693 2689; x_wconf 84' lang='lat' dir='ltr'><strong>s.</strong></span> <span class='ocrx_word' id='word_1_254' title='bbox 715 2657 756 2688; x_wconf 85' lang='lat' dir='ltr'><strong>v.</strong></span> <span class='ocrx_word' id='word_1_255' title='bbox 796 2643 1010 2700; x_wconf 87' lang='grc' dir='ltr'><strong><em>Δαίμων.</em></strong></span> 
     </span>
    </p>

    <p class='ocr_par' dir='ltr' id='par_1_19' title="bbox 291 2714 1328 3205">
     <span class='ocr_line' id='line_1_47' title="bbox 291 2714 1325 2772; baseline -0.002 -12"><span class='ocrx_word' id='word_1_256' title='bbox 291 2715 379 2760; x_wconf 92' lang='lat' dir='ltr'><strong>Dei</strong></span> <span class='ocrx_word' id='word_1_257' title='bbox 408 2728 489 2760; x_wconf 89' lang='lat' dir='ltr'><strong>cur</strong></span> <span class='ocrx_word' id='word_1_258' title='bbox 518 2715 761 2760; x_wconf 88' lang='lat' dir='ltr'><strong>simulacra</strong></span> <span class='ocrx_word' id='word_1_259' title='bbox 791 2714 976 2760; x_wconf 90' lang='lat' dir='ltr'><strong>deorum</strong></span> <span class='ocrx_word' id='word_1_260' title='bbox 996 2714 1096 2759; x_wconf 91' lang='lat' dir='ltr'><strong>fieri</strong></span> <span class='ocrx_word' id='word_1_261' title='bbox 1115 2716 1325 2772; x_wconf 86' lang='lat' dir='ltr'><strong>oporteat</strong></span> 
     </span>
     <span class='ocr_line' id='line_1_48' title="bbox 349 2779 1326 2843; baseline -0.001 -11"><span class='ocrx_word' id='word_1_262' title='bbox 349 2800 415 2832; x_wconf 89' lang='lat' dir='ltr'><strong>or.</strong></span> <span class='ocrx_word' id='word_1_263' title='bbox 447 2786 537 2830; x_wconf 94' lang='lat' dir='ltr'><strong>XII</strong></span> <span class='ocrx_word' id='word_1_264' title='bbox 576 2788 603 2842; x_wconf 61' lang='grc' dir='ltr'><strong>ξ</strong></span> <span class='ocrx_word' id='word_1_265' title='bbox 627 2789 695 2830; x_wconf 90' lang='grc'><strong>60.</strong></span> <span class='ocrx_word' id='word_1_266' title='bbox 719 2789 789 2831; x_wconf 88' lang='grc'><strong>61.</strong></span> <span class='ocrx_word' id='word_1_267' title='bbox 833 2811 883 2819; x_wconf 90' lang='grc'><strong>-</strong></span> <span class='ocrx_word' id='word_1_268' title='bbox 927 2779 1065 2833; x_wconf 76' lang='grc' dir='ltr'><strong><em>οὐδὲν</em></strong></span> <span class='ocrx_word' id='word_1_269' title='bbox 1102 2782 1326 2843; x_wconf 77' lang='grc' dir='ltr'><strong><em>εὔδαιμον</em></strong></span> 
     </span>
     <span class='ocr_line' id='line_1_49' title="bbox 351 2851 1327 2916; baseline -0.003 -12"><span class='ocrx_word' id='word_1_270' title='bbox 351 2851 455 2904; x_wconf 76' lang='grc' dir='ltr'><strong><em>οὐδ’</em></strong></span> <span class='ocrx_word' id='word_1_271' title='bbox 494 2851 758 2916; x_wconf 74' lang='grc' dir='ltr'><strong><em>ὠφέλιμον,</em></strong></span> <span class='ocrx_word' id='word_1_272' title='bbox 801 2851 829 2904; x_wconf 73' lang='grc' dir='ltr'><em>ὃ</em></span> <span class='ocrx_word' id='word_1_273' title='bbox 868 2852 931 2916; x_wconf 80' lang='grc' dir='ltr'><strong><em>μὴ</em></strong></span> <span class='ocrx_word' id='word_1_274' title='bbox 970 2852 1095 2904; x_wconf 79' lang='grc' dir='ltr'><strong><em>κατὰ</em></strong></span> <span class='ocrx_word' id='word_1_275' title='bbox 1134 2853 1327 2916; x_wconf 80' lang='grc' dir='ltr'><strong><em>γνώμην</em></strong></span> 
     </span>
     <span class='ocr_line' id='line_1_50' title="bbox 348 2923 1327 2989; baseline -0.001 -14"><span class='ocrx_word' id='word_1_276' title='bbox 348 2931 430 2976; x_wconf 78' lang='grc' dir='ltr'><strong>καὶ</strong></span> <span class='ocrx_word' id='word_1_277' title='bbox 449 2925 645 2986; x_wconf 83' lang='grc' dir='ltr'><strong><em>δύναμιν</em></strong></span> <span class='ocrx_word' id='word_1_278' title='bbox 659 2931 759 2975; x_wconf 81' lang='grc' dir='ltr'><strong>τῶν</strong></span> <span class='ocrx_word' id='word_1_279' title='bbox 772 2931 904 2975; x_wconf 83' lang='grc' dir='ltr'><strong><em>θεῶν</em></strong></span> <span class='ocrx_word' id='word_1_280' title='bbox 919 2923 1187 2988; x_wconf 77' lang='grc' dir='ltr'><strong><em>ἀφικνεῖται</em></strong></span> <span class='ocrx_word' id='word_1_281' title='bbox 1202 2928 1327 2989; x_wconf 85' lang='grc' dir='ltr'><strong><em>πρὸς</em></strong></span> 
     </span>
     <span class='ocr_line' id='line_1_51' title="bbox 348 2993 1328 3060; baseline -0.003 -11"><span class='ocrx_word' id='word_1_282' title='bbox 348 2996 473 3060; x_wconf 75' lang='grc' dir='ltr'><strong><em>ἡμᾶς</em></strong></span> <span class='ocrx_word' id='word_1_283' title='bbox 500 3027 558 3034; x_wconf 90' lang='grc'><strong>--</strong></span> <span class='ocrx_word' id='word_1_284' title='bbox 588 2999 647 3048; x_wconf 79' lang='grc' dir='ltr'><strong>τὰ</strong></span> <span class='ocrx_word' id='word_1_285' title='bbox 678 2994 806 3047; x_wconf 80' lang='grc' dir='ltr'><strong><em>κακὰ</em></strong></span> <span class='ocrx_word' id='word_1_286' title='bbox 837 2998 887 3046; x_wconf 81' lang='grc' dir='ltr'><strong>δὲ</strong></span> <span class='ocrx_word' id='word_1_287' title='bbox 924 2993 1221 3058; x_wconf 70' lang='grc' dir='ltr'><strong><em>ἀλλαχόθεν,</em></strong></span> <span class='ocrx_word' id='word_1_288' title='bbox 1262 2994 1328 3053; x_wconf 79' lang='grc' dir='ltr'><strong>ὡς</strong></span> 
     </span>
     <span class='ocr_line' id='line_1_52' title="bbox 347 3065 1328 3132; baseline -0.003 -12"><span class='ocrx_word' id='word_1_289' title='bbox 347 3071 401 3128; x_wconf 79' lang='grc' dir='ltr'><strong>ἐξ</strong></span> <span class='ocrx_word' id='word_1_290' title='bbox 414 3070 581 3132; x_wconf 72' lang='grc' dir='ltr'><strong><em>ἑτέρας</em></strong></span> <span class='ocrx_word' id='word_1_291' title='bbox 595 3071 726 3125; x_wconf 82' lang='grc' dir='ltr'><strong><em>τινὸς</em></strong></span> <span class='ocrx_word' id='word_1_292' title='bbox 745 3073 894 3131; x_wconf 86' lang='grc' dir='ltr'><strong><em>πηγῆς</em></strong></span> <span class='ocrx_word' id='word_1_293' title='bbox 914 3065 1104 3130; x_wconf 72' lang='grc' dir='ltr'><strong><em>ἔρχεται</em></strong></span> <span class='ocrx_word' id='word_1_294' title='bbox 1124 3072 1328 3131; x_wconf 82' lang='grc' dir='ltr'><strong><em>πλησίον</em></strong></span> 
     </span>
     <span class='ocr_line' id='line_1_53' title="bbox 351 3137 1005 3205; baseline -0.005 -14"><span class='ocrx_word' id='word_1_295' title='bbox 351 3141 493 3204; x_wconf 78' lang='grc' dir='ltr'><strong><em>οὔσης</em></strong></span> <span class='ocrx_word' id='word_1_296' title='bbox 522 3138 644 3205; x_wconf 78' lang='grc' dir='ltr'><strong><em>παρ’</em></strong></span> <span class='ocrx_word' id='word_1_297' title='bbox 675 3137 787 3201; x_wconf 75' lang='grc' dir='ltr'><strong><em>ἡμῖν</em></strong></span> <span class='ocrx_word' id='word_1_298' title='bbox 817 3146 916 3197; x_wconf 86' lang='grc'><strong>270,</strong></span> <span class='ocrx_word' id='word_1_299' title='bbox 936 3146 1005 3188; x_wconf 85' lang='grc'><strong>34.</strong></span> 
     </span>
    </p>

    <p class='ocr_par' dir='ltr' id='par_1_20' title="bbox 292 3214 1328 3414">
     <span class='ocr_line' id='line_1_54' title="bbox 292 3214 1328 3260; baseline -0.002 0"><span class='ocrx_word' id='word_1_300' title='bbox 292 3215 557 3260; x_wconf 88' lang='lat' dir='ltr'><strong>Diffidentia</strong></span> <span class='ocrx_word' id='word_1_301' title='bbox 587 3215 757 3260; x_wconf 90' lang='lat' dir='ltr'><strong>nullum</strong></span> <span class='ocrx_word' id='word_1_302' title='bbox 779 3227 879 3260; x_wconf 89' lang='lat' dir='ltr'><strong>esse</strong></span> <span class='ocrx_word' id='word_1_303' title='bbox 899 3218 991 3258; x_wconf 87' lang='lat' dir='ltr'><strong>tam</strong></span> <span class='ocrx_word' id='word_1_304' title='bbox 1012 3214 1191 3259; x_wconf 89' lang='lat' dir='ltr'><strong>firmum</strong></span> <span class='ocrx_word' id='word_1_305' title='bbox 1208 3214 1328 3260; x_wconf 88' lang='lat' dir='ltr'><strong>inter</strong></span> 
     </span>
     <span class='ocr_line' id='line_1_55' title="bbox 351 3285 1328 3342; baseline 0 -12"><span class='ocrx_word' id='word_1_306' title='bbox 351 3286 556 3331; x_wconf 88' lang='lat' dir='ltr'><strong>homines</strong></span> <span class='ocrx_word' id='word_1_307' title='bbox 594 3286 846 3342; x_wconf 87' lang='lat' dir='ltr'><strong>vinculum,</strong></span> <span class='ocrx_word' id='word_1_308' title='bbox 885 3299 973 3342; x_wconf 89' lang='lat' dir='ltr'><strong>quo</strong></span> <span class='ocrx_word' id='word_1_309' title='bbox 1003 3285 1147 3331; x_wconf 88' lang='lat' dir='ltr'><strong>fretus</strong></span> <span class='ocrx_word' id='word_1_310' title='bbox 1177 3286 1233 3332; x_wconf 88' lang='lat' dir='ltr'><strong>de</strong></span> <span class='ocrx_word' id='word_1_311' title='bbox 1260 3286 1328 3330; x_wconf 90' lang='lat' dir='ltr'><strong>in-</strong></span> 
     </span>
     <span class='ocr_line' id='line_1_56' title="bbox 350 3355 1327 3414; baseline 0.003 -13"><span class='ocrx_word' id='word_1_312' title='bbox 350 3355 476 3401; x_wconf 90' lang='lat' dir='ltr'><strong>sidiis</strong></span> <span class='ocrx_word' id='word_1_313' title='bbox 515 3369 703 3401; x_wconf 89' lang='lat' dir='ltr'><strong>securus</strong></span> <span class='ocrx_word' id='word_1_314' title='bbox 741 3369 841 3401; x_wconf 87' lang='lat' dir='ltr'><strong>esse</strong></span> <span class='ocrx_word' id='word_1_315' title='bbox 870 3356 1017 3414; x_wconf 90' lang='lat' dir='ltr'><strong>possis</strong></span> <span class='ocrx_word' id='word_1_316' title='bbox 1046 3370 1111 3402; x_wconf 89' lang='lat' dir='ltr'><strong>or.</strong></span> <span class='ocrx_word' id='word_1_317' title='bbox 1135 3356 1327 3404; x_wconf 88' lang='lat' dir='ltr'><strong>LXXIV</strong></span> 
     </span>
    </p>
   </div>
   <div class='ocr_carea' id='block_1_15' title="bbox 1423 1570 2404 3341">
    <p class='ocr_par' dir='ltr' id='par_1_21' title="bbox 1423 1570 2404 3341">
     <span class='ocr_line' id='line_1_57' title="bbox 1425 1570 2401 1637; baseline -0.001 -15"><span class='ocrx_word' id='word_1_318' title='bbox 1425 1578 1665 1637; x_wconf 80' lang='grc' dir='ltr'><strong><em>μυρρίνης,</em></strong></span> <span class='ocrx_word' id='word_1_319' title='bbox 1693 1570 1721 1635; x_wconf 81' lang='grc' dir='ltr'><em>ἦ</em></span> <span class='ocrx_word' id='word_1_320' title='bbox 1752 1573 1806 1630; x_wconf 80' lang='grc' dir='ltr'><strong>ἐξ</strong></span> <span class='ocrx_word' id='word_1_321' title='bbox 1831 1570 2021 1634; x_wconf 79' lang='grc' dir='ltr'><strong><em>Ἰσθμοῦ</em></strong></span> <span class='ocrx_word' id='word_1_322' title='bbox 2046 1578 2197 1630; x_wconf 82' lang='grc' dir='ltr'><strong><em>πίτυς,</em></strong></span> <span class='ocrx_word' id='word_1_323' title='bbox 2227 1572 2401 1635; x_wconf 82' lang='grc' dir='ltr'><strong><em>κηρύγ-</em></strong></span> 
     </span>
     <span class='ocr_line' id='line_1_58' title="bbox 1425 1642 2403 1705; baseline -0.006 -11"><span class='ocrx_word' id='word_1_324' title='bbox 1425 1665 1579 1705; x_wconf 87' lang='grc' dir='ltr'><strong><em>ματα,</em></strong></span> <span class='ocrx_word' id='word_1_325' title='bbox 1617 1642 1879 1705; x_wconf 80' lang='grc' dir='ltr'><strong><em>διαδήματα</em></strong></span> <span class='ocrx_word' id='word_1_326' title='bbox 1915 1650 2032 1694; x_wconf 81' lang='lat' dir='ltr'><strong>haec</strong></span> <span class='ocrx_word' id='word_1_327' title='bbox 2078 1647 2227 1693; x_wconf 89' lang='lat' dir='ltr'><strong>omnia</strong></span> <span class='ocrx_word' id='word_1_328' title='bbox 2275 1645 2403 1691; x_wconf 88' lang='lat' dir='ltr'><strong>nihili</strong></span> 
     </span>
     <span class='ocr_line' id='line_1_59' title="bbox 1427 1711 2400 1776; baseline -0.001 -13"><span class='ocrx_word' id='word_1_329' title='bbox 1427 1731 1527 1764; x_wconf 90' lang='lat' dir='ltr'><strong>esse</strong></span> <span class='ocrx_word' id='word_1_330' title='bbox 1554 1718 1776 1776; x_wconf 87' lang='lat' dir='ltr'><strong>probatur</strong></span> <span class='ocrx_word' id='word_1_331' title='bbox 1805 1731 1869 1763; x_wconf 91' lang='lat' dir='ltr'><strong>or.</strong></span> <span class='ocrx_word' id='word_1_332' title='bbox 1900 1718 2051 1764; x_wconf 91' lang='lat' dir='ltr'><strong>LXVI</strong></span> <span class='ocrx_word' id='word_1_333' title='bbox 2081 1721 2106 1773; x_wconf 67' lang='grc' dir='ltr'><strong>ξ</strong></span> <span class='ocrx_word' id='word_1_334' title='bbox 2132 1722 2254 1763; x_wconf 87' lang='lat'><strong>1-5.</strong></span> <span class='ocrx_word' id='word_1_335' title='bbox 2286 1743 2342 1750; x_wconf 88' lang='lat'>—</span> <span class='ocrx_word' id='word_1_336' title='bbox 2374 1711 2400 1762; x_wconf 86' lang='grc' dir='ltr'><em>ὃ</em></span> 
     </span>
     <span class='ocr_line' id='line_1_60' title="bbox 1428 1786 2403 1852; baseline 0 -20"><span class='ocrx_word' id='word_1_337' title='bbox 1428 1786 1684 1844; x_wconf 81' lang='grc' dir='ltr'><strong><em>φιλόδοξος</em></strong></span> <span class='ocrx_word' id='word_1_338' title='bbox 1713 1791 1879 1852; x_wconf 76' lang='grc' dir='ltr'><strong><em>πολλῷ</em></strong></span> <span class='ocrx_word' id='word_1_339' title='bbox 1917 1788 2287 1848; x_wconf 82' lang='grc' dir='ltr'><strong><em>δυστυχέστερος</em></strong></span> <span class='ocrx_word' id='word_1_340' title='bbox 2315 1790 2403 1833; x_wconf 87' lang='grc' dir='ltr'><strong>τοῦ</strong></span> 
     </span>
     <span class='ocr_line' id='line_1_61' title="bbox 1427 1849 2399 1919; baseline -0.003 -16"><span class='ocrx_word' id='word_1_341' title='bbox 1427 1849 1642 1917; x_wconf 84' lang='grc' dir='ltr'><strong><em>φιλόψου</em></strong></span> <span class='ocrx_word' id='word_1_342' title='bbox 1655 1861 1738 1905; x_wconf 81' lang='grc' dir='ltr'><strong>καὶ</strong></span> <span class='ocrx_word' id='word_1_343' title='bbox 1757 1862 1849 1905; x_wconf 85' lang='grc' dir='ltr'><strong>τοῦ</strong></span> <span class='ocrx_word' id='word_1_344' title='bbox 1871 1855 2159 1919; x_wconf 83' lang='grc' dir='ltr'><strong><em>οἰνόφλυγος</em></strong></span> <span class='ocrx_word' id='word_1_345' title='bbox 2172 1858 2218 1902; x_wconf 91' lang='lat'><strong>11</strong></span> <span class='ocrx_word' id='word_1_346' title='bbox 2242 1861 2399 1913; x_wconf 84' lang='grc'><strong>162,11</strong></span> 
     </span>
     <span class='ocr_line' id='line_1_62' title="bbox 1427 1924 2404 1989; baseline 0 -15"><span class='ocrx_word' id='word_1_347' title='bbox 1427 1935 1509 1983; x_wconf 80' lang='lat' dir='ltr'><strong>(or.</strong></span> <span class='ocrx_word' id='word_1_348' title='bbox 1540 1929 1691 1975; x_wconf 91' lang='lat' dir='ltr'><strong>LXVI</strong></span> <span class='ocrx_word' id='word_1_349' title='bbox 1720 1932 1747 1987; x_wconf 63' lang='grc' dir='ltr'><strong>ξ</strong></span> <span class='ocrx_word' id='word_1_350' title='bbox 1778 1934 1948 1986; x_wconf 84' lang='grc'><strong>7-11).</strong></span> <span class='ocrx_word' id='word_1_351' title='bbox 1991 1956 2045 1964; x_wconf 92' lang='grc'>-</span> <span class='ocrx_word' id='word_1_352' title='bbox 2085 1924 2112 1977; x_wconf 84' lang='grc' dir='ltr'><em>ὃ</em></span> <span class='ocrx_word' id='word_1_353' title='bbox 2151 1925 2404 1989; x_wconf 82' lang='grc' dir='ltr'><strong><em>φιλόδοξος</em></strong></span> 
     </span>
     <span class='ocr_line' id='line_1_63' title="bbox 1425 1999 2403 2060; baseline -0.001 -16"><span class='ocrx_word' id='word_1_354' title='bbox 1425 1999 1562 2046; x_wconf 87' lang='lat' dir='ltr'><strong>miser</strong></span> <span class='ocrx_word' id='word_1_355' title='bbox 1601 2003 1696 2058; x_wconf 90' lang='lat' dir='ltr'><strong>est,</strong></span> <span class='ocrx_word' id='word_1_356' title='bbox 1740 2002 1846 2059; x_wconf 88' lang='lat' dir='ltr'><strong>quia</strong></span> <span class='ocrx_word' id='word_1_357' title='bbox 1892 2015 2067 2060; x_wconf 87' lang='lat' dir='ltr'><strong>semper</strong></span> <span class='ocrx_word' id='word_1_358' title='bbox 2111 2001 2168 2046; x_wconf 90' lang='lat' dir='ltr'><strong>ab</strong></span> <span class='ocrx_word' id='word_1_359' title='bbox 2214 2001 2403 2046; x_wconf 91' lang='lat' dir='ltr'><strong>aliorum</strong></span> 
     </span>
     <span class='ocr_line' id='line_1_64' title="bbox 1426 2070 2401 2131; baseline -0.002 -15"><span class='ocrx_word' id='word_1_360' title='bbox 1426 2072 1615 2118; x_wconf 90' lang='lat' dir='ltr'><strong>arbitrio</strong></span> <span class='ocrx_word' id='word_1_361' title='bbox 1651 2072 1748 2119; x_wconf 88' lang='lat' dir='ltr'><strong>eius</strong></span> <span class='ocrx_word' id='word_1_362' title='bbox 1778 2073 1952 2118; x_wconf 87' lang='lat' dir='ltr'><strong>animus</strong></span> <span class='ocrx_word' id='word_1_363' title='bbox 1983 2073 2149 2131; x_wconf 88' lang='lat' dir='ltr'><strong>pendet</strong></span> <span class='ocrx_word' id='word_1_364' title='bbox 2169 2084 2235 2117; x_wconf 88' lang='lat' dir='ltr'><strong>or.</strong></span> <span class='ocrx_word' id='word_1_365' title='bbox 2251 2070 2401 2117; x_wconf 91' lang='lat' dir='ltr'><strong>LXVI</strong></span> 
     </span>
     <span class='ocr_line' id='line_1_65' title="bbox 1426 2144 2403 2202; baseline 0.001 -15"><span class='ocrx_word' id='word_1_366' title='bbox 1426 2145 1450 2199; x_wconf 71' lang='grc' dir='ltr'>ξ</span> <span class='ocrx_word' id='word_1_367' title='bbox 1472 2146 1655 2190; x_wconf 89' lang='grc'><strong>11-22.</strong></span> <span class='ocrx_word' id='word_1_368' title='bbox 1685 2144 1732 2188; x_wconf 92' lang='lat'><strong>11</strong></span> <span class='ocrx_word' id='word_1_369' title='bbox 1754 2147 1850 2199; x_wconf 88' lang='lat'><strong>163,</strong></span> <span class='ocrx_word' id='word_1_370' title='bbox 1868 2148 1937 2189; x_wconf 83' lang='lat'><strong>24.</strong></span> <span class='ocrx_word' id='word_1_371' title='bbox 1959 2169 2015 2177; x_wconf 91' lang='grc'><strong>-</strong></span> <span class='ocrx_word' id='word_1_372' title='bbox 2035 2151 2142 2198; x_wconf 90' lang='grc' dir='ltr'><strong><em>ταῖς</em></strong></span> <span class='ocrx_word' id='word_1_373' title='bbox 2161 2146 2259 2189; x_wconf 80' lang='grc' dir='ltr'><strong>τῶν</strong></span> <span class='ocrx_word' id='word_1_374' title='bbox 2288 2159 2403 2202; x_wconf 86' lang='grc' dir='ltr'><strong><em>τρα-</em></strong></span> 
     </span>
     <span class='ocr_line' id='line_1_66' title="bbox 1423 2209 2398 2276; baseline -0.003 -16"><span class='ocrx_word' id='word_1_375' title='bbox 1423 2217 1591 2276; x_wconf 81' lang='grc' dir='ltr'><strong><em>γῳδῶν</em></strong></span> <span class='ocrx_word' id='word_1_376' title='bbox 1629 2209 1859 2274; x_wconf 85' lang='grc' dir='ltr'><strong><em>Ἐρινύσιν</em></strong></span> <span class='ocrx_word' id='word_1_377' title='bbox 1895 2211 2052 2262; x_wconf 74' lang='grc' dir='ltr'><strong><em>ἔοικεν</em></strong></span> <span class='ocrx_word' id='word_1_378' title='bbox 2090 2210 2118 2273; x_wconf 78' lang='grc' dir='ltr'><strong><em>ἦ</em></strong></span> <span class='ocrx_word' id='word_1_379' title='bbox 2158 2213 2273 2269; x_wconf 81' lang='grc' dir='ltr'><strong><em>δόξα</em></strong></span> <span class='ocrx_word' id='word_1_380' title='bbox 2311 2216 2398 2258; x_wconf 86' lang='lat' dir='ltr'><strong>etc.</strong></span> 
     </span>
     <span class='ocr_line' id='line_1_67' title="bbox 1423 2285 2398 2343; baseline -0.001 -14"><span class='ocrx_word' id='word_1_381' title='bbox 1423 2285 1470 2329; x_wconf 96' lang='lat' dir='ltr'><strong>II</strong></span> <span class='ocrx_word' id='word_1_382' title='bbox 1495 2288 1590 2343; x_wconf 88' lang='grc'><strong>169,</strong></span> <span class='ocrx_word' id='word_1_383' title='bbox 1615 2289 1654 2331; x_wconf 93' lang='grc'><strong>1.</strong></span> <span class='ocrx_word' id='word_1_384' title='bbox 1688 2312 1739 2319; x_wconf 86' lang='grc'>-</span> <span class='ocrx_word' id='word_1_385' title='bbox 1772 2298 1876 2331; x_wconf 91' lang='lat' dir='ltr'><strong>cum</strong></span> <span class='ocrx_word' id='word_1_386' title='bbox 1905 2286 2065 2331; x_wconf 92' lang='lat' dir='ltr'><strong>umbra</strong></span> <span class='ocrx_word' id='word_1_387' title='bbox 2096 2289 2398 2343; x_wconf 89' lang='lat' dir='ltr'><strong>comparatur,</strong></span> 
     </span>
     <span class='ocr_line' id='line_1_68' title="bbox 1424 2356 2401 2414; baseline -0.003 -13"><span class='ocrx_word' id='word_1_388' title='bbox 1424 2368 1539 2414; x_wconf 88' lang='lat' dir='ltr'><strong>quae</strong></span> <span class='ocrx_word' id='word_1_389' title='bbox 1566 2370 1689 2401; x_wconf 91' lang='lat' dir='ltr'><strong>nunc</strong></span> <span class='ocrx_word' id='word_1_390' title='bbox 1719 2360 1930 2413; x_wconf 89' lang='lat' dir='ltr'><strong>augetur,</strong></span> <span class='ocrx_word' id='word_1_391' title='bbox 1969 2370 2091 2401; x_wconf 88' lang='lat' dir='ltr'><strong>nunc</strong></span> <span class='ocrx_word' id='word_1_392' title='bbox 2129 2356 2401 2401; x_wconf 89' lang='lat' dir='ltr'><strong>deminuitur</strong></span> 
     </span>
     <span class='ocr_line' id='line_1_69' title="bbox 1423 2421 2401 2483; baseline -0.001 -11"><span class='ocrx_word' id='word_1_393' title='bbox 1423 2440 1490 2474; x_wconf 89' lang='lat' dir='ltr'><strong>or.</strong></span> <span class='ocrx_word' id='word_1_394' title='bbox 1511 2427 1681 2474; x_wconf 87' lang='lat' dir='ltr'><strong>LXVII</strong></span> <span class='ocrx_word' id='word_1_395' title='bbox 1702 2429 1870 2483; x_wconf 76' lang='lat'><strong>§4—5.</strong></span> <span class='ocrx_word' id='word_1_396' title='bbox 1899 2428 2060 2472; x_wconf 82' lang='lat'><strong>11170.</strong></span> <span class='ocrx_word' id='word_1_397' title='bbox 2089 2452 2148 2460; x_wconf 90' lang='grc'>-</span> <span class='ocrx_word' id='word_1_398' title='bbox 2178 2421 2243 2480; x_wconf 80' lang='grc' dir='ltr'><strong>ὡς</strong></span> <span class='ocrx_word' id='word_1_399' title='bbox 2273 2422 2401 2473; x_wconf 72' lang='grc' dir='ltr'><strong><em>ἔστιν</em></strong></span> 
     </span>
     <span class='ocr_line' id='line_1_70' title="bbox 1424 2493 2398 2558; baseline -0.003 -13"><span class='ocrx_word' id='word_1_400' title='bbox 1424 2493 1451 2556; x_wconf 76' lang='grc' dir='ltr'><em>ἦ</em></span> <span class='ocrx_word' id='word_1_401' title='bbox 1483 2497 1598 2554; x_wconf 83' lang='grc' dir='ltr'><strong><em>δόξα</em></strong></span> <span class='ocrx_word' id='word_1_402' title='bbox 1632 2493 1658 2545; x_wconf 82' lang='grc' dir='ltr'><em>ὃ</em></span> <span class='ocrx_word' id='word_1_403' title='bbox 1692 2496 1824 2558; x_wconf 74' lang='grc' dir='ltr'><strong><em>παρὰ</em></strong></span> <span class='ocrx_word' id='word_1_404' title='bbox 1849 2501 1947 2545; x_wconf 81' lang='grc' dir='ltr'><strong>τῶν</strong></span> <span class='ocrx_word' id='word_1_405' title='bbox 1967 2501 2160 2545; x_wconf 80' lang='grc' dir='ltr'><strong><em>πολλῶν</em></strong></span> <span class='ocrx_word' id='word_1_406' title='bbox 2181 2493 2398 2550; x_wconf 75' lang='grc' dir='ltr'><strong><em>ἔπαινος·</em></strong></span> 
     </span>
     <span class='ocr_line' id='line_1_71' title="bbox 1424 2561 2402 2629; baseline -0.003 -13"><span class='ocrx_word' id='word_1_407' title='bbox 1424 2572 1471 2617; x_wconf 89' lang='grc' dir='ltr'><strong>εἰ</strong></span> <span class='ocrx_word' id='word_1_408' title='bbox 1496 2569 1546 2617; x_wconf 78' lang='grc' dir='ltr'><strong>δὲ</strong></span> <span class='ocrx_word' id='word_1_409' title='bbox 1574 2573 1673 2616; x_wconf 80' lang='grc' dir='ltr'><strong>τῶν</strong></span> <span class='ocrx_word' id='word_1_410' title='bbox 1702 2572 1898 2617; x_wconf 80' lang='grc' dir='ltr'><strong><em>πολλῶν</em></strong></span> <span class='ocrx_word' id='word_1_411' title='bbox 1915 2573 2059 2629; x_wconf 88' lang='grc' dir='ltr'><strong><em>δῆλον</em></strong></span> <span class='ocrx_word' id='word_1_412' title='bbox 2081 2561 2156 2617; x_wconf 69' lang='grc' dir='ltr'><strong>ὅτι</strong></span> <span class='ocrx_word' id='word_1_413' title='bbox 2187 2571 2286 2615; x_wconf 80' lang='grc' dir='ltr'><strong>τῶν</strong></span> <span class='ocrx_word' id='word_1_414' title='bbox 2315 2562 2402 2615; x_wconf 76' lang='grc' dir='ltr'><strong>οὐκ</strong></span> 
     </span>
     <span class='ocr_line' id='line_1_72' title="bbox 1426 2638 2401 2700; baseline -0.004 -12"><span class='ocrx_word' id='word_1_415' title='bbox 1426 2638 1626 2688; x_wconf 84' lang='grc' dir='ltr'><strong><em>εἰδότων</em></strong></span> <span class='ocrx_word' id='word_1_416' title='bbox 1634 2664 1651 2699; x_wconf 89' lang='lat'><em>;</em></span> <span class='ocrx_word' id='word_1_417' title='bbox 1678 2642 1834 2699; x_wconf 87' lang='lat' dir='ltr'><strong>itaque</strong></span> <span class='ocrx_word' id='word_1_418' title='bbox 1863 2654 1891 2686; x_wconf 89' lang='lat' dir='ltr'><strong>a</strong></span> <span class='ocrx_word' id='word_1_419' title='bbox 1920 2642 2123 2700; x_wconf 86' lang='lat' dir='ltr'><strong>sapiente</strong></span> <span class='ocrx_word' id='word_1_420' title='bbox 2143 2653 2235 2686; x_wconf 91' lang='lat' dir='ltr'><strong>non</strong></span> <span class='ocrx_word' id='word_1_421' title='bbox 2264 2652 2401 2697; x_wconf 91' lang='lat' dir='ltr'><strong>appe-</strong></span> 
     </span>
     <span class='ocr_line' id='line_1_73' title="bbox 1424 2710 2403 2770; baseline 0.002 -13"><span class='ocrx_word' id='word_1_422' title='bbox 1424 2715 1537 2758; x_wconf 86' lang='lat' dir='ltr'><strong>titur</strong></span> <span class='ocrx_word' id='word_1_423' title='bbox 1555 2713 1599 2757; x_wconf 92' lang='grc' dir='ltr'><strong>ΙΙ</strong></span> <span class='ocrx_word' id='word_1_424' title='bbox 1616 2716 1714 2767; x_wconf 89' lang='lat'><strong>212,</strong></span> <span class='ocrx_word' id='word_1_425' title='bbox 1735 2717 1801 2757; x_wconf 89' lang='grc'><strong>10.</strong></span> <span class='ocrx_word' id='word_1_426' title='bbox 1820 2737 1873 2745; x_wconf 85' lang='lat'><strong>—-</strong></span> <span class='ocrx_word' id='word_1_427' title='bbox 1889 2715 1989 2759; x_wconf 80' lang='grc' dir='ltr'><strong>τῶν</strong></span> <span class='ocrx_word' id='word_1_428' title='bbox 2007 2711 2269 2770; x_wconf 82' lang='grc' dir='ltr'><strong><em>κτωμένων</em></strong></span> <span class='ocrx_word' id='word_1_429' title='bbox 2289 2710 2403 2764; x_wconf 82' lang='grc' dir='ltr'><strong><em>τοὺς</em></strong></span> 
     </span>
     <span class='ocr_line' id='line_1_74' title="bbox 1429 2778 2401 2843; baseline -0.002 -12"><span class='ocrx_word' id='word_1_430' title='bbox 1429 2783 1618 2839; x_wconf 85' lang='grc' dir='ltr'><strong><em>οἰκέτας</em></strong></span> <span class='ocrx_word' id='word_1_431' title='bbox 1657 2782 1703 2830; x_wconf 77' lang='grc' dir='ltr'><strong>οἱ</strong></span> <span class='ocrx_word' id='word_1_432' title='bbox 1740 2782 1829 2840; x_wconf 80' lang='grc' dir='ltr'><strong>μὲν</strong></span> <span class='ocrx_word' id='word_1_433' title='bbox 1868 2778 1991 2842; x_wconf 82' lang='grc' dir='ltr'><strong><em>παρ’</em></strong></span> <span class='ocrx_word' id='word_1_434' title='bbox 2024 2780 2186 2832; x_wconf 75' lang='grc' dir='ltr'><strong><em>ἄλλων</em></strong></span> <span class='ocrx_word' id='word_1_435' title='bbox 2215 2779 2401 2843; x_wconf 80' lang='grc' dir='ltr'><strong><em>λαμβά-</em></strong></span> 
     </span>
     <span class='ocr_line' id='line_1_75' title="bbox 1429 2850 2400 2914; baseline -0.003 -12"><span class='ocrx_word' id='word_1_436' title='bbox 1429 2871 1614 2910; x_wconf 90' lang='grc' dir='ltr'><strong><em>νουσιν,</em></strong></span> <span class='ocrx_word' id='word_1_437' title='bbox 1652 2851 1683 2913; x_wconf 73' lang='grc' dir='ltr'><strong>η’</strong></span> <span class='ocrx_word' id='word_1_438' title='bbox 1708 2854 2037 2914; x_wconf 88' lang='grc' dir='ltr'><strong><em>χαρισαμένου</em></strong></span> <span class='ocrx_word' id='word_1_439' title='bbox 2075 2871 2208 2908; x_wconf 91' lang='grc' dir='ltr'><strong><em>τινος</em></strong></span> <span class='ocrx_word' id='word_1_440' title='bbox 2236 2850 2266 2913; x_wconf 78' lang='grc' dir='ltr'><em>ἢ</em></span> <span class='ocrx_word' id='word_1_441' title='bbox 2293 2857 2400 2912; x_wconf 84' lang='grc' dir='ltr'><strong><em>κλη-</em></strong></span> 
     </span>
     <span class='ocr_line' id='line_1_76' title="bbox 1429 2920 2402 2986; baseline -0.004 -12"><span class='ocrx_word' id='word_1_442' title='bbox 1429 2922 1788 2986; x_wconf 84' lang='grc' dir='ltr'><strong><em>ρονομήσαντες</em></strong></span> <span class='ocrx_word' id='word_1_443' title='bbox 1823 2920 1853 2984; x_wconf 81' lang='grc' dir='ltr'><strong><em>ἢ</em></strong></span> <span class='ocrx_word' id='word_1_444' title='bbox 1882 2921 2159 2984; x_wconf 77' lang='grc' dir='ltr'><strong><em>πριάμενοι,</em></strong></span> <span class='ocrx_word' id='word_1_445' title='bbox 2199 2924 2323 2978; x_wconf 79' lang='grc' dir='ltr'><strong><em>τινὲς</em></strong></span> <span class='ocrx_word' id='word_1_446' title='bbox 2353 2924 2402 2970; x_wconf 85' lang='grc' dir='ltr'><strong>δὲ</strong></span> 
     </span>
     <span class='ocr_line' id='line_1_77' title="bbox 1427 2991 2403 3057; baseline -0.004 -13"><span class='ocrx_word' id='word_1_447' title='bbox 1427 2995 1480 3052; x_wconf 82' lang='grc' dir='ltr'><strong>ἐξ</strong></span> <span class='ocrx_word' id='word_1_448' title='bbox 1497 2991 1645 3057; x_wconf 69' lang='grc' dir='ltr'><strong><em>ἀρχῆς</em></strong></span> <span class='ocrx_word' id='word_1_449' title='bbox 1660 2994 1772 3051; x_wconf 82' lang='grc' dir='ltr'><strong><em>τοὺς</em></strong></span> <span class='ocrx_word' id='word_1_450' title='bbox 1789 2993 1921 3057; x_wconf 87' lang='grc' dir='ltr'><strong><em>παρὰ</em></strong></span> <span class='ocrx_word' id='word_1_451' title='bbox 1939 2999 2073 3056; x_wconf 87' lang='grc' dir='ltr'><strong><em>σφίσι</em></strong></span> <span class='ocrx_word' id='word_1_452' title='bbox 2086 2994 2403 3056; x_wconf 80' lang='grc' dir='ltr'><strong><em>γεννηθέντας</em></strong></span> 
     </span>
     <span class='ocr_line' id='line_1_78' title="bbox 1430 3058 2404 3129; baseline -0.003 -15"><span class='ocrx_word' id='word_1_453' title='bbox 1430 3094 1483 3100; x_wconf 89' lang='grc'>-</span> <span class='ocrx_word' id='word_1_454' title='bbox 1515 3069 1679 3129; x_wconf 88' lang='grc' dir='ltr'><strong><em>τρίτος</em></strong></span> <span class='ocrx_word' id='word_1_455' title='bbox 1708 3068 1757 3116; x_wconf 79' lang='grc' dir='ltr'><strong>δὲ</strong></span> <span class='ocrx_word' id='word_1_456' title='bbox 1786 3067 1997 3128; x_wconf 86' lang='grc' dir='ltr'><strong><em>κτήσεως</em></strong></span> <span class='ocrx_word' id='word_1_457' title='bbox 2031 3064 2238 3129; x_wconf 88' lang='grc' dir='ltr'><strong><em>τρόπος,</em></strong></span> <span class='ocrx_word' id='word_1_458' title='bbox 2283 3058 2404 3113; x_wconf 70' lang='grc' dir='ltr'><strong><em>ὅταν</em></strong></span> 
     </span>
     <span class='ocr_line' id='line_1_79' title="bbox 1427 3132 2402 3203; baseline -0.005 -17"><span class='ocrx_word' id='word_1_459' title='bbox 1427 3138 1481 3186; x_wconf 78' lang='grc' dir='ltr'><strong>ἐν</strong></span> <span class='ocrx_word' id='word_1_460' title='bbox 1501 3139 1695 3203; x_wconf 86' lang='grc' dir='ltr'><strong><em>πολέμῳ</em></strong></span> <span class='ocrx_word' id='word_1_461' title='bbox 1716 3139 1882 3199; x_wconf 82' lang='grc' dir='ltr'><strong><em>λαβών</em></strong></span> <span class='ocrx_word' id='word_1_462' title='bbox 1903 3138 2209 3198; x_wconf 83' lang='grc' dir='ltr'><strong><em>αἰχμάλωτον</em></strong></span> <span class='ocrx_word' id='word_1_463' title='bbox 2230 3162 2284 3169; x_wconf 93' lang='grc'><strong>--</strong></span> <span class='ocrx_word' id='word_1_464' title='bbox 2306 3132 2402 3196; x_wconf 73' lang='grc' dir='ltr'><strong>ἔχη.</strong></span> 
     </span>
     <span class='ocr_line' id='line_1_80' title="bbox 1427 3211 2404 3263; baseline -0.003 -7"><span class='ocrx_word' id='word_1_465' title='bbox 1427 3213 1524 3256; x_wconf 93' lang='lat' dir='ltr'><strong>Iam</strong></span> <span class='ocrx_word' id='word_1_466' title='bbox 1540 3226 1642 3257; x_wconf 92' lang='lat' dir='ltr'><strong>cum</strong></span> <span class='ocrx_word' id='word_1_467' title='bbox 1657 3213 1792 3257; x_wconf 84' lang='lat' dir='ltr'><strong>tertia</strong></span> <span class='ocrx_word' id='word_1_468' title='bbox 1811 3211 1928 3257; x_wconf 87' lang='lat' dir='ltr'><strong>ratio</strong></span> <span class='ocrx_word' id='word_1_469' title='bbox 1944 3211 2112 3257; x_wconf 88' lang='lat' dir='ltr'><strong>iniusta</strong></span> <span class='ocrx_word' id='word_1_470' title='bbox 2131 3211 2204 3263; x_wconf 90' lang='lat' dir='ltr'><strong>sit,</strong></span> <span class='ocrx_word' id='word_1_471' title='bbox 2228 3213 2404 3255; x_wconf 86' lang='lat' dir='ltr'><strong>ceterae</strong></span> 
     </span>
     <span class='ocr_line' id='line_1_81' title="bbox 1428 3282 2400 3341; baseline -0.004 -13"><span class='ocrx_word' id='word_1_472' title='bbox 1428 3296 1621 3341; x_wconf 89' lang='lat' dir='ltr'><strong>quoque,</strong></span> <span class='ocrx_word' id='word_1_473' title='bbox 1652 3296 1770 3341; x_wconf 87' lang='lat' dir='ltr'><strong>quae</strong></span> <span class='ocrx_word' id='word_1_474' title='bbox 1800 3296 1856 3328; x_wconf 84' lang='lat' dir='ltr'><strong>ex</strong></span> <span class='ocrx_word' id='word_1_475' title='bbox 1884 3296 1940 3329; x_wconf 90' lang='lat' dir='ltr'><strong>ea</strong></span> <span class='ocrx_word' id='word_1_476' title='bbox 1966 3282 2164 3341; x_wconf 89' lang='lat' dir='ltr'><strong>pendent</strong></span> <span class='ocrx_word' id='word_1_477' title='bbox 2183 3282 2229 3326; x_wconf 94' lang='lat' dir='ltr'><strong>II</strong></span> <span class='ocrx_word' id='word_1_478' title='bbox 2246 3284 2344 3336; x_wconf 86' lang='grc'><strong>239,</strong></span> <span class='ocrx_word' id='word_1_479' title='bbox 2361 3284 2400 3325; x_wconf 88' lang='grc'><strong>9.</strong></span> 
     </span>
    </p>
   </div>
   <div class='ocr_carea' id='block_1_16' title="bbox 352 3422 2404 3489">
    <p class='ocr_par' dir='ltr' id='par_1_22' title="bbox 352 3422 2404 3489">
     <span class='ocr_line' id='line_1_82' title="bbox 352 3422 2404 3489; baseline -0.002 -19"><span class='ocrx_word' id='word_1_480' title='bbox 352 3428 380 3482; x_wconf 60' lang='grc' dir='ltr'><strong>ξ</strong></span> <span class='ocrx_word' id='word_1_481' title='bbox 415 3429 577 3471; x_wconf 87' lang='lat'><strong>12—28</strong></span> <span class='ocrx_word' id='word_1_482' title='bbox 623 3427 879 3484; x_wconf 79' lang='lat' dir='ltr'><strong>dispositio:</strong></span> <span class='ocrx_word' id='word_1_483' title='bbox 925 3422 952 3486; x_wconf 81' lang='grc' dir='ltr'>ἡ</span> <span class='ocrx_word' id='word_1_484' title='bbox 992 3427 1087 3489; x_wconf 76' lang='grc' dir='ltr'><strong>γὰρ</strong></span> <span class='ocrx_word' id='word_1_485' title='bbox 1130 3426 1186 3474; x_wconf 83' lang='grc' dir='ltr'><strong>ἐκ</strong></span> <span class='ocrx_word' id='word_1_486' title='bbox 1230 3431 1328 3475; x_wconf 81' lang='grc' dir='ltr'><strong>τῶν</strong></span> <span class='ocrx_word' id='word_1_487' title='bbox 1370 3427 1607 3472; x_wconf 87' lang='lat' dir='ltr'><strong>Elementa</strong></span> <span class='ocrx_word' id='word_1_488' title='bbox 1628 3428 1843 3483; x_wconf 85' lang='lat' dir='ltr'><strong>quattuor</strong></span> <span class='ocrx_word' id='word_1_489' title='bbox 1866 3430 1961 3482; x_wconf 87' lang='lat'><strong>177,</strong></span> <span class='ocrx_word' id='word_1_490' title='bbox 1981 3429 2034 3471; x_wconf 88' lang='lat'><strong>25</strong></span> <span class='ocrx_word' id='word_1_491' title='bbox 2048 3439 2114 3482; x_wconf 89' lang='lat' dir='ltr'><strong>sq.</strong></span> <span class='ocrx_word' id='word_1_492' title='bbox 2135 3450 2184 3457; x_wconf 91' lang='lat'>—</span> <span class='ocrx_word' id='word_1_493' title='bbox 2219 3426 2404 3468; x_wconf 87' lang='lat' dir='ltr'><strong>aeterna</strong></span> 
     </span>
    </p>
   </div>
   <div class='ocr_carea' id='block_1_17' title="bbox 337 3495 1328 3696">
    <p class='ocr_par' dir='ltr' id='par_1_23' title="bbox 337 3495 1328 3696">
     <span class='ocr_line' id='line_1_83' title="bbox 351 3495 1328 3556; baseline 0.004 -14"><span class='ocrx_word' id='word_1_494' title='bbox 351 3495 511 3555; x_wconf 89' lang='grc' dir='ltr'><strong><em>λόγων</em></strong></span> <span class='ocrx_word' id='word_1_495' title='bbox 556 3500 637 3543; x_wconf 78' lang='grc' dir='ltr'><strong>καὶ</strong></span> <span class='ocrx_word' id='word_1_496' title='bbox 685 3500 767 3556; x_wconf 86' lang='grc' dir='ltr'><strong>τῆς</strong></span> <span class='ocrx_word' id='word_1_497' title='bbox 809 3500 1063 3556; x_wconf 88' lang='grc' dir='ltr'><strong><em>συνηθείας</em></strong></span> <span class='ocrx_word' id='word_1_498' title='bbox 1106 3501 1188 3545; x_wconf 81' lang='grc' dir='ltr'><strong>καὶ</strong></span> <span class='ocrx_word' id='word_1_499' title='bbox 1230 3503 1328 3546; x_wconf 81' lang='grc' dir='ltr'><strong>τῶν</strong></span> 
     </span>
     <span class='ocr_line' id='line_1_84' title="bbox 337 3560 1328 3630; baseline 0.005 -17"><span class='ocrx_word' id='word_1_500' title='bbox 337 3560 514 3628; x_wconf 74' lang='grc' dir='ltr'><strong><em>,ὅρκων</em></strong></span> <span class='ocrx_word' id='word_1_501' title='bbox 542 3571 623 3614; x_wconf 85' lang='grc' dir='ltr'><strong>καὶ</strong></span> <span class='ocrx_word' id='word_1_502' title='bbox 651 3571 739 3615; x_wconf 87' lang='grc' dir='ltr'><strong>τοῦ</strong></span> <span class='ocrx_word' id='word_1_503' title='bbox 766 3568 934 3628; x_wconf 87' lang='grc' dir='ltr'><strong><em>γένους</em></strong></span> <span class='ocrx_word' id='word_1_504' title='bbox 969 3570 1328 3630; x_wconf 86' lang='grc' dir='ltr'><strong><em>καταγέλαστος</em></strong></span> 
     </span>
     <span class='ocr_line' id='line_1_85' title="bbox 349 3639 625 3696; baseline 0.004 -13"><span class='ocrx_word' id='word_1_505' title='bbox 349 3639 397 3683; x_wconf 88' lang='lat'><strong>11</strong></span> <span class='ocrx_word' id='word_1_506' title='bbox 429 3642 525 3696; x_wconf 85' lang='lat'><strong>196,</strong></span> <span class='ocrx_word' id='word_1_507' title='bbox 559 3643 625 3685; x_wconf 86' lang='lat'><strong>15.</strong></span> 
     </span>
    </p>
   </div>
   <div class='ocr_carea' id='block_1_18' title="bbox 295 3710 1326 3830">
    <p class='ocr_par' dir='ltr' id='par_1_24' title="bbox 295 3710 1326 3830">
     <span class='ocr_line' id='line_1_86' title="bbox 295 3710 1326 3770; baseline 0.004 -16"><span class='ocrx_word' id='word_1_508' title='bbox 295 3710 609 3767; x_wconf 86' lang='lat' dir='ltr'><strong>Digressiones</strong></span> <span class='ocrx_word' id='word_1_509' title='bbox 639 3723 667 3755; x_wconf 92' lang='lat' dir='ltr'><strong>a</strong></span> <span class='ocrx_word' id='word_1_510' title='bbox 697 3723 746 3755; x_wconf 89' lang='lat' dir='ltr'><strong>re</strong></span> <span class='ocrx_word' id='word_1_511' title='bbox 783 3711 1019 3768; x_wconf 84' lang='lat' dir='ltr'><strong>proposita</strong></span> <span class='ocrx_word' id='word_1_512' title='bbox 1056 3712 1326 3770; x_wconf 88' lang='lat' dir='ltr'><strong>philosopho</strong></span> 
     </span>
     <span class='ocr_line' id='line_1_87' title="bbox 352 3782 1167 3830; baseline 0.005 -4"><span class='ocrx_word' id='word_1_513' title='bbox 352 3795 443 3826; x_wconf 89' lang='lat' dir='ltr'><strong>non</strong></span> <span class='ocrx_word' id='word_1_514' title='bbox 474 3782 684 3827; x_wconf 83' lang='lat' dir='ltr'><strong>vitandae</strong></span> <span class='ocrx_word' id='word_1_515' title='bbox 713 3795 778 3827; x_wconf 94' lang='lat' dir='ltr'><strong>or.</strong></span> <span class='ocrx_word' id='word_1_516' title='bbox 809 3783 896 3829; x_wconf 88' lang='lat' dir='ltr'><strong>V11</strong></span> <span class='ocrx_word' id='word_1_517' title='bbox 930 3786 1167 3830; x_wconf 84' lang='lat'><strong>127—132.</strong></span> 
     </span>
    </p>
   </div>
   <div class='ocr_carea' id='block_1_19' title="bbox 1372 3493 2403 3839">
    <p class='ocr_par' dir='ltr' id='par_1_25' title="bbox 1428 3493 2401 3628">
     <span class='ocr_line' id='line_1_88' title="bbox 1431 3493 2401 3555; baseline -0.007 -12"><span class='ocrx_word' id='word_1_518' title='bbox 1431 3497 1537 3555; x_wconf 86' lang='lat' dir='ltr'><strong>quia</strong></span> <span class='ocrx_word' id='word_1_519' title='bbox 1555 3498 1674 3542; x_wconf 89' lang='lat' dir='ltr'><strong>inter</strong></span> <span class='ocrx_word' id='word_1_520' title='bbox 1700 3511 1749 3543; x_wconf 88' lang='lat' dir='ltr'><strong>se</strong></span> <span class='ocrx_word' id='word_1_521' title='bbox 1771 3498 2013 3543; x_wconf 89' lang='lat' dir='ltr'><strong>concordla</strong></span> <span class='ocrx_word' id='word_1_522' title='bbox 2033 3497 2222 3543; x_wconf 87' lang='lat' dir='ltr'><strong>utuntur</strong></span> <span class='ocrx_word' id='word_1_523' title='bbox 2237 3507 2302 3540; x_wconf 88' lang='lat' dir='ltr'><strong>or.</strong></span> <span class='ocrx_word' id='word_1_524' title='bbox 2318 3493 2401 3537; x_wconf 92' lang='lat' dir='ltr'><strong>XL</strong></span> 
     </span>
     <span class='ocr_line' id='line_1_89' title="bbox 1428 3568 2122 3628; baseline 0.003 -15"><span class='ocrx_word' id='word_1_525' title='bbox 1428 3569 1455 3625; x_wconf 64' lang='grc' dir='ltr'><strong>ξ</strong></span> <span class='ocrx_word' id='word_1_526' title='bbox 1477 3571 1529 3613; x_wconf 87' lang='grc'><strong>35</strong></span> <span class='ocrx_word' id='word_1_527' title='bbox 1544 3581 1610 3626; x_wconf 86' lang='lat' dir='ltr'><strong>sq.</strong></span> <span class='ocrx_word' id='word_1_528' title='bbox 1659 3568 1726 3614; x_wconf 86' lang='lat' dir='ltr'><strong>Cf.</strong></span> <span class='ocrx_word' id='word_1_529' title='bbox 1749 3583 1785 3615; x_wconf 88' lang='lat' dir='ltr'><strong>s.</strong></span> <span class='ocrx_word' id='word_1_530' title='bbox 1807 3583 1847 3615; x_wconf 86' lang='lat' dir='ltr'><strong>v.</strong></span> <span class='ocrx_word' id='word_1_531' title='bbox 1878 3572 2122 3628; x_wconf 88' lang='grc' dir='ltr'><strong><em>Στοιχεῖα.</em></strong></span> 
     </span>
    </p>

    <p class='ocr_par' dir='ltr' id='par_1_26' title="bbox 1372 3635 2403 3839">
     <span class='ocr_line' id='line_1_90' title="bbox 1372 3635 2400 3697; baseline -0.005 -13"><span class='ocrx_word' id='word_1_532' title='bbox 1372 3639 1580 3686; x_wconf 87' lang='lat' dir='ltr'><strong>Eruditio</strong></span> <span class='ocrx_word' id='word_1_533' title='bbox 1610 3640 1807 3697; x_wconf 84' lang='lat' dir='ltr'><strong>vulgaris</strong></span> <span class='ocrx_word' id='word_1_534' title='bbox 1836 3640 2009 3686; x_wconf 88' lang='lat' dir='ltr'><strong>inutilis</strong></span> <span class='ocrx_word' id='word_1_535' title='bbox 2040 3638 2260 3684; x_wconf 84' lang='lat' dir='ltr'><strong>evincitur</strong></span> <span class='ocrx_word' id='word_1_536' title='bbox 2280 3635 2400 3680; x_wconf 88' lang='lat' dir='ltr'><strong>Tha·</strong></span> 
     </span>
     <span class='ocr_line' id='line_1_91' title="bbox 1427 3706 2403 3770; baseline -0.007 -14"><span class='ocrx_word' id='word_1_537' title='bbox 1427 3711 1610 3770; x_wconf 82' lang='lat' dir='ltr'><strong>myridis</strong></span> <span class='ocrx_word' id='word_1_538' title='bbox 1632 3713 1677 3757; x_wconf 89' lang='lat' dir='ltr'><strong>et</strong></span> <span class='ocrx_word' id='word_1_539' title='bbox 1696 3710 1949 3757; x_wconf 83' lang='lat' dir='ltr'><strong>Palamedis</strong></span> <span class='ocrx_word' id='word_1_540' title='bbox 1967 3707 2182 3766; x_wconf 87' lang='lat' dir='ltr'><strong>exemplis</strong></span> <span class='ocrx_word' id='word_1_541' title='bbox 2204 3719 2269 3752; x_wconf 90' lang='lat' dir='ltr'><strong>or.</strong></span> <span class='ocrx_word' id='word_1_542' title='bbox 2290 3706 2403 3750; x_wconf 92' lang='lat' dir='ltr'><strong>XIII</strong></span> 
     </span>
     <span class='ocr_line' id='line_1_92' title="bbox 1432 3777 2403 3839; baseline -0.007 -11"><span class='ocrx_word' id='word_1_543' title='bbox 1432 3785 1458 3839; x_wconf 64' lang='grc' dir='ltr'><strong>ξ</strong></span> <span class='ocrx_word' id='word_1_544' title='bbox 1491 3786 1541 3827; x_wconf 89' lang='grc'><strong>21</strong></span> <span class='ocrx_word' id='word_1_545' title='bbox 1576 3784 1672 3828; x_wconf 88' lang='lat' dir='ltr'><strong>eius</strong></span> <span class='ocrx_word' id='word_1_546' title='bbox 1712 3782 1950 3828; x_wconf 86' lang='lat' dir='ltr'><strong>utilitatem</strong></span> <span class='ocrx_word' id='word_1_547' title='bbox 1988 3793 2078 3825; x_wconf 91' lang='lat' dir='ltr'><strong>non</strong></span> <span class='ocrx_word' id='word_1_548' title='bbox 2116 3777 2403 3834; x_wconf 82' lang='lat' dir='ltr'><strong>comprobari</strong></span> 
     </span>
    </p>
   </div>
   <div class='ocr_carea' id='block_1_20' title="bbox 2567 0 2678 4140">
    <p class='ocr_par' dir='ltr' id='par_1_27' title="bbox 2567 0 2678 4140">
     <span class='ocr_line' id='line_1_93' title="bbox 2567 0 2678 4140; baseline 0 0"><span class='ocrx_word' id='word_1_549' title='bbox 2567 0 2678 4140; x_wconf 95' lang='lat' dir='ltr'><strong> </strong></span> 
     </span>
    </p>
   </div>
  </div>
 </body>
</html>
