2684 4140
418 271 518 319 176
1145 263 1295 308 DION
1298 263 1351 308 IS
1381 261 1464 307 DE
1494 261 1770 308 VIRTUTE

411 429 542 472 τους
580 411 844 475 παρέχειν
882 413 1035 476 σφᾶς
1074 407 1276 467 αὐτούς
1288 424 1308 468 ;
1347 407 1382 455 ἃ
1422 403 1481 457 δὲ
1509 407 1864 474 πράττοντας
1891 404 2051 458 οὐδὲν
2080 408 2282 470 αὐτούς
2306 406 2508 460 κωλύει

411 499 591 554 κακῶς
615 493 708 543 καὶ
735 488 956 552 ἀθλίως
982 486 1093 561 ζῆν,
1133 496 1325 541 πᾶσαν
1352 491 1565 540 τούτων
1593 488 1923 556 ἐπιμέλειαν
1951 499 2253 544 ποιοῦνται
2266 512 2286 555 ,·
2322 495 2509 546 καίτοι

413 580 541 629 ἄνευ
577 578 679 642 μὲν
719 573 970 644 αὐλητῶν
1006 576 1101 626 καὶ
1135 575 1490 644 κιθαριστῶν
1527 576 1622 625 καὶ
1661 578 2017 641 σκυτοτόμων
2065 579 2158 630 καὶ
2209 576 2505 647 παιδοτρι-

408 663 523 728 βῶν
559 662 653 712 καὶ
689 662 941 730 ῥητόρων
977 661 1072 711 καὶ
1109 661 1317 728 ἰατρῶν
1358 660 1454 710 οὐκ
1492 657 1767 711 ἀδύνατον
1795 661 2133 728 ἀνθρώποις
2159 664 2318 730 βιοῦν
2358 667 2505 716 πάνυ

406 744 589 814 καλῶς
613 746 706 796 καὶ
731 745 999 811 νομίμως,
1041 744 1203 811 οἶμαι
1230 738 1282 795 δ’
1325 746 1431 812 ἐγὼ
1470 746 1562 796 καὶ
1603 743 1728 810 δίχα
1754 752 2011 816 γεωργῶν
2036 750 2130 799 καὶ
2156 747 2470 816 οἰκοδόμων
2489 763 2499 774 ·
2539 764 2561 802 5

342 834 374 885 6
412 831 634 881 Σκύθαι
671 836 800 897 γοῦν
841 827 1001 881 οὐδὲν
1037 827 1350 882 κωλύονται
1390 832 1447 880 οἱ
1485 828 1727 896 νομάδες
1750 833 1889 901 μήτε
1918 833 2100 894 οἰκίας
2126 835 2344 902 ἔχοντες
2370 838 2508 906 μήτε

417 923 515 986 γῆν
556 917 885 986 σπείροντες
920 917 951 985 ἢ
995 918 1329 986 φυτεύοντες
1368 913 1601 978 δικαίως
1637 917 1732 967 καὶ
1778 917 1919 967 κατὰ
1966 920 2172 983 νόμους
2220 917 2509 972 πολιτεύε-

414 1001 584 1051 σθαι·
625 1001 755 1051 ἄνευ
789 997 847 1051 δὲ
875 1002 1048 1066 νόμου
1073 1002 1168 1052 καὶ
1195 998 1414 1052 δικαίου
1440 1003 1513 1071 μὴ
1542 1006 1723 1062 κακῶς
1751 996 1845 1071 ζῆν
1872 1002 2220 1071 ἀνθρώπους
2242 1007 2336 1056 καὶ
2362 1003 2508 1056 πολὺ
2533 1019 2613 1060 (620
2636 1019 2684 1062 m

409 1091 520 1136 τῶν
540 1086 763 1156 θηρίων
785 1087 1068 1156 ὠμότερον
1089 1087 1151 1136 οὐ
1175 1084 1424 1137 δυνατόν.
1469 1087 1556 1138 ἔτι
1578 1079 1631 1137 δ’
1656 1089 1802 1137 ὅπου
1821 1088 1923 1152 μὲν
1947 1086 2154 1157 φαῦλοι
2178 1093 2512 1156 σκυτοτόμοι

411 1171 523 1222 εἰσὶ
568 1172 661 1222 καὶ
696 1174 934 1241 γεωργοὶ
969 1174 1062 1224 καὶ
1111 1169 1428 1238 οἰκοδόμοι,
1479 1169 1638 1223 οὐδὲν
1687 1173 1810 1223 ἐκεῖ
1852 1170 1945 1223 διὰ
1995 1180 2159 1224 τοῦτο
2212 1176 2506 1242 συμβαίνει
2546 1186 2591 1227 10

408 1254 682 1321 χαλεπόν,
731 1254 873 1307 ἀλλὰ
921 1258 990 1307 τὰ
1028 1254 1418 1328 ὑποδήματα*
1464 1259 1559 1309 καὶ
1606 1259 1778 1325 πυροὶ
1824 1255 2092 1320 ἐλάττους
2139 1261 2233 1310 καὶ
2278 1261 2507 1329 κριθαί·

409 1343 554 1392 ὅπου
596 1340 654 1393 δὲ
694 1343 958 1411 ἄρχοντες
990 1345 1213 1412 χείρους
1244 1345 1344 1403 ,καὶ
1392 1341 1654 1395 δικασταὶ
1701 1346 1796 1395 καὶ
1845 1348 2036 1410 νόμοι,
2086 1345 2155 1395 τὰ
2205 1347 2508 1414 πράγματα
2533 1360 2683 1402 (37οΒῑ

407 1430 599 1479 κάκιον
636 1429 751 1492 ἔχει
787 1434 899 1478 τῶν
937 1429 1265 1497 ἀνθρώπων
1303 1430 1527 1480 ἐκείνων
1565 1430 1659 1480 καὶ
1697 1431 1728 1479 ὁ
1765 1430 1891 1495 βίος
1942 1427 2375 1500 δυστυχέστερος
2411 1434 2508 1483 καὶ

411 1514 640 1574 στάσεις
688 1514 781 1564 καὶ
831 1511 1048 1564 ἀδικίαι
1096 1515 1190 1564 καὶ
1237 1515 1427 1582 ὕβρεις
1474 1516 1568 1565 καὶ
1606 1515 1839 1581 ἀσέβεια
1880 1512 2060 1585 πολλὴ
2116 1517 2320 1584 φύεται
2359 1513 2503 1589 παρ’

342 1598 371 1646 7
414 1598 620 1658 αὐτοῖς.
705 1598 790 1648 ἔτι
840 1595 899 1648 δὲ
956 1601 1297 1664 σκυτοτόμον
1345 1600 1447 1663 μὲν
1487 1599 1654 1649 αὐτὸν
1705 1600 1801 1649 οὐκ
1849 1601 1980 1650 ὄντα
2032 1597 2317 1653 λυσιτελεῖ
2357 1599 2499 1674 παρ’
2544 1612 2588 1652 15

411 1678 582 1731 ἄλλου
623 1683 918 1750 πρίασθαι
942 1680 1299 1753 ὑποδήματα,
1336 1685 1431 1735 καὶ
1458 1682 1777 1750 οἰκοδομεῖν
1806 1685 1902 1734 οὐκ
1929 1686 2307 1751 ἐπιστάμενον
2339 1687 2509 1741 ἄλλον

408 1768 507 1817 ἐπὶ
554 1769 732 1834 τούτῳ
783 1768 1236 1833 μισθώσασθαι,
1286 1770 1380 1820 καὶ
1417 1771 1659 1836 γεωργὸν
1708 1771 1781 1840 μὴ
1825 1772 1958 1820 ὄντα
2012 1774 2168 1820 σῖτον
2218 1774 2511 1841 πρίασθαι

406 1853 500 1902 καὶ
539 1853 780 1922 ὄσπρια·
820 1851 1014 1904 ἄδικον
1056 1851 1114 1904 δὲ
1155 1854 1322 1905 αὐτὸν
1363 1856 1493 1905 ὄντα
1534 1855 1596 1904 οὐ
1638 1852 1924 1905 λυσιτελεῖ
1941 1861 2052 1905 τῶν
2093 1853 2325 1907 δικαίων
2364 1856 2506 1927 παρ’

410 1935 581 1987 ἄλλου
633 1940 919 2005 τυγχάνειν
960 1937 1087 1990 οὐδὲ
1127 1941 1351 2009 ἄφρονα
1388 1941 1482 1990 καὶ
1521 1941 1826 2007 ἀγνοοῦντα
1868 1942 1902 1990 ἃ
1943 1938 2037 1991 δεῖ
2077 1945 2266 1992 ποιεῖν
2303 1944 2396 1993 καὶ
2435 1942 2510 1994 ὧν

410 2023 759 2087 ἀπέχεσθαι,
809 2024 950 2089 μετὰ
1000 2030 1128 2075 νοῦν
1167 2017 1265 2094 ἐφ’
1311 2026 1525 2091 ἑκάστῳ
1567 2026 1713 2093 πρὸς
1750 2027 1939 2094 ἕτερον
1978 2027 2140 2078 ἰέναι.
2218 2029 2363 2094 πρὸς
2399 2029 2502 2098 γὰρ
2542 2041 2590 2082 20

408 2111 530 2169 τοῖς
567 2105 762 2170 ἄλλοις
802 2110 833 2158 0‘
868 2111 969 2174 μὲν
1019 2110 1282 2178 ἀργυρίου
1324 2107 1587 2174 δεόμενος
1623 2110 1655 2179 ἢ
1699 2111 1936 2174 ἱματίων
1974 2112 2006 2180 ἢ
2048 2113 2230 2173 οἰκίας
2266 2113 2298 2182 ἢ
2339 2110 2510 2164 ἄλλου

407 2209 506 2244 του
547 2195 854 2244 ἐπίσταταί
889 2211 947 2244 τε
985 2196 1078 2245 καὶ
1117 2190 1275 2264 ζητεῖ
1306 2195 1463 2263 παρὰ
1514 2200 1625 2245 τῶν
1664 2196 1903 2259 ἐχόντων
1944 2193 2161 2262 λαβεῖν·
2217 2199 2248 2247 ὁ
2286 2195 2344 2248 δὲ
2384 2205 2511 2249 νοῦν

414 2279 511 2328 οὐκ
549 2279 687 2343 ἔχων
728 2276 854 2329 οὐδὲ
883 2279 1017 2329 αὐτὸ
1048 2285 1213 2329 τοῦτο
1241 2280 1549 2330 ἐπίσταται
1574 2282 1662 2330 ὅτι
1691 2280 1786 2330 οὐκ
1825 2281 1938 2344 ἔχει
1976 2287 2132 2331 νοῦν·
2173 2276 2299 2332 ἀλλ>
2345 2284 2511 2344 αὐτός

414 2376 588 2432 φησιν
629 2365 816 2425 ἱκανὸς
855 2363 1002 2415 εἶναι
1037 2366 1132 2415 καὶ
1181 2361 1521 2434 ἰσχυρίζεται
1569 2361 1697 2434 <τῇ>
1734 2367 2054 2435 ἀφροσύνῃ,
2107 2370 2292 2418 πάντα
2333 2372 2510 2438 πράτ-

410 2465 522 2498 των
559 2449 652 2499 καὶ
692 2446 862 2516 λέγων
901 2451 1191 2519 ἀφρόνως,
1237 2452 1331 2501 καὶ
1370 2450 1435 2500 ου’
1473 2464 1647 2520 φησιν
1686 2449 1880 2512 ἄδικος
1919 2451 2065 2502 εἶναι
2105 2450 2230 2503 οὐδὲ
2271 2454 2509 2523 ἀνόητος
2546 2469 2596 2510 25

414 2531 540 2584 οὐδὲ
591 2532 929 2598 ἀκόλαστος,
981 2529 1103 2586 ἀλλ’
1147 2538 1224 2596 ὡς
1274 2535 1394 2587 οἷόν
1445 2553 1505 2586 τε
1557 2538 1760 2598 ἱκανῶς
1811 2539 1943 2606 περὶ
1991 2544 2165 2588 ταῦτα
2215 2539 2386 2602 ἔχειν,
2438 2538 2513 2589 ὧν

416 2617 680 2684 οὐδεμίαν
721 2622 958 2671 πώποτε
1006 2618 1335 2686 ἐπιμέλειαν
1384 2623 1700 2691 ἐποιήσατο
1755 2620 1881 2673 οὐδὲ
1932 2624 2149 2688 ἔμαθεν
2191 2621 2350 2674 οὐδὲν
2388 2626 2512 2674 τού-

347 2705 377 2757 8
415 2721 527 2754 των
565 2707 758 2755 ἕνεκεν.
824 2702 950 2755 οὐδὲ
978 2706 1080 2774 γὰρ
1120 2707 1437 2776 ἐπιστήμην
1465 2705 1610 2757 εἶναι
1636 2703 1944 2772 νομίζουσι,
1983 2701 2123 2758 καθ’
2167 2709 2233 2777 ἣν
2261 2707 2513 2759 εἴσονται

412 2790 470 2839 τί
506 2794 784 2855 πρακτέον
826 2791 1018 2852 αὐτοῖς
1053 2792 1084 2860 ἢ
1126 2793 1183 2841 τί
1218 2795 1291 2862 μὴ
1335 2795 1612 2861 πρακτέον
1649 2793 1744 2842 καὶ
1782 2798 1907 2853 πῶς
1945 2793 2254 2858 βιώσονται
2283 2795 2508 2862 ὀρθῶς·

412 2871 553 2925 ἀλλά
591 2876 722 2936 τοὺς
761 2878 965 2942 νόμους
1004 2869 1198 2939 αὐτοῖς
1239 2879 1460 2939 ἱκανοὺς
1499 2876 1646 2928 εἶναι
1695 2879 1840 2946 πρὸς
1888 2884 2054 2927 τοῦτο
2107 2879 2239 2938 τούς
2275 2893 2508 2947 γεγραμ-
2547 2872 2669 2948 ‹⁹›()(²'37l

557 3101 575 3140 1
611 3092 783 3152 αὖτοὺς
813 3098 856 3142 Η
998 3096 1200 3145 κωλύειν
1230 3098 1265 3142 P
1422 3102 1446 3142 2
1478 3100 1578 3155 ζεῖν
1606 3098 1642 3142 Ρ
1817 3102 1843 3142 9
1875 3093 2189 3158 ἀνομώτερον
2220 3098 2351 3143 ΜΡΗ
2381 3093 2507 3156 ω’μό-

414 3183 558 3227 τερον
587 3168 667 3212 UB
786 3161 859 3215 ὅτι
890 3164 936 3215 δ’
969 3162 1095 3217 ὅπου
1125 3170 1166 3215 U
1295 3174 1341 3214 11
1374 3171 1524 3229 χείρω
1556 3173 1661 3226 post
1688 3164 1968 3227 ὑποδήματα
2001 3169 2243 3227 supplebat
2270 3168 2507 3224 Reiskius;

415 3238 549 3293 plura
586 3239 826 3292 excidisse,
866 3252 980 3296 quae
1019 3241 1116 3286 voci
1147 3237 1400 3297 οἰκοδόμοι
1429 3240 1778 3297 responderent,
1820 3240 1932 3285 vidit
1963 3241 2094 3296 Emp.
2254 3244 2304 3285 13
2339 3236 2365 3286 ὃ
2396 3241 2509 3300 βίος

418 3304 444 3353 ὃ
476 3306 526 3350 Μ
642 3312 696 3352 14
725 3311 942 3365 φαίνεται
972 3324 1053 3366 pro
1085 3307 1252 3370 φύεται
1283 3311 1323 3355 U
1443 3315 1493 3355 16
1524 3313 1758 3370 πριάσθαι
1789 3310 1867 3355 UB
2021 3315 2068 3355 17
2101 3308 2438 3367 μισθώσεσθαι
2470 3312 2505 3354 Β

414 3374 758 3434 θαυμάσασθαι
790 3380 825 3423 Ρ
855 3384 1095 3437 (superscr.
1126 3399 1202 3442 γρ.
1233 3379 1595 3438 μισθώσασθαι)
1683 3385 1918 3442 πριᾶσθαι
1949 3381 1990 3426 U
2079 3385 2130 3427 18
2172 3377 2228 3429 οὐ
2259 3395 2346 3426 om.
2387 3381 2508 3425 BPH

416 3449 479 3502 (in
500 3450 587 3495 hoe
609 3463 637 3494 a
659 3463 773 3494 001'1‘·
794 3452 957 3501 Miser.)
1075 3457 1129 3497 20
1159 3450 1279 3510 μετὰ
1302 3457 1417 3501 νοῦν
1435 3453 1613 3511 scripsi,
1641 3456 1973 3509 μετανοοῦντα
1993 3453 2097 3498 libri
2211 3455 2263 3496 22
2293 3453 2375 3497 καὶ
2404 3453 2509 3495 ante

415 3520 667 3568 ἐπίσταται
682 3521 783 3565 add.
801 3522 886 3565 MP
958 3521 1208 3570 ἐπίσταται
1231 3519 1258 3570 ὃ
1279 3528 1359 3571 καὶ
1379 3527 1510 3584 ζητεῖ
1524 3525 1603 3570 UB
1625 3523 1877 3571 ἐπίσταται
1896 3527 1976 3570 καὶ
2000 3516 2027 3569 δ’
2049 3525 2181 3581 ζητεῖ
2197 3522 2247 3566 Μ
2324 3524 2377 3565 23
2401 3515 2505 3567 ἀλλ’

417 3587 562 3647 αὐτός
593 3593 626 3636 Ρ
659 3592 808 3639 τᾶλλα
839 3592 887 3637 δὲ
918 3587 1063 3646 αὐτός
1092 3594 1224 3640 UBM
1252 3590 1363 3642 ἀλλ’
1396 3591 1527 3656 αὑτῷ
1546 3596 1590 3639 Η
1677 3599 1731 3639 24
1761 3597 1821 3653 τῇ
1849 3594 1952 3642 add.
1974 3594 2107 3650 Emp.
2195 3595 2248 3636 29
2279 3593 2327 3638 τί
2356 3607 2505 3649 πρακ-

417 3663 528 3710 τέον
560 3664 639 3708 ΡΗ
669 3659 724 3710 τὸ
757 3663 1001 3723 πρακτέον
1030 3664 1069 3709 U
1100 3679 1158 3708 m.
1189 3679 1257 3722 pr.
1281 3666 1370 3710 ΒΜ
1390 3681 1445 3711 m.
1467 3681 1536 3724 pr.
1567 3670 1855 3727 (πρακταῖον
1885 3666 1950 3718 Μ)
2035 3660 2066 3722 ἢ
2095 3665 2143 3709 τί
2170 3663 2233 3721 μὴ
2265 3662 2508 3722 πρακτέον

417 3748 502 3780 om.
535 3734 583 3778 M
615 3735 779 3790 (suppl.
810 3735 855 3778 in
885 3739 1011 3791 mrg.)
1136 3732 1389 3794 βιάσονται
1420 3737 1455 3781 Ρ
1606 3742 1658 3781 30
1690 3730 1863 3790 αὐτοὺς
1891 3735 2023 3781 ΠΒΜ
