2684 4140
354 266 458 312 194
1012 260 1164 306 DION
1167 258 1221 304 IS
1250 258 1337 303 DE
1367 257 1775 305 DIFFIDENTIA

350 407 618 470 ἔχθιστον
667 400 961 469 νομίζουσι
1008 405 1103 454 καὶ
1154 396 1282 454 οὐδὲ
1331 410 1435 453 τοῦ
1483 406 1745 470 σώματος
1793 406 2102 471 ἀπέχονται
2151 407 2441 472 πολλάκις.

277 498 310 547 5
351 491 381 538 ὁ
415 493 545 554 γοῦν
582 489 821 557 ἐραστὴς
857 489 954 538 τὸν
992 488 1272 555 ἐρώμενον
1310 488 1677 558 ἀποσφάττει
1717 487 1810 541 διὰ
1849 493 1913 542 τὸ
1956 489 2080 543 λίαν
2121 490 2324 562 φιλεῖν,
2365 497 2443 556 ὡς

344 571 542 634 οἴεται,
582 568 966 640 παροξυνθεὶς
1003 573 1064 621 ἐκ
1099 578 1199 642 τῆς
1236 574 1510 641 τυχούσης
1538 574 1740 635 αἰτίας.
1888 578 2072 646 ἕτεροι
2110 570 2165 628 δ’
2209 581 2442 642 ἑαυτούς

341 657 798 719 ἀποκτιννύασιν,
839 657 896 706 οἱ
930 657 1032 721 μὲν
1060 657 1289 718 ἄκοντες
1317 648 1395 707 δι’
1428 658 1720 727 ἀκρασίαν,
1761 661 1818 710 οἱ
1845 658 1904 711 δὲ
1932 663 2164 726 ἑκόντες,
2202 661 2442 733 μηδενὸς

340 744 501 802 ὄντος
539 733 733 801 αὐτοῖς
781 742 1001 791 ἀτόπου
1049 742 1190 792 κατὰ
1238 743 1335 793 τὸν
1385 743 1511 810 βίον
1548 744 1580 813 ἢ
1631 751 1730 815 τῆς
1767 746 1825 795 ἐν
1866 738 2058 808 αὐτοῖς
2094 748 2432 818 μοχθηρίας.
2469 759 2494 800 5

337 828 439 888 τὰς
475 828 576 892 μὲν
612 826 716 895 γάρ
756 823 932 888 ἄλλας
968 823 1185 894 βλάβας
1223 828 1326 889 τὰς
1364 829 1447 889 εἰς
1485 831 1685 880 ἑαυτὸν
1731 831 1966 881 ἑκάστου
2018 829 2185 902 δῆλον
2225 834 2302 894 ὡς
2342 826 2440 884 οὐκ

337 909 670 975 ἐπεξελθεῖν
719 912 889 963 ἔστιν.
984 914 1127 963 ποία
1180 910 1244 984 δὴ
1298 914 1497 975 πίστις
1546 917 1692 984 πρὸς
1749 916 1882 976 τούς
1929 918 2223 979 τοιούτους
2269 919 2302 987 ἢ
2352 920 2439 980 τίς

337 995 655 1068 ἀσφάλεια;
702 999 734 1068 ἢ
786 1004 912 1059 πῶς
960 999 1027 1049 ἂν
1065 1000 1162 1064 ἐμὲ
1203 999 1550 1069 ἀγαπήσειεν
1602 1001 1632 1050 o‘
1668 994 1805 1070 μηδ’
1850 993 2019 1052 αὑτὸν
2058 1003 2325 1070 ἀγαπῶν,·
2373 1005 2437 1054 τὸ

334 1084 437 1154 γὰρ
479 1086 624 1153 πρὸς
662 1085 795 1146 τοὺς
826 1076 1172 1153 Ἀθηναίους
1209 1085 1406 1154 ῥηθέν,
1446 1087 1538 1136 ὅτε
1577 1087 1635 1136 ἑν
1662 1087 1924 1150 ἐσχάτοις
1962 1088 2117 1149 ὄντες
2154 1086 2346 1158 ἠξίουν
2382 1106 2440 1140 τι

333 1172 466 1240 περὶ
502 1172 722 1236 Σάμου,
772 1167 956 1231 καλῶς
995 1171 1062 1221 ἂν
1102 1169 1265 1236 οἶμαι
1303 1167 1530 1239 λεχθείη
1582 1173 1728 1240 πρὸς
1779 1173 1911 1233 τούς
1962 1170 2160 1243 φιλίαν
2197 1174 2432 1244 ύπερχο-
2471 1183 2518 1225 10

332 1260 536 1321 μένους
572 1261 684 1306 τῶν
724 1253 981 1326 φαύλων·
1033 1255 1096 1317 ὃς
1135 1248 1304 1317 αὐτὸς
1342 1257 1509 1306 αὑτὸν
1550 1247 1614 1306 οὗ
1656 1254 1839 1326 φιλεῖ,
1890 1263 2015 1320 πῶς
2053 1256 2224 1310 ἄλλον
2265 1257 2437 1331 φιλεῖ,
2459 1272 2659 1316 (396ΒΙΙ)

333 1343 366 1412 ἢ
409 1339 564 1405 ξένον
600 1343 633 1412 ἢ
672 1345 863 1393 τέκνον
900 1332 934 1412 ἢ
974 1339 1254 1412 ἀδελφόν,·

266 1439 302 1491 6
482 1428 540 1477 τί
578 1427 689 1490 οὖν,
729 1429 863 1478 ὅταν
889 1445 977 1488 τις
1005 1424 1426 1506 φιλοφρονῆται
1450 1429 1544 1479 καὶ
1567 1418 1708 1478 καθ’
1757 1429 1920 1499 ἱερῶν
1949 1430 2122 1499 ὀμνύῃ
2147 1431 2242 1481 καὶ
2265 1432 2438 1496 μόνον

342 1512 406 1561 ού
443 1515 808 1578 κατατέμνειν
859 1513 1027 1563 αὐτὸν
1076 1505 1109 1582 ᾖ
1162 1513 1468 1581 πρόθυμος
1482 1531 1501 1574 ,·
1550 1514 1772 1564 ἀκούειν
1821 1515 1923 1579 μὲν
1971 1512 2075 1584 ἤδη
2127 1517 2341 1567 τούτων
2380 1514 2442 1579 ἐξ

340 1598 581 1666 ἀνάγκης
616 1599 710 1648 καὶ
747 1599 809 1667 νὴ
849 1598 965 1647 Δία
1015 1596 1155 1658 ἴσως
1201 1599 1553 1648 κατανεύειν·
1605 1595 1817 1650 εἰδέναι
1865 1603 2059 1664 μέντοι
2110 1606 2311 1670 σαφῶς
2359 1604 2448 1653 ὅτι
2485 1610 2534 1651 15

333 1681 510 1751 μηδὲν
561 1683 744 1733 αὐτῶν
793 1684 947 1733 ἐστιν
1008 1684 1250 1752 ἰσχυρόν.
1338 1675 1607 1751 Ἠλέκτρα
1669 1685 1767 1734 τὸν
1809 1677 2072 1754 Ὀρέστην
2133 1682 2442 1754 δακρύοντα

337 1770 527 1837 ὁρῶσα
565 1769 660 1819 καὶ
697 1770 1127 1837 προσαγόμενον
1167 1768 1365 1838 αὐτήν,
1405 1770 1533 1818 τότε
1570 1769 1672 1833 μὲν
1713 1761 1854 1835 ᾤετο
1894 1770 2085 1819 ἄνεσίν
2124 1786 2250 1819 τινα
2291 1769 2443 1837 αὐτῷ

334 1856 639 1921 γεγονέναι,
679 1858 782 1903 τοῦ
815 1856 1012 1919 μέντοι
1050 1854 1392 1904 παντάπασι
1430 1854 1724 1904 πιστεύειν
1762 1850 1909 1903 πολὺ
1938 1854 2184 1919 ἀπεῖχεν.
2250 1855 2439 1923 ὁρῶσα

334 1947 464 2008 γοῦν
501 1931 627 2006 μετ’
673 1936 861 2007 ὀλίγον
901 1941 1321 2009 παρακινοῦντά
1364 1953 1557 2009 φησιν,
2467 1952 2613 1995 (egem)

747 2024 922 2088 οἴμοι,
959 2015 1278 2094 κασίγνητ’,
1320 2025 1470 2090 ὄμμα
1514 2026 1612 2075 σὸν
1649 2026 2023 2093 ταράσσεται,
2473 2035 2523 2077 20

747 2112 916 2175 ταχύς
957 2108 1016 2160 δὲ
1055 2111 1323 2176 μετέθου.

268 2203 301 2254 7
339 2198 439 2267 τὴν
477 2193 782 2246 θάλασσαν
822 2197 1000 2257 οὕτως
1038 2199 1356 2265 ἠρεμοῦσαν
1396 2191 1671 2256 πολλάκις
1704 2192 1845 2246 ἰδεῖν
1884 2195 2056 2258 ἔστιν,
2098 2187 2235 2244 ὥστ’
2281 2193 2443 2260 οἶμαι

335 2283 564 2333 καὶτὸν
605 2279 931 2332 δειλότατον
967 2287 1414 2352 καταφρονῆσαι.
1491 2282 1550 2331 τί
1605 2280 1733 2342 οὖν,
1785 2278 1879 2331 διὰ
1930 2286 2095 2330 τοῦτο
2149 2281 2441 2331 πιστεύειν

339 2365 432 2418 δεῖ
459 2369 554 2418 καὶ
589 2369 731 2437 μήτε
768 2368 1008 2435 ἀγκύρας
1046 2367 1242 2431 ἔχοντα
1280 2368 1419 2436 μήτε
1459 2363 1742 2437 πηδάλιον
1779 2367 1920 2436 μήτε
1959 2362 2138 2416 τᾶλλα
2185 2365 2254 2415 τά
2295 2367 2441 2433 πρὸς

335 2456 434 2524 τὴν
475 2453 756 2522 σωτηρίαν
795 2452 1118 2519 ἀνάγεσθαί
1143 2468 1284 2502 ποτε
1298 2470 1317 2514 ,·
1357 2453 1494 2519 ὄψει
1520 2453 1641 2519 γάρ,
1681 2452 1748 2502 ἀν
1777 2452 1921 2501 οὕτω
1960 2452 2111 2520 τύχῃ,
2150 2442 2275 2516 μετ’
2320 2446 2434 2499 ὀλί-
2472 2461 2519 2502 25

333 2555 432 2607 γον
469 2539 899 2608 κατερείσαντος
936 2539 1142 2604 ἀνέμου
1180 2535 1435 2588 κλύδωνα
1476 2539 1702 2606 ἰσχυρὸν
1738 2538 1833 2588 καὶ

746 2625 965 2689 κύματα
1003 2626 1348 2693 τροφόεντα,
1389 2620 1644 2692 πελώρια
1685 2621 1781 2672 ἶσα
1823 2623 2043 2692 ὄρεσσι,

746 2710 917 2778 κυρτὰ
960 2706 1389 2779 φαληριόωντα·

481 2952 506 2993 3
527 2944 570 2995 δ’
594 2946 794 3001 ἑαυτοὺς
812 2947 855 2990 Η
876 2948 925 2994 δὲ
946 2942 1121 3001 αὖτοὺς
1140 2947 1260 2993 PUB
1291 2946 1340 2994 δὲ
1370 2940 1549 3000 αὐτοὺς
1569 2945 1618 2990 Μ
1704 2949 1732 2989 4
1762 2939 2145 2992 άποκτεννύασιν
2174 2944 2214 2990 U
2236 2958 2294 2990 m.
2316 2958 2383 3001 pr.
2400 2946 2437 2989 B

337 3015 739 3067 ἀποκτιννύουσιν
768 3018 850 3062 PH
938 3023 963 3063 5
995 3022 1077 3078 τῆς
1106 3031 1195 3063 om.
1226 3019 1264 3061 B
1353 3021 1377 3061 7
1410 3013 1511 3064 ἔστι
1542 3016 1579 3061 U
1671 3020 1695 3060 8
1728 3010 1879 3063 αὐτὸν
1907 3016 1959 3061 Μ
2059 3021 2110 3060 10
2141 3014 2354 3075 φιλίαςΡ

335 3087 696 3151 ὑπερχομένους
724 3090 762 3135 Ρ
791 3086 1020 3150 ὑφερεεεε
1035 3089 1273 3148 χομένους
1302 3089 1404 3144 (sub
1434 3100 1598 3134 rasura
1628 3104 1680 3134 ευ
1707 3087 1756 3131 ni
1785 3087 1935 3142 fallor)
1971 3087 2015 3132 Η
2044 3085 2368 3146 ὑπεχομένους
2397 3087 2437 3132 U

336 3176 397 3206 m.
419 3175 488 3218 pr.
509 3162 600 3206 ΒΜ
690 3166 737 3206 11
771 3159 965 3221 φαύλως
996 3155 1077 3216 οὓς
1097 3161 1133 3205 Ρ
1163 3155 1207 3214 (ὓ
1227 3173 1257 3205 a
1276 3174 1334 3205 m.
1352 3163 1459 3215 sec.)
1546 3163 1616 3204 est
1643 3161 1903 3204 tetrameter
1931 3159 2175 3205 iambicus:
2208 3153 2262 3213 ὃς
2293 3152 2441 3211 αὐτὸς

338 3228 490 3279 αὑτὸν
521 3230 579 3279 οὐ
611 3237 750 3289 φιλεῖ,
779 3236 882 3287 πῶς
911 3229 1061 3279 ἄλλον
1088 3228 1206 3290 (ἂν)
1236 3233 1398 3289 φιλοίη
1484 3233 1587 3283 πιῦς
1617 3243 1702 3275 om.
1733 3229 1866 3274 PHM
1968 3234 2124 3287 φειλεῖ
2150 3230 2186 3274 Ρ
2287 3231 2337 3273 13
2368 3245 2440 3282 τις

339 3304 443 3348 add.
476 3316 594 3348 corr.
626 3303 662 3347 P
777 3307 1103 3363 φιλοφρονῆτε
1134 3305 1184 3348 Μ
1273 3307 1326 3348 14
1356 3298 1532 3349 ἑαυτὸν
1552 3302 1596 3347 Η
1627 3294 1778 3348 αὐτὸν
1806 3301 1896 3344 ΒΜ
1927 3295 2078 3347 αὑτὸν
2105 3300 2153 3345 in
2183 3314 2293 3357 mrg.
2316 3300 2352 3344 P

339 3379 389 3418 17
414 3371 527 3421 τότε
546 3374 772 3428 Reiskius‚
794 3375 914 3420 ποτὲ
933 3375 1037 3420 libri
1126 3380 1178 3419 18
1199 3372 1507 3421 παντάπασιν
1529 3372 1578 3416 Μ
1668 3375 1720 3416 19
1735 3366 1816 3418 ἐπ’
1841 3365 2008 3430 ὀλίγον
2027 3371 2063 3415 P
2083 3373 2209 3427 (mrg.
2230 3371 2366 3426 vulg.)

340 3439 521 3504 ὀλίγων
548 3445 600 3489 Μ
691 3448 745 3489 20
774 3447 1030 3504 κασίγνητε
1058 3445 1162 3491 libri
1189 3449 1370 3503 praeter
1398 3446 1436 3489 B
1468 3444 1526 3489 cf.
1558 3444 1672 3489 Eur.
1706 3444 1783 3488 Or.
1816 3446 1898 3487 253
1913 3455 1978 3498 sq.
2069 3444 2123 3484 22
2152 3438 2282 3487 ἐστιν
2313 3440 2350 3484 U

338 3520 393 3561 23
425 3513 713 3563 δειλώτατον
740 3516 791 3560 Μ
905 3519 979 3562 δεῖ
1004 3516 1244 3563 πιστεύειν
1272 3518 1376 3570 (hoe
1406 3516 1519 3570 ord.)
1550 3515 1586 3559 P
1702 3519 1756 3559 24
1786 3507 2002 3574 ἄγκύραν
2030 3511 2066 3555 Ρ
2208 3510 2324 3569 μηδὲ
2353 3526 2436 3568 πη-

335 3585 502 3634 δάλιον
529 3586 664 3633 ΠΒΜ
779 3590 832 3629 25
866 3579 1019 3640 οὕτως
1048 3589 1097 3630 Μ
1181 3585 1291 3647 μήτ’
1327 3588 1377 3631 Μ
1471 3590 1526 3631 26
1556 3587 1905 3644 κατερίσαντος
1934 3584 1985 3627 Μ
2078 3577 2284 3628 κλύδονα
2313 3580 2349 3623 Ρ

339 3663 389 3704 2·ι
425 3659 697 3703 concinnata.
726 3670 782 3702 ex
811 3658 891 3702 Od.
921 3658 1091 3703 111290
1122 3663 1167 3702 et
1196 3660 1247 3702 Il.
1278 3659 1389 3703 XIII
1419 3661 1502 3702 799
1645 3673 1698 3704 τε
1729 3651 2004 3715 τροφόεντα
2035 3653 2071 3697 Ρ
2226 3646 2362 3711 ὄρεσι
2391 3650 2435 3695 Η

339 3726 504 3791 ὄρεσιν
533 3729 570 3774 Ρ
603 3725 799 3788 ὄρεσσιν
827 3728 879 3773 Μ
994 3732 1048 3774 28
1079 3726 1388 3789 φαληριόωτα
1421 3728 1460 3775 U
1490 3742 1547 3774 m.
1576 3741 1647 3785 pr.
1678 3726 1986 3787 φαληρίωντα
2015 3722 2052 3768 Ρ
