2684 4140
387 261 489 311 288
1099 255 1308 302 DIONIS
1338 254 1766 302 MELANOOMAS

385 405 516 475 δρὸς
554 405 620 454 ἂν
649 400 884 470 λέγοιτο,
924 399 1160 452 ἐπειδὰν
1199 402 1297 470 τὴν
1326 398 1588 471 ἀνδρείαν
1621 402 1795 452 αὐτοῦ
1819 400 2148 470 ἐπεξίωμεν.
2212 408 2357 456 ὅπου
2382 407 2484 472 μὲν

382 490 484 557 γὰρ
535 485 852 557 ἀμφίλογον
900 487 964 537 τὸ
1014 485 1163 537 εἶναί
1208 503 1334 536 τινα
1384 492 1670 551 τοιοῦτον,
1720 490 1848 539 τότε
1896 486 2300 542 ἀποδεικνύναι
2350 493 2483 562 χρή·

379 576 523 624 ὅπου
563 569 622 622 δὲ
660 574 1052 639 γιγνώσκεται,
1100 573 1200 642 τὴν
1240 573 1413 642 φύσιν
1461 574 1718 624 ἐπαινεῖν
1764 579 1867 623 τοῦ
1901 577 2220 644 προσόντος
2258 577 2486 644 ἀγαθοῦ

379 675 506 708 τινι.
584 659 615 707 o‘
651 658 755 727 γὰρ
794 655 957 708 τοῦδε
996 658 1233 718 ἔπαινος
1271 659 1387 723 ἅμα
1426 658 1494 709 ἂν
1533 656 1617 728 εἴη
1656 659 1750 710 καὶ
1787 665 1890 710 τοῦ
1924 660 2148 726 ἔχοντος
2187 661 2338 712 αὐτό.
2394 649 2398 651 ’

379 740 627 808 μάλιστα
679 735 735 793 δ’
788 744 857 794 ἄν
905 760 994 804 τις
1029 743 1351 808 θαυμάσειε
1389 740 1798 811 Μελαγκόμαν,
1848 748 1937 797 ὅτι
1984 754 2182 817 μορφῇ
2224 753 2482 809 τοιοῦτος
2519 757 2544 798 5

309 833 343 884 9
383 829 460 878 ὢν
497 834 566 898 τῇ
604 825 835 898 ἀνδρείᾳ
875 826 1169 898 διήνεγκεν.
1248 826 1409 879 δοκεῖ
1436 829 1539 896 γὰρ
1578 829 1768 898 ἔμοιγε
1818 837 1888 900 τῇ
1924 838 2079 902 ψυχῇ
2118 829 2482 903 φιλονικῆσαι

380 913 527 982 πρὸς
574 914 638 963 τὸ
693 919 854 979 σῶμα
903 915 997 965 καὶ
1049 912 1376 965 σπουδάσαι
1424 916 1583 976 ὅπως
1632 916 1698 967 ἂν
1747 913 1840 967 διά
1880 919 2086 986 ταύτην
2125 915 2484 987 ἐνδοξότερος

379 1001 620 1068 γένηται.
693 1001 856 1066 γνούς
897 999 992 1051 οὖν
1030 1006 1141 1051 τῶν
1181 1001 1327 1070 πρὸς
1376 998 1638 1070 ἀνδρείαν
1684 1002 1859 1068 ἔργων
1897 999 2196 1054 κάλλιστον
2237 1005 2351 1069 ἅμα
2388 1005 2482 1055 καὶ

381 1085 818 1137 ἐπιπονώτατον
855 1087 954 1156 τὴν
992 1083 1260 1155 ἄθλησιν,
1301 1087 1400 1137 ἐπὶ
1437 1088 1644 1156 ταύτην
1680 1083 1873 1156 ἦλθεν.
1942 1093 2053 1138 τῶν
2091 1090 2192 1154 μὲν
2229 1089 2332 1159 γὰρ
2373 1098 2677 1140 πο-(ΜΟΒΠ

383 1166 621 1236 λεμικῶν
659 1173 689 1222 ὅ
725 1189 786 1222 τε
822 1173 1019 1238 καιρὸς
1059 1172 1155 1222 οὐκ
1191 1169 1257 1242 ἧν
1296 1174 1330 1242 η’
1369 1190 1428 1223 τε
1468 1174 1708 1242 ἄσκησις
1746 1169 2120 1243 ἐλαψροτέρα.
2200 1175 2374 1244 φαίην
2415 1167 2470 1224 δ’
2516 1181 2561 1222 10

377 1256 444 1307 ἂν
483 1256 654 1324 ἔγωγε
693 1259 788 1309 καὶ
825 1258 1026 1328 ἀρετῆς
1062 1259 1296 1328 ἥττονος
1335 1257 1497 1309 εἶναι.
1561 1260 1736 1327 μόνης
1761 1258 1863 1328 γὰρ
1893 1259 2166 1326 εὐψυχίας
2203 1256 2482 1323 ἐπίδειξις

375 1343 434 1392 ἐν
473 1345 595 1403 τοῖς
634 1340 996 1409 πολεμικοῖς,
1046 1347 1078 1413 ή
1123 1340 1181 1394 δὲ
1222 1340 1473 1413 ἄθλησις
1513 1345 1628 1410 ἅμα
1667 1345 1770 1409 μὲν
1809 1341 2100 1414 ἀνδρείαν,
2141 1346 2255 1411 ἅμα
2297 1343 2355 1396 δὲ
2397 1346 2480 1395 ἰσ-

293 1430 358 1481 10
375 1429 492 1492 χύν,
535 1429 650 1493 ἅμα
680 1426 739 1478 δὲ
782 1430 1154 1499 σωφροσύνην
1193 1430 1439 1495 ἐμποιεῖ.
1503 1431 1597 1480 καὶ
1622 1430 1809 1480 τοίνυν
1834 1437 1933 1500 τῆς
1961 1427 2262 1501 ἀθλήσεως
2301 1428 2481 1482 εἵλετο

381 1513 443 1562 οὐ
482 1514 545 1563 τὸ
585 1511 814 1582 ῥᾷστον,
855 1511 996 1564 ἀλλὰ
1029 1516 1092 1565 τὸ
1128 1512 1562 1580 χαλεπώτατον·
1601 1517 1823 1586 πυγμὴν
1860 1516 1964 1585 γὰρ
2003 1518 2259 1586 ἤσκησεν.
2318 1515 2480 1582 χαλε-

375 1598 487 1648 πὸν
524 1600 626 1663 μὲν
667 1599 762 1650 οὖν
799 1600 894 1650 καὶ
937 1606 1040 1650 τοῦ
1076 1598 1372 1666 ἐλαχίστου
1422 1602 1583 1671 ἔργου
1623 1594 1720 1652 ἐπ>
1774 1603 1942 1670 ἄκρον
1981 1599 2201 1666 ἐλθεῖν,
2241 1604 2378 1672 μήτι
2414 1619 2474 1670 γε
2513 1606 2558 1650 15

375 1683 433 1733 ἐν
472 1682 554 1750 τῷ
601 1685 845 1751 μεγίστῳ
901 1686 996 1736 καὶ
1046 1683 1463 1755 δυσχερεστάτῳ
1506 1688 1726 1748 πάντας
1773 1685 2233 1752 ὑπερβαλέσθαι,
2286 1689 2478 1758 ὥσπερ

374 1765 484 1820 ὅδε.
558 1770 652 1819 καὶ
699 1771 762 1819 τὸ
811 1771 914 1835 μὲν
962 1772 1094 1831 τοὺς
1148 1773 1462 1841 στεφάνους
1511 1771 1683 1821 αὐτοῦ
1728 1765 1870 1821 καθ’
1915 1774 2148 1823 ἕκαστον
2192 1770 2481 1835 ἐπεξιέναι

377 1854 472 1905 καὶ
508 1855 640 1915 τοὺς
679 1856 915 1923 ἀγῶνας,
955 1857 1014 1907 ἐν
1043 1855 1129 1918 οἶς
1160 1857 1395 1926 ἐνίκησε,
1437 1858 1582 1926 πρὸς
1622 1854 1846 1918 εἰδότας
1883 1859 2023 1923 ὑμᾶς
2063 1860 2344 1927 περιττόν,
2384 1855 2479 1908 ἀλ-

290 1936 488 2002 11λως
539 1957 599 1991 τε
646 1942 741 1992 καὶ
778 1945 1002 2011 ἑτέρους
1041 1943 1108 1993 ἂν
1149 1941 1307 1993 εἴποι
1353 1960 1440 2004 τις
1477 1948 1588 1994 τῶν
1627 1943 1810 1993 αὐτῶν
1849 1945 2130 2008 τυχόντας.
2208 1943 2239 1993 ὃ
2279 1941 2338 1994 δὲ
2376 1961 2478 2013 μη-

373 2022 489 2077 δενὶ
525 2024 788 2097 ὑπῆρξεν,
828 2028 1159 2079 ἐπίστασθε
1183 2030 1286 2094 μὲν
1314 2029 1542 2093 ὁμοίως,
1585 2019 1662 2078 δι>
1696 2029 1829 2078 αὐτὸ
1856 2032 2052 2094 μέντοι
2081 2035 2246 2079 τοῦτο
2274 2031 2472 2099 ῥητέον
2511 2033 2675 2081 20(2951

371 2110 513 2172 (τοῖς
549 2113 653 2181 γὰρ
692 2114 765 2183 μὴ
811 2110 1025 2164 εἰδόσιν
1066 2111 1193 2164 οὐδὲ
1235 2119 1543 2164 πιστεῦσαι
1580 2105 1801 2183 ῥᾴδιον)
1850 2116 1937 2165 ὅτι
1975 2116 2272 2175 τοσούτοις
2312 2115 2475 2165 ἀντα-

371 2202 676 2264 γωνισταῖς
709 2201 1061 2268 χρησάμενος
1098 2201 1192 2250 καὶ
1220 2200 1398 2260 οὕτως
1425 2199 1672 2266 ἀγαθοῖς
1698 2191 1802 2249 ὑπ’
1847 2196 2073 2260 οὐδενὸς
2101 2200 2339 2269 ἡττήθη,
2382 2199 2476 2249 αύ-

369 2283 467 2342 τὸς
507 2279 565 2332 δὲ
606 2284 695 2333 ἀεὶ
732 2285 954 2344 πάντας
992 2285 1162 2334 ἐνίκα.
1240 2285 1427 2334 καίτοι
1479 2284 1604 2334 οὔτε
1646 2285 1954 2353 στρατηγὸν
1994 2285 2148 2353 εὕροι
2184 2302 2273 2345 τις
2311 2285 2378 2334 ἂν
2417 2285 2474 2335 ἐν

371 2369 545 2418 παντὶ
591 2366 670 2435 τῷ
715 2371 895 2438 χρόνῳ
950 2369 1224 2438 ἀήττητον
1278 2369 1403 2419 οὔτε
1457 2369 1691 2438 ἀριστέα
1741 2366 2074 2434 πολεμικόν,
2127 2369 2188 2430 ὃς
2234 2370 2330 2419 οὐκ
2366 2367 2470 2439 ἤδη

371 2453 513 2503 ποτὲ
551 2454 645 2504 καὶ
683 2454 884 2523 ἔφυγεν
923 2455 982 2504 ἐκ
1018 2456 1213 2523 μάχης.
1292 2452 1419 2504 οὐδὲ
1456 2454 1559 2523 γὰρ
1599 2456 1688 2505 ὅτι
1724 2458 1937 2519 ταχέως
1975 2452 2323 2524 ἐτελεύτησε,
2374 2452 2468 2504 διὰ
2506 2459 2553 2502 25

368 2543 534 2588 τοῦτο
588 2540 728 2608 φαίη
782 2557 870 2600 τις
918 2540 985 2590 ἂν
1034 2540 1309 2609 ἀήττητον
1361 2537 1744 2606 διαγενέσθαι.
1824 2537 1970 2589 πολὺ
2018 2540 2121 2608 γὰρ
2168 2536 2472 2599 πλείστους

369 2623 473 2685 [ἂν]
512 2624 732 2690 ἀγῶνας
758 2625 1103 2694 ἠγωνίσατο·
1145 2626 1202 2674 ἐν
1244 2622 1302 2674 δὲ
1342 2631 1410 2694 τῇ
1450 2626 1622 2694 πείρᾳ
1655 2626 1718 2675 τὸ
1762 2621 2145 2695 σφάλλεσθαι,
2186 2625 2282 2674 οὐκ
2308 2625 2365 2675 ἐν
2391 2622 2472 2691 τῷ

511 2823 530 2862 1
573 2815 771 2876 ἀνδρίαν
809 2819 850 2864 U
890 2833 947 2863 m.
986 2833 1053 2877 pr.
1095 2820 1134 2864 B
1308 2814 1454 2867 αὐτοῦ
1492 2819 1618 2872 libri,
1663 2813 1810 2878 αὐτὴν
1849 2820 2052 2873 Geelius,
2099 2834 2229 2876 quem
2269 2819 2471 2876 sequitur

364 2891 529 2948 Emp.,
576 2895 624 2936 at
670 2890 928 2936 referuntur
971 2891 1085 2936 haec
1130 2890 1187 2935 ad
1241 2895 1502 2948 sequentem
1548 2891 1651 2936 inde
1699 2903 1727 2934 a
1764 2890 1795 2936 1.
1838 2894 1862 2934 5
1917 2891 2134 2935 orationis
2185 2891 2469 2947 particulam,

362 2974 482 3019 quae
520 2974 611 3007 non
653 2966 721 3008 est
767 2961 1047 3008 fortitudinis
1093 2962 1292 3007 laudatio
1341 2962 1421 3007 sed
1466 2962 1776 3007 Melancomae
1824 2974 1954 3019 quem
1997 2961 2293 3006 fortissimum
2331 2961 2472 3005 fuisse

366 3034 645 3079 demonstrat
789 3036 814 3076 2
845 3028 1181 3092 ἀναμφίλογον
1210 3032 1336 3087 libri,
1377 3045 1493 3078 corr.
1532 3032 1745 3077 Reiskius
1923 3037 1946 3078 3
1977 3028 2290 3092 γιγνώσκεται
2321 3032 2469 3088 Εωρ,,

362 3107 576 3165 γίγνεται
613 3104 717 3150 libri
889 3109 913 3149 5
952 3102 1193 3162 θαυμάσιε
1223 3104 1274 3148 Μ
1447 3108 1472 3149 6
1514 3098 1679 3165 ἀνδρίᾳ
1717 3103 1807 3148 ΒΜ
2009 3105 2335 3162 φιλονεικῆσαι
2363 3103 2470 3146 libri

365 3180 546 3233 praeter
574 3176 624 3220 M
767 3179 791 3221 8
822 3170 1023 3237 ἀνδρίαν
1053 3176 1093 3221 U
1121 3190 1178 3220 m.
1209 3190 1276 3233 pr.
1307 3175 1358 3220 M
1503 3171 1649 3235 ἔργον
1679 3175 1716 3220 U
1878 3179 1903 3220 9
1933 3166 2052 3234 ἦλθε
2082 3175 2119 3219 Β
2277 3179 2323 3218 11
2359 3169 2472 3234 ἀρε-

366 3250 450 3306 τῆς
477 3239 682 3306 η’ττονος
712 3247 888 3303 scripsi,
920 3243 1091 3307 ταύτης
1119 3239 1299 3307 ἥττονα
1329 3246 1446 3302 libri,
1478 3246 1599 3304 quod
1631 3246 1741 3291 ferri
1770 3258 1861 3292 non
1891 3249 2057 3303 potest,
2089 3246 2194 3303 quia
2221 3245 2323 3302 ipsa
2352 3244 2468 3289 mili-

362 3317 484 3361 taria
513 3329 652 3374 opera
680 3318 903 3364 athleticis
933 3319 1108 3364 minora
1139 3319 1289 3364 dicere
1318 3318 1558 3363 ridiculum
1589 3320 1710 3363 esset
1841 3321 1889 3361 12
1921 3311 2123 3376 ἀνδρίαν
2151 3316 2191 3360 U
2222 3329 2278 3361 m.
2310 3329 2379 3371 pr.

365 3379 466 3445 ἅμα
498 3388 547 3435 δὲ
577 3382 810 3448 εὐψυχίαν
838 3394 943 3446 post
972 3384 1198 3449 ἀνδρείαν
1227 3390 1331 3436 add.
1362 3388 1404 3434 U
1492 3383 1536 3435 δ’
1568 3384 1702 3448 ἰσχὺν
1731 3388 1771 3433 U
1862 3392 1913 3434 13
1944 3384 2104 3434 εἵλατο
2135 3387 2185 3430 Μ
2303 3389 2355 3429 14
2383 3381 2465 3442 ἤσ-
2648 3330 2672 3596 ⁴

364 3474 480 3517 κησε
511 3459 591 3504 UB
711 3464 760 3505 15
792 3458 1051 3519 ἐμαχίστον
1081 3463 1130 3505 Μ
1280 3465 1334 3505 20
1365 3460 1662 3507 ἐπίστασθαι
1690 3460 1773 3505 UB
1917 3463 1966 3503 21
2000 3454 2063 3517 μὴ
2094 3456 2321 3511 Reiskius,
2350 3453 2465 3512 μηδὲ

364 3529 467 3573 libri
603 3522 723 3577 ὅταν
752 3530 900 3587 UBM,
932 3523 1008 3578 ὅτι
1039 3532 1078 3576 Τ
1227 3536 1283 3576 24
1314 3528 1565 3579 πολιτικὸν
1593 3532 1643 3576 Μ
1674 3531 1794 3576 unde
1825 3525 2090 3586 πολεμικόν
2119 3527 2293 3583 scripsi,
2325 3525 2464 3571 πολέ-

356 3616 470 3656 μων
498 3599 579 3644 UB
753 3603 808 3644 26
838 3595 1072 3660 ἀήττητον
1102 3602 1319 3656 Casaub.,
1360 3599 1513 3650 αὐτὸν
1547 3601 1672 3658 libri;
1717 3594 1867 3647 αὐτὸν
1894 3594 2188 3658 (ἀήττητον)
2218 3596 2349 3652 Emp.
2658 3605 2670 3694 i

365 3674 417 3715 27
450 3666 512 3718 ἄν
541 3671 725 3716 seclusit
755 3671 961 3716 Reiskius
1105 3667 1403 3731 ἠγωνίσαντο
1437 3672 1532 3726 (sed
1562 3689 1590 3718 ν
1621 3673 1814 3718 alterum
1843 3683 1872 3715 a
1902 3673 2037 3724 corr.)
2066 3667 2108 3714 U
2242 3665 2295 3712 ἐν
2325 3665 2374 3713 δὲ
2405 3667 2466 3724 τῇ

362 3765 420 3774 -
449 3737 720 3800 ἠγωνίσατο
751 3755 795 3799 p.
825 3745 906 3787 289
936 3742 964 3786 1.
988 3746 1014 3787 4
1044 3756 1130 3788 om.
1163 3744 1242 3788 UB
2649 3698 2670 3928 i

2651 3918 2669 3978 ’ἰέ
