2684 4140
1043 276 1271 322 ORATIO
1301 277 1464 323 LXVI.
2187 280 2284 327 161

206 421 304 489 τὴν
354 421 534 470 οἰκίαν
584 419 831 472 ἀπέδοτο
879 422 972 471 καὶ
1020 422 1087 470 τὰ
1131 423 1339 490 χωρία,
1386 424 1479 473 καὶ
1522 425 1663 488 μετὰ
1713 430 1887 475 ταῦτα
1938 428 2292 494 περιέρχεται

206 510 416 555 πεινῶν
453 506 546 556 καὶ
586 503 798 575 φαῦλον
825 506 1122 574 τριβώνιον
1149 508 1302 572 ἔχων.
1365 505 1526 570 ,ἀλλὰ
1564 511 1907 578 κηρύττεται,
1950 510 2138 579 φησίν,
2178 511 2290 560 ὑπὸ

36 599 181 642 (605M)
204 594 314 639 τῶν
363 587 645 640 πολιτῶν.’
744 591 934 658 ὥσπερ
985 588 1285 652 ἀπολωλὸς
1343 589 1716 660 ἀνδράποδον.
1814 594 2008 644 οὐκοῦν
2056 596 2287 655 εἰκότως
2326 597 2356 647 3

198 678 445 741 χρῶνται
477 676 622 738 πρὸς
659 674 760 735 τάς
792 675 1142 742 χειροτονίας
1178 673 1257 741 τῷ
1283 682 1382 744 τῆς
1408 672 1602 737 ἐλαίας
1639 675 1840 745 θαλλῷ
1881 676 1974 729 διὰ
2014 679 2077 727 τὸ
2120 680 2291 747 φύσει

22 751 119 834 {gli
144 766 164 802 5
202 758 403 823 πικρὸν
428 757 712 824 ὑπάρχειν.
859 753 1008 824 [τοὺς
1041 755 1387 820 δοξοκόπους
1423 758 1787 826 ἐκβάλλουσιν
1824 764 1884 812 ἐκ
1921 768 2032 812 τῶν
2072 763 2289 831 ἀγορῶν

202 840 259 888 οἱ
296 836 464 908 δῆμοι
500 846 709 908 κραυγῇ
745 842 838 890 καὶ
865 844 1059 911 ψόφῳ,
1097 843 1365 910 καθάπερ
1396 843 1555 909 οἶμαι
1581 848 1712 907 τούς
1739 852 1927 916 ψᾶρας
1956 849 2011 897 οἱ
2034 849 2285 916 γεωργοί.

198 923 443 973 κάκεῖνοι
497 924 598 988 μὲν
652 925 1034 988 μεθίστανται
1083 928 1228 994 πρὸς
1278 925 1498 994 ὀλίγον·
1554 934 1676 991 τοῖς
1735 928 1794 981 δὲ
1853 932 1949 981 οὐκ
1998 932 2151 982 ἔστιν
2209 933 2291 992 εἰς

201 1003 360 1057 οὐδὲν
407 1007 494 1056 ἔτι
541 1013 651 1057 τῶν
703 1005 864 1058 ἰδίων
925 1007 1232 1072 ἐπάνοδος,
1293 1008 1433 1061 ἀλλά
1492 1015 1752 1081 περιίασι
1806 1017 2003 1082 μικρὸν
2058 1016 2290 1084 ὕστερον

199 1092 442 1156 πτωχοί,
494 1093 587 1142 καὶ
637 1089 818 1153 οὐδεὶς
867 1094 934 1143 ἂν
984 1097 1494 1163 προσαγορεύσειεν
1546 1095 1682 1148 ἰδὼν
1731 1100 1816 1149 ἔτι
1864 1106 1975 1150 τῶν
2013 1102 2291 1167 πρότερον

122 1183 167 1224 10
204 1171 720 1245 διαρρηγνυμένων.]
806 1179 1050 1247 τοσαύτη
1093 1171 1146 1228 δ’
1199 1180 1419 1249 ἐστινὴ
1469 1187 1572 1230 τοῦ
1614 1184 1795 1252 τύφου
1858 1181 2092 1247 δύναμις
2142 1184 2287 1234 ὥστε

195 1261 351 1330 παρὰ
388 1263 489 1326 μὲν
528 1267 638 1311 τῶν
674 1262 907 1331 βαφέων
945 1263 1246 1332 ἀγοράσεις
1285 1261 1442 1315 δυοῖν
1478 1271 1630 1330 μνῶν
1668 1256 1702 1335 ἢ
1741 1272 1912 1333 τριῶν
1937 1264 2108 1336 καλὴν
2147 1282 2286 1335 πορ-

197 1348 404 1415 φύραν·
446 1344 692 1416 δημοσίᾳ
732 1339 786 1397 δ’
831 1348 882 1398 εἰ
920 1345 1163 1411 ἐθέλοις,
1205 1346 1432 1400 πολλῶν
1459 1352 1606 1401 πάνυ
1633 1348 1921 1401 ταλάντων
1949 1352 2131 1411 ὤνιος.
2194 1353 2288 1402 καὶ

193 1431 295 1492 τὰς
341 1433 442 1496 μὲν
492 1433 551 1481 ἐκ
587 1438 685 1502 τῆς
734 1433 941 1501 ἀγορᾶς
978 1435 1199 1494 ταινίας
1239 1431 1440 1501 ὀλίγων
1487 1432 1773 1503 δραχμῶν,
1820 1436 1922 1497 τὰς
1971 1433 2030 1486 δὲ
2081 1437 2140 1485 ἐκ
2188 1443 2286 1506 τῆς

193 1513 485 1585 ἐκκλησίας
533 1514 805 1578 πολλάκις
854 1519 1083 1587 ἁπάσης
1130 1525 1228 1588 τῆς
1279 1520 1489 1580 οὐσίας.
1575 1523 1668 1572 καὶ
1714 1522 1845 1582 τοὺς
1893 1522 1994 1586 μὲν
2043 1521 2143 1571 ἐπὶ
2189 1528 2286 1591 τῆς

118 1606 163 1648 15
200 1601 402 1669 ἀγορᾶς
449 1605 887 1670 κηρυττομένους
932 1600 1173 1664 ἀθλίους
1212 1605 1420 1665 πάντες
1466 1600 1784 1669 νομίζουσι,
1834 1607 1965 1665 τοὺς
2016 1598 2068 1655 δ’
2113 1607 2170 1656 ἐν
2209 1604 2289 1672 τῴ

192 1686 418 1753 θεάτρῳ
459 1688 793 1754 μακαρίους·
842 1689 937 1738 καὶ
973 1690 1205 1749 τούτους
1241 1690 1342 1753 μὲν
1378 1690 1761 1758 κηρύττεσθαί
1799 1703 2002 1759 φασιν,
2044 1685 2288 1750 ἐκείνους

195 1767 254 1820 δὲ
295 1772 810 1839 ἀποκηρύττεσθαι,
853 1769 1019 1841 δῆλον
1058 1775 1147 1822 ὅτι
1186 1774 1341 1841 παρὰ
1368 1775 1503 1838 μίαν
1533 1771 1810 1844 συλλαβὴν
1836 1778 2162 1843 γιγνομένης
2189 1781 2287 1843 τῆς

196 1852 488 1924 διαφορᾶς.
575 1856 718 1904 οὕτω
771 1853 829 1906 δὲ
879 1858 1027 1907 πάνυ
1066 1863 1176 1907 τῶν
1216 1858 1543 1926 ἀνθρώπων
1579 1861 2004 1929 κατεφρόνησαν
2045 1860 2100 1908 οἱ
2138 1861 2278 1927 πρό-

194 1955 354 2005 τερον
390 1941 483 1989 καὶ
519 1941 616 2009 τὴν
654 1940 921 2009 εὐήθειαν
961 1941 1141 1991 αὐτῶν
1183 1940 1435 1993 συνεῖδον
1476 1944 1618 1993 ὥστε
1656 1945 1798 2011 ὑπὲρ
1845 1942 1955 1994 τῶν
2005 1945 2283 2010 μεγίστων

116 2029 164 2070 20
200 2026 389 2074 πόνων
425 2025 518 2074 καὶ
556 2021 782 2093 πληγῶν
817 2023 998 2094 φύλλα
1039 2027 1387 2092 προύθεσαν.
1474 2020 1599 2077 ἀλλ’
1643 2030 1794 2093 ὅμως
1844 2029 1986 2079 εἰσὶν
2027 2030 2082 2078 οἱ
2121 2030 2286 2096 χάριν

194 2110 405 2158 τούτων
443 2100 831 2177 ἀποθνῄσκειν
883 2111 1222 2179 αἱρούμενοι.
1299 2110 1409 2162 τῶν
1463 2110 1521 2162 δὲ
1574 2114 1746 2179 αἰγῶν
1797 2113 1893 2162 οὐκ
1943 2114 2011 2163 ἂν
2053 2111 2284 2178 οὐδεμία

191 2194 681 2262 κατακρημνίσειεν
720 2195 889 2264 αὐτὴν
925 2196 1146 2246 κοτίνου
1180 2198 1371 2265 χάριν,
1411 2198 1504 2247 καὶ
1540 2203 1714 2247 ταῦτα
1756 2199 2049 2266 παρούσης
2087 2198 2284 2266 ἐτέρας

193 2284 378 2347 νομῆς.
451 2279 639 2328 καίτοι
675 2282 801 2339 ταῖς
838 2281 939 2344 μὲν
980 2277 1125 2342 αἰξὶν
1165 2281 1261 2330 οὐκ
1300 2279 1475 2351 ἀηδὴς
1514 2283 1544 2331 ὁ
1579 2284 1827 2344 κότινος,
1867 2283 2182 2350 ἄνθρωπος
2223 2280 2281 2332 δὲ

195 2362 292 2412 οὐκ
317 2363 383 2413 ἂν
413 2365 600 2432 φάγοι.
651 2365 744 2414 καὶ
768 2365 867 2434 τὴν
891 2366 992 2429 μὲν
1019 2362 1080 2427 ἐξ
1099 2356 1334 2430 Ἰσθμοῦ
1360 2367 1542 2429 πίτυν,
1573 2364 1733 2418 οὐδὲν
1762 2367 1934 2417 οὖσαν
1960 2366 2069 2418 τῶν
2099 2365 2282 2418 ἄλλων

110 2451 157 2492 25
189 2444 557 2515 χλωροτέραν,
595 2449 734 2513 μετὰ
774 2447 992 2500 πολλοῦ
1026 2453 1203 2501 πόνου
1241 2453 1334 2501 καὶ
1369 2450 1548 2502 κακῶν
1587 2453 1966 2519 ἀναιροῦνται,
2008 2450 2283 2513 πολλάκις

195 2533 456 2601 ἀργύριον
495 2530 640 2583 πολὺ
681 2531 957 2595 διδόντες·
995 2536 1088 2585 καὶ
1125 2542 1298 2586 ταῦτα
1338 2542 1440 2586 τοῦ
1477 2544 1659 2607 φυτοῦ
1681 2535 1959 2606 μηδεμίαν
1999 2535 2281 2607 ὠφέλειαν

13 2620 154 2661 mnu)
193 2617 441 2680 ἔχοντος·
482 2618 608 2668 οὔτε
646 2619 748 2687 γὰρ
791 2620 949 2670 σκιὰν
989 2625 1177 2672 ποιεῖν
1218 2621 1344 2672 οὔτε
1379 2624 1598 2690 καρπὸν
1628 2626 1820 2692 φέρειν
1850 2620 2084 2673 δύναται
2121 2625 2186 2673 τό
2225 2640 2284 2672 τε

194 2699 402 2771 φύλλον
431 2700 594 2771 δριμὺ
622 2705 715 2755 καὶ
738 2703 1058 2766 καπνῶδες·
1099 2713 1197 2776 τῆς
1226 2699 1279 2756 δ’
1323 2708 1382 2756 ἐκ
1408 2708 1692 2777 Μεγάρων
1719 2708 1921 2767 πίτυος
1949 2704 2131 2768 οὐδεὶς
2158 2709 2283 2756 ἐπι-

193 2791 508 2857 στρέφεται.
574 2790 675 2839 κάν
699 2791 800 2854 μὲν
827 2792 1014 2859 ἕτερός
1051 2808 1138 2852 τις
1174 2793 1247 2861 μὴ
1288 2793 1570 2859 κατεαγὼς
1608 2793 1707 2862 τὴν
1744 2788 1991 2860 κεφαλὴν
2028 2785 2282 2858 <δια>δή-

107 2872 154 2912 30
193 2885 383 2941 σηται,
422 2871 819 2940 καταγελᾶται·
871 2879 992 2935 τοῖς
1043 2873 1101 2925 δὲ
1139 2873 1436 2941 βασιλεῦσι
1475 2880 1716 2945 πρέπειν
1756 2872 1916 2925 δοκεῖ
1942 2876 2036 2924 καὶ
2073 2871 2282 2924 πολλαὶ

331 3028 355 3067 3
386 3017 494 3069 ἀλλ’
526 3016 690 3082 ὥσπερ
719 3023 799 3068 UB
916 3030 940 3068 5
971 3020 1083 3078 τοὺς
1112 3020 1206 3084 γὰρ
1237 3025 1289 3069 U.
1321 3022 1433 3078 τοὺς
1462 3018 1758 3079 δοξοκόπους
1787 3050 1842 3057 -
1873 3023 2283 3084 διαρρηγνυμένων

189 3093 379 3137 secludit
397 3094 544 3149 Emp.‚
568 3094 741 3149 DioniS‚
772 3095 852 3138 sed
872 3096 978 3139 hinc
999 3096 1147 3139 aliena
1166 3100 1298 3151 putat.
1318 3096 1424 3140 Wil.
1513 3090 1678 3154 ἀγρῶν
1696 3095 1811 3148 libri,
1835 3092 2030 3154 ἀγορῶν
2051 3110 2159 3151 mrg.
2182 3096 2223 3139 H

189 3167 214 3207 6
243 3168 421 3222 κναυγῇ
452 3164 487 3207 P
518 3178 576 3210 m.
606 3177 673 3220 pr.
703 3168 887 3223 κραυγῇ
917 3165 971 3218 U,
1004 3165 1082 3209 sed
1113 3183 1141 3224 ρ
1171 3178 1199 3209 a
1228 3179 1342 3210 corr.
1374 3166 1420 3210 in
1441 3178 1602 3210 rasura
1715 3163 1980 3226 καθώσπερ
2009 3167 2126 3223 libri,
2159 3180 2277 3211 corr.

190 3233 362 3288 Pfiugk.
492 3238 540 3277 10
572 3235 939 3293 διαρηγνυμένον
959 3236 993 3278 Ρ
1016 3233 1418 3295 διαρρηγνύμενον
1438 3236 1486 3278 Μ
1579 3241 1625 3280 11
1660 3239 1759 3283 τῶν
1786 3236 1985 3296 βαφέων
2004 3237 2152 3293 Emp.‚
2184 3241 2282 3282 τῶν

187 3301 454 3363 βαρβάρων
482 3305 587 3348 libri
702 3300 967 3364 α’γοράσαις
997 3319 1112 3351 corr.
1144 3307 1179 3350 P
1322 3311 1370 3351 12
1403 3309 1611 3366 ὃημωσιά
1643 3307 1678 3351 Ρ
1794 3308 1843 3353 δὲ
1873 3307 1917 3354 εἰ
1945 3308 1984 3352 U
2100 3308 2149 3354 δὲ
2177 3306 2282 3354 ἐθέ-

188 3379 287 3428 λοις
318 3375 359 3417 H
445 3375 599 3429 θέλεις
630 3376 678 3419 M
768 3380 819 3420 14
849 3379 928 3422 καὶ
947 3372 1061 3430 τοὺς
1081 3382 1165 3421 etc.
1188 3377 1246 3422 cf.
1269 3378 1297 3421 1.
1324 3382 1347 3420 2
1441 3383 1489 3422 15
1523 3375 1700 3432 πάντες
1720 3378 1755 3422 Ρ
1778 3375 1963 3432 πάντας
1983 3379 2107 3426 UBH
2128 3371 2279 3426 ἅπαν·

188 3463 272 3499 τας
295 3446 340 3489 Μ
433 3450 483 3491 16
514 3462 659 3503 φασιν
683 3473 728 3477 -
755 3440 1171 3505 ἀποκηρύττεσθαι
1203 3461 1288 3492 om.
1312 3448 1354 3491 H
1384 3449 1442 3501 (in
1465 3462 1574 3504 mrg.
1598 3450 1744 3506 suppl.
1767 3463 1824 3494 m.
1848 3450 1952 3503 div.)
2072 3454 2121 3493 17
2154 3466 2280 3508 γινο-

186 3515 325 3575 μένης
346 3516 387 3559 Η
509 3522 557 3561 18
582 3509 733 3571 οὕτως
755 3518 872 3562 UPH
962 3522 1014 3561 20
1046 3521 1237 3577 πληγῶν
1267 3518 1340 3562 vix
1370 3532 1551 3574 sanum;
1582 3519 1727 3565 fuitne
1756 3511 2044 3576 <δα>πανῶν
2132 3523 2185 3563 22
2214 3518 2277 3578 μὴ

188 3586 429 3645 παρούσης
458 3586 537 3632 UB
568 3588 689 3642 (item
720 3601 835 3633 corr.
871 3589 926 3640 H)
1073 3593 1126 3633 24
1158 3584 1293 3635 οὐδὲν
1324 3581 1475 3636 οὖσαν
1505 3584 1641 3637 οὐδὲν
1671 3591 1707 3634 Ρ
1824 3595 1877 3634 25
1909 3587 2065 3636 πόνου
2096 3594 2277 3636 πολλοῦ

186 3657 288 3708 (hoc
316 3658 430 3712 ord.)
462 3659 541 3703 PH
657 3663 707 3703 27
739 3663 941 3715 καρπῶν
970 3660 1004 3703 Ρ
1035 3673 1092 3705 m.
1125 3673 1192 3716 pr.
1309 3663 1361 3704 28
1393 3661 1442 3707 δὲ
1470 3659 1525 3707 ἐκ
1556 3662 1595 3705 Η
1712 3664 1764 3704 29
1795 3659 2097 3719 ἐπιστέφεται
2119 3674 2177 3707 m.
2209 3675 2277 3718 pr.

187 3726 234 3770 in
262 3727 410 3781 UMH,
441 3729 474 3772 P
590 3727 858 3789 διαδήσηται
890 3731 1099 3783 Cobetus,
1133 3727 1328 3789 δήσηται
1358 3731 1460 3776 libri

273 3804 366 3840 mo.
391 3805 440 3840 11.
1886 3806 1933 3846 11
