2684 4140
2643 0 2684 239 ἐ.

453 379 777 441 τευομένους
813 363 955 439 παρ’
997 370 1269 429 ἑκάστοις,
1311 366 1412 416 ἐὰν
1449 365 1542 415 καὶ
1585 363 1717 430 περὶ
1754 367 1864 411 τῶν
1903 356 2087 409 ἄλλων
2128 355 2529 427 διαφέρωνται,
2555 366 2684 409 (2273

452 462 520 510 τά
543 474 605 525 γε
627 462 858 507 τοιαῦτα
885 452 1354 522 ὁμοφρονοῦντας,
1380 449 1588 499 καὶτὸν
1611 446 1992 514 αὐτοκράτορα
2014 447 2248 493 τοιαῦτα
2270 440 2528 493 ἐπιστέλ-

452 539 614 591 λοντα
651 541 781 606 τύχῃ
821 537 957 598 τινί,
997 538 1084 586 ὅτι
1121 531 1384 601 βούλεται
1423 535 1610 583 πάντα
1650 532 1864 599 τρόπον
1905 525 2187 591 αὔξεσθαι
2223 527 2322 597 τὴν
2362 525 2530 579 πόλιν

449 625 599 688 ὑμῶν
645 619 1009 689 (ἐπιτρέψατε
1049 616 1107 669 δὲ
1158 620 1473 685 ἀναγνῶναι
1520 617 1619 686 τὴν
1671 611 2004 683 ἐπιστολήν,
2054 609 2251 682 ἐπειδὴ
2293 607 2391 680 τὴν
2429 618 2532 662 τοῦ

367 700 860 774 14Ἀριστοτέλους
893 704 1104 771 μακρὸν
1141 698 1206 772 ἥν
1243 703 1337 753 καὶ
1373 702 1692 770 περίεργον·
1742 697 1828 761 -)
1869 691 2023 768 ᾤμην
2070 698 2164 747 καὶ
2211 687 2351 766 παρ’
2396 698 2523 762 ὑμῖν
2562 705 2585 744 5

447 795 618 839 ταῦτα
657 788 914 851 ἔσεσθαι,
952 789 1045 839 καὶ
1079 785 1291 858 μηδένα
1331 784 1696 856 λυπήσεσθαι
1734 791 1838 855 τῆς,
1871 780 2093 844 πόλεως
2128 779 2530 846 κατασκευαζο-

445 877 627 942 μένης.
699 873 793 923 καὶ
829 874 994 923 τοῦτό
1030 888 1090 940 γε
1128 872 1312 942 ἀπέβη
1353 877 1638 922 τοιοῦτον·
1688 870 1782 920 καὶ
1817 869 1919 938 γὰρ
1960 865 2149 931 ἔδοξεν
2187 869 2317 933 ύμῖν
2355 874 2529 918 ταῦτα

450 955 560 1022 [καὶ
596 951 798 1025 πολλὰ]
835 959 928 1009 καὶ
965 954 1238 1019 πολλάκις
1278 959 1700 1027 συνεισεφέρετε
1751 955 1910 1005 αὐτοὶ
1946 954 2040 1004 καὶ
2078 953 2528 1023 προεθυμεῖσθε.

443 1043 502 1093 τί
551 1042 646 1093 οὖν
691 1039 1003 1109 βούλεσθε;
1051 1044 1156 1110 ἐγὼ
1206 1043 1310 1112 γὰρ
1360 1043 1562 1108 ὄμνυμι
1613 1042 1744 1102 τοὺς
1783 1040 1958 1101 θεοὺς
1993 1040 2124 1105 ὑμῖν
2164 1039 2446 1101 ἅπαντας,
2497 1035 2533 1108 ἥ

441 1128 548 1196 μὴν
599 1127 722 1177 ἀντὶ
757 1133 861 1177 τοῦ
896 1124 1091 1178 λυπεῖν
1141 1129 1278 1193 ὑμᾶς
1323 1128 1358 1197 ἥ
1407 1143 1565 1188 τινας
1612 1127 1768 1192 ὑμῶν
1815 1126 1846 1195 ἢ
1900 1122 2082 1175 δοκεῖν
2120 1125 2295 1193 βαρύς
2335 1124 2431 1173 οὐκ
2468 1124 2535 1174 ἂν
2575 1129 2621 1172 10

445 1208 672 1281 ἑλοίμην
711 1208 828 1262 ἴδιά
877 1228 978 1277 μοι
1013 1213 1285 1279 γενέσθαι
1322 1212 1391 1262 τὰ
1428 1212 1674 1281 Δαρείου
1723 1207 1986 1278 βασίλεια
2023 1211 2055 1280 ἢ
2095 1210 2164 1260 τὰ
2203 1209 2455 1279 Κροίσου
2493 1209 2525 1278 ἢ

444 1297 542 1366 τὴν
582 1297 887 1367 οἰκίαν,τὴν
912 1291 1182 1367 πατρῴαν
1208 1299 1306 1368 τὴν
1340 1299 1475 1368 ἐμὴν
1509 1304 1718 1367 χρυσῆν
1756 1294 1834 1363 τιῖ
1875 1298 2011 1360 ὄντι,
2052 1293 2192 1345 ἀλλὰ
2217 1297 2291 1366 μὴ
2336 1296 2527 1363 ὥσπερ

364 1381 427 1432 15
447 1381 681 1447 ὀνόματι
714 1383 886 1447 μόνον
911 1382 1009 1452 τὴν
1045 1387 1148 1432 τοῦ
1169 1384 1432 1451 Νέρωνος
1467 1379 1748 1432 καλοῦσιν.
1814 1378 1940 1432 οὐδὲ
1977 1381 2080 1450 γὰρ
2120 1378 2327 1451 ὄφελος
2367 1378 2526 1432 οὐδὲν
2551 1375 2678 1432 (2253ss

448 1466 628 1526 οἰκίας
667 1472 902 1536 χρυσῆς,
954 1467 1015 1516 ού
1062 1463 1275 1531 μᾶλλον
1322 1468 1354 1536 ἢ
1399 1469 1608 1536 χύτρας
1641 1474 1850 1537 χρυσῆς
1896 1468 1927 1536 ἢ
1968 1473 2066 1536 τῆς
2105 1463 2393 1517 πλατάνου
2431 1473 2530 1535 τῆς

445 1550 503 1599 ἐν
547 1550 815 1618 Πέρσαις.
911 1547 1133 1611 πόλεως
1195 1549 1254 1602 δὲ
1306 1549 1511 1622 ὄφελος
1560 1546 1759 1619 [οὐδὲν]
1819 1552 2137 1621 εὐπρεποῦς
2191 1554 2533 1620 γιγνομένης,
2574 1556 2620 1597 15

444 1633 581 1700 ἀέρα
627 1630 861 1684 πλείονα
911 1631 1327 1705 λαμβανούσης,
1378 1637 1743 1705 εὐρυχωρίαν,
1801 1643 1903 1686 τοῦ
1946 1639 2047 1702 μὲν
2094 1638 2304 1704 θέρους
2354 1638 2530 1701 σκιάν,

442 1722 546 1766 τοῦ
579 1714 638 1766 δὲ
671 1723 947 1782 χειμῶνος
983 1716 1141 1788 ἥλιον
1178 1721 1291 1770 ὑπὸ
1321 1723 1503 1789 στέγῃ,
1542 1721 1667 1771 ἀντὶ
1695 1718 1925 1790 φαύλων
1950 1723 2043 1772 καὶ
2068 1727 2351 1772 ταπεινῶν
2390 1723 2531 1790 ἐρει-

442 1801 590 1851 πίων
629 1802 902 1871 οἰκήματα
940 1801 1132 1873 ὑψηλοὶ
1170 1806 1264 1855 καὶ
1298 1802 1543 1874 μεγάλης
1585 1803 1808 1867 πόλεως
1858 1803 2019 1869 ἄξια·
2071 1807 2160 1856 ἵνα
2201 1807 2394 1873 ὥσπερ
2433 1806 2533 1856 ἐπὶ

441 1890 551 1935 τῶν
589 1886 819 1953 εὐγενῶν
858 1884 1064 1938 πώλων
1101 1890 1195 1940 καὶ
1231 1895 1343 1966 τῶν
1385 1887 1671 1941 σκυλάκων
1710 1892 1774 1941 τὸ
1806 1892 2074 1956 ἐσόμενον
2099 1891 2345 1958 μέγεθος
2383 1890 2530 1940 εἰκά-

442 1965 629 2031 ζουσιν
677 1972 734 2021 οἱ
781 1973 1045 2039 ὁρῶντες,
1095 1974 1193 2024 ἐὰν
1238 1966 1272 2042 ᾖ
1325 1975 1393 2024 τὰ
1441 1972 1592 2025 κῶλα
1644 1972 1838 2045 ὑψηλὰ
1885 1978 1979 2027 καὶ
2024 1973 2265 2044 μεγάλα,
2322 1975 2419 2026 ἐὰν
2471 1972 2530 2025 δὲ
2569 1974 2683 2028 2)(85

440 2055 678 2105 ταπεινὰ
715 2057 808 2107 καὶ
845 2054 1073 2128 ἀναυξῆ,
1125 2060 1299 2129 φασὶν
1347 2060 1439 2111 ἀεί
1487 2076 1629 2111 ποτε
1676 2065 1863 2126 μενεῖν
1900 2067 2163 2125 τοιαῦτα,
2215 2062 2394 2123 οὕτως
2432 2061 2524 2129 ἔχῃ

362 2138 426 2188 16
444 2138 537 2188 καὶ
573 2141 703 2207 περὶ
739 2143 836 2212 τὴν
872 2146 1142 2213 ἡμετέραν
1181 2142 1366 2196 πόλιν.
1453 2142 1594 2196 ἀλλὰ
1644 2147 1702 2197 τί
1735 2163 1838 2213 μοι
1876 2149 2010 2216 περὶ
2056 2149 2271 2197 τούτων
2309 2152 2403 2198 νῦν
2442 2144 2526 2196 λέ-

440 2237 586 2287 γεινὶ
627 2222 809 2287 καλῶς
856 2231 927 2292 μέ
970 2246 1056 2289 τις
1094 2226 1305 2299 ἀηδόνα
1345 2231 1453 2301 ἔφη
1492 2237 1604 2282 τῶν
1655 2238 1973 2303 σοφιστῶν,
2026 2230 2358 2303 λοιδορῆσαι
2395 2233 2524 2299 βου·
2549 2239 2678 2282 (229ss

445 2302 698 2371 λόμενος·
748 2308 841 2362 διὰ
879 2319 1070 2377 τοῦτο,
1109 2316 1236 2380 ἐμοὶ
1274 2313 1483 2380 δοκεῖν,
1522 2319 1611 2367 ὅτι
1646 2319 1740 2369 καὶ
1776 2319 1875 2389 τὴν
1913 2316 2125 2388 ἀηδόνα
2162 2316 2523 2387 γλώσσαργόν

444 2405 617 2459 φασιν
656 2395 712 2443 οἱ
748 2399 998 2466 ποιηταί.
1074 2397 1212 2461 ἴσως
1251 2394 1305 2451 δ>
1349 2402 1416 2453 ἂν
1454 2404 1652 2467 ὅμοιος
1691 2402 1810 2473 εἴην
1848 2407 1970 2464 τοῖς
2007 2401 2244 2466 τέττιξι·
2294 2404 2389 2454 καὶ
2425 2402 2527 2470 γὰρ
2567 2407 2616 2449 25

441 2476 643 2527 ἐκεῖνοι
679 2482 822 2548 πρὸς
859 2484 953 2532 τὸν
991 2480 1148 2552 ἥλιον
1188 2482 1471 2553 διψῶντες
1517 2480 1752 2555 ᾄδουσιν
1790 2489 1903 2538 ὑπὸ
1943 2489 2141 2550 ἀνοίας
2179 2485 2338 2539 οὐδὲν
2378 2489 2525 2557 ὠφε-

444 2556 714 2626 λούμενοι.
809 2563 953 2636 πλήν
1001 2573 1238 2620 τοσοῦτό
1285 2587 1345 2638 γε
1402 2575 1576 2638 μόνον
1626 2566 1722 2623 οὐκ
1777 2570 1937 2636 ἄξιον
1987 2572 2126 2635 ἴσως
2176 2570 2525 2642 παραλιπεῖν

440 2647 571 2714 περὶ
606 2653 715 2699 τῶν
751 2654 1050 2720 μνημάτων
1086 2657 1179 2706 καὶ
1216 2662 1327 2707 τῶν
1368 2658 1546 2727 ἱερῶν,
1587 2660 1676 2709 ὅτι
1712 2660 1843 2720 τούς
1877 2652 2199 2724 Ἀντιοχέας
2238 2652 2337 2709 οὐκ
2378 2659 2526 2718 εἰκός

443 2730 595 2781 ἐστιν
622 2726 846 2797 οὐδενὸς
873 2738 1147 2804 ἅψασθαι
1172 2744 1461 2793 τοιούτου·
1502 2741 1649 2794 πολὺ
1676 2744 1779 2813 γὰρ
1818 2742 2032 2795 ἐλάττω
2071 2748 2250 2795 τόπον
2289 2744 2523 2794 ἐποίουν

441 2821 542 2864 τοῦ
575 2809 713 2887 παρ>
763 2824 922 2889 ῆμῖν,
972 2822 1048 2874 ὧν
1094 2829 1126 2892 ἡ
1175 2824 1345 2888 πόλις
1393 2825 1454 2891 ἐξ
1498 2830 1592 2879 καὶ
1639 2831 1937 2897 τριάκοντα
1989 2827 2234 2880 σταδίων
2283 2831 2405 2880 ἐστὶ
2453 2829 2516 2877 τὸ
2554 2834 2602 2875 30

459 239 525 287 84
1251 222 1453 269 DIONIS
1485 220 1603 266 CON
1606 219 1703 264 010

574 2969 602 3045 ἱ1
635 2964 719 3014 ἐᾶν
747 2972 827 3016 καὶ
855 2968 897 3017 εἰ
927 2970 1047 3016 UBT
1191 2976 1500 3036 διαφέρονται
1528 2979 1647 3036 libri,
1678 2992 1792 3025 corr.
1825 2981 1956 3036 Emp.
2111 2986 2135 3027 8
2168 2982 2323 3028 dubito
2354 2996 2414 3028 an
2441 2988 2522 3031 καὶ

443 3035 595 3079 πολλα
623 3037 991 3090 proscribendum
1020 3041 1080 3086 sit
1194 3045 1528 3105 συνεισφέρετε
1562 3047 1680 3092 UBT
1787 3054 2120 3108 προθυμεῖσθε
2149 3053 2188 3097 Β
2280 3058 2331 3099 10
2362 3059 2523 3103 δοκεῖν

442 3103 584 3182 (fh-a
612 3109 744 3160 corr.)
758 3105 813 3188 'U
962 3115 1008 3156 11
1042 3108 1101 3159 τὰ
1133 3120 1238 3159 ante
1270 3118 1479 3176 Δαρείου
1510 3131 1582 3163 om
1626 3118 1676 3162 M
1817 3123 2036 3178 βασίλεια
2066 3122 2257 3178 Reiske‚
2286 3127 2524 3186 βασιλέως

442 3169 546 3252 11be
631 3243 642 3254 ·
678 3191 862 3255 fepvoov
890 3179 952 3234 M,
981 3181 1089 3227 item
1120 3184 1156 3229 U
1189 3199 1247 3230 m.
1277 3199 1348 3243 pr.
1522 3192 1570 3232 12
1601 3193 1837 3254 πατρῴαν
1866 3191 1915 3235 Μ
2059 3190 2145 3252 τὴν
2175 3194 2409 3257 πατρώαν
2438 3194 2524 3256 τὴν

444 3236 558 3321 ἐμην
584 3243 693 3288 m1h1
721 3253 931 3303 suspecta
1041 3249 1134 3311 μὴν
1162 3254 1286 3300 UBT
1410 3262 1462 3302 14
1495 3253 1551 3306 οὗ
1580 3263 1840 3317 μᾶλλον-
1854 3266 2031 3323 χρυσῆς
2059 3279 2145 3310 om.
2176 3267 2258 3313 UT
2317 3244 2327 3259 ⁴
2382 3272 2430 3312 16
2460 3267 2522 3314 δι’

447 3315 954 3398 ευρξχωὶρίανεῦαεαιιὶ).
1102 3329 1151 3369 17
1182 3321 1422 3388 ὑποστὲγη
1453 3330 1500 3372 Μ
1646 3335 1699 3376 20
1733 3327 1947 3392 ὁρῶντες
1974 3332 2062 3382 ἐὰν
2091 3330 2122 3396 ᾖ
2150 3335 2209 3384 τὰ
2241 3338 2281 3382 Β
2312 3334 2524 3399 δρῶντες

444 3377 497 3424 ἐν
524 3398 553 3437 ῃ
581 3399 640 3428 τα
670 3384 710 3430 U
742 3391 951 3468 ορῶντες
978 3388 1063 3438 ἐὰν
1091 3391 1150 3442 τὰ
1180 3396 1230 3440 Μ
1262 3392 1474 3455 ὁρῶντες
1503 3399 1556 3447 έν
1588 3397 1661 3457 οἷς
1690 3400 1749 3450 τὰ
1780 3403 1820 3448 Τ
1965 3409 2017 3450 21
2051 3401 2127 3454 ἀεί
2155 3421 2244 3452 om.
2273 3409 2311 3452 B
2428 3405 2523 3466 ἔχει

445 3448 563 3493 UBT
677 3457 730 3498 23
759 3457 907 3540 ussalu‘x'x
935 3452 965 3519 ἦ
991 3468 1149 3519 καλῶς
1262 3485 1357 3522 τεις
1386 3470 1435 3512 Μ
1523 3476 1578 3516 24
1607 3471 1917 3535 γλόσσαργον
1945 3476 1989 3522 U
2016 3490 2074 3521 m.
2106 3491 2176 3534 pr.
2293 3481 2345 3522 25
2377 3494 2525 3537 φασιν

445 3532 533 3565 om.
561 3521 610 3564 M
779 3544 840 3572 αν
870 3545 1037 3586 ομοιος
1065 3531 1127 3582 o'c'v
1155 3534 1254 3596 εἴην
1283 3538 1364 3583 UT
1537 3546 1591 3588 28
1622 3547 1720 3590 τῶν
1746 3540 2103 3606 ὑπομνημάτων
2131 3548 2251 3602 libri,
2280 3560 2394 3593 corr.
2427 3548 2523 3593 Sel·

446 3589 631 3716 &adio
666 3586 906 3654 ἀντιοχίας
944 3601 982 3644 Τ
1125 3610 1177 3650 29
1208 3607 1331 3655 πολὺ
1368 3607 1464 3669 γὰρ
1495 3637 1549 3645 -—
1581 3617 1635 3659 30
1667 3609 1791 3675 παρ’
1820 3612 1931 3675 ἡμῖν
1958 3618 2153 3673 graviter
2187 3621 2402 3675 corrupta
2431 3632 2521 3663 non
