2684 4140
1036 249 1267 297 ORATIO
1299 249 1469 299 XXIX.
2197 249 2297 299 287

215 414 378 464 μενοι
417 396 475 449 δὲ
513 400 627 449 ὑπὸ
667 405 766 469 τῆς
807 398 955 467 ὥρας
995 397 1050 447 οἱ
1079 398 1498 464 ἐντυγχάνοντες
1534 394 1737 457 κάλλος
1776 388 1947 466 αὐτὴν
1986 397 2300 462 ὠνόμασαν,

218 484 508 553 ἀνθούσης
536 484 624 533 ἀεὶ
649 489 749 552 τῆς
774 483 950 552 ἀκμῆς
975 483 1032 531 ἐν
1061 482 1246 532 ἀπασι
1270 482 1364 532 καὶ
1401 477 1566 548 ζῴοις
1602 482 1695 531 καὶ
1723 485 1939 551 φυτοῖς.
2007 482 2298 541 τοιούτους
2337 483 2368 532 5

214 569 317 636 μὲν
346 567 440 618 οὖν
465 568 699 636 μυρίους
725 567 792 616 ἂν
820 566 974 634 εὕροι
999 582 1086 625 τις
1112 567 1242 627 τοὺς
1270 559 1470 626 αὐτούς
1499 565 1589 614 ὁτὲ
1614 567 1718 630 μὲν
1743 562 1946 627 καλούς
1984 562 2299 628 δοκοῦντας,

0 657 199 700 (538R11)
221 652 312 700 ὁτὲ
342 649 400 701 δὲ
430 652 709 720 αἰσχρούς,
745 651 839 700 καὶ
864 653 984 710 τοῖς
1008 651 1109 715 μὲν
1151 647 1372 719 σφόδρα
1411 650 1763 719 ἀρέσκοντας,
1801 642 1944 719 παρ’
1987 654 2201 718 ἑτέροις
2239 646 2298 700 δὲ

154 741 177 780 5
221 731 446 794 οὐδενὸς
495 731 658 800 λόγου
709 735 1091 800 τυγχάνοντας.
1178 731 1478 803 ὁλόκληρον
1529 732 1588 784 δὲ
1633 736 1727 786 καὶ
1774 732 2050 804 ἀληθινὸν
2098 731 2300 794 κάλλος

215 818 553 883 θαυμαστὸν
604 817 663 869 εἴ
701 834 777 885 τῳ
826 816 1069 888 ὑπῆρξεν
1110 820 1300 888 ὥσπερ
1349 817 1509 886 τῷδε.
1584 821 1641 870 ἐν
1681 821 1891 871 ἅπαντι
1936 821 2037 886 μὲν
2080 820 2182 887 γὰρ
2220 822 2302 885 τῷ
2362 870 2364 874 ,

219 903 442 967 σώματι
481 903 736 972 ἐκέκτητο
777 900 930 965 αὐτό,
971 904 1059 953 ἀεὶ
1097 900 1155 953 δὲ
1195 904 1420 969 ὁμοίως,
1455 904 1549 954 καὶ
1586 906 1697 972 πρὸ
1736 905 1875 974 ἥβης
1910 906 2003 955 καὶ
2040 905 2298 973 ὕστερον·

210 987 308 1036 καὶ
347 979 445 1036 οὐκ
485 988 552 1037 ὀίν
591 1002 732 1037 ποτε
770 988 869 1037 ἐπὶ
905 993 1174 1038 τοσοῦτον
1211 994 1314 1037 τοῦ
1330 986 1532 1057 χρόνου
1561 986 1867 1059 προῆλθεν,
1909 982 2035 1039 οὐδὲ
2062 990 2112 1039 εἰ
2150 989 2298 1038 πάνυ

212 1077 431 1140 μακροῦ
464 1073 647 1141 γήρως
673 1072 875 1136 ἔτυχεν,
917 1073 1059 1122 ὥστε
1098 1073 1438 1141 ἀμαυρῶσαι
1462 1075 1525 1122 τὸ
1554 1071 1719 1134 εἶδος.
1782 1075 2076 1143 τεκμήριον
2104 1071 2162 1124 δὲ
2201 1079 2300 1142 τῆς

131 1161 177 1203 10
217 1153 560 1225 ὑπερβολῆς·
613 1147 674 1206 οὗ
725 1157 828 1225 γὰρ
878 1157 936 1206 ἐν
983 1154 1239 1217 ἰδιώταις
1289 1153 1678 1223 ἐξεταζόμενος
1723 1156 1979 1229 διέφερεν
2020 1156 2145 1208 οὐδὲ
2182 1159 2294 1208 ὑπὸ
2333 1159 2366 1210 6

215 1236 417 1307 ὀλίγων
444 1241 841 1310 θεωρούμενος
867 1243 978 1291 ὑπὸ
1014 1243 1228 1291 τούτων
1256 1238 1625 1307 ἐθαυμάζετο,
1666 1240 1805 1293 ἀλλὰ
1842 1245 1950 1313 μὴν
1989 1243 2078 1293 ἀεὶ
2117 1240 2298 1312 δήπου

213 1325 271 1374 ἐν
310 1328 431 1386 τοῖς
471 1326 739 1376 ἁπάντων
775 1323 1124 1388 καλλίστοις,
1174 1327 1288 1391 ἅμα
1326 1330 1447 1387 τοῖς
1484 1324 1764 1396 ἀθληταῖς
1803 1329 1893 1378 ὤν.
1973 1329 2028 1378 οἱ
2063 1327 2166 1395 γὰρ
2205 1329 2298 1391 με’-

212 1422 400 1475 γιστοι
436 1411 529 1460 καὶ
554 1402 937 1462 εὐειδέστατοι
971 1411 1065 1460 καὶ
1091 1407 1361 1479 πλείστης
1387 1408 1714 1476 ἐπιμελείας
1738 1411 1848 1463 τῶν
1877 1413 2152 1477 σωμάτων
2177 1426 2299 1477 τυγ-

209 1495 474 1557 χάνοντες
515 1492 633 1544 οἵδε
672 1495 831 1545 εἰσίν.
898 1495 1128 1564 ἑωράθη
1171 1492 1229 1545 δὲ
1267 1501 1471 1562 μικροῦ
1507 1493 1622 1546 δεῖν
1658 1498 1769 1547 ὑπὸ
1810 1499 2037 1547 πάντων
2075 1496 2300 1562 ἀνθρώ-

133 1584 180 1626 15
218 1594 358 1629 πων.
426 1579 552 1628 οὔτε
576 1579 679 1648 γὰρ
707 1576 879 1640 πόλις
907 1577 1136 1645 οὐδεμία
1165 1578 1274 1630 τιῦν
1313 1575 1551 1643 ἐνδόξων
1580 1581 1704 1632 οὔτε
1730 1582 1900 1643 ἔθνος
1940 1575 2116 1645 οὐδέν,
2157 1581 2298 1632 ἔνθα

167 1720 179 1727 ᾗ
215 1664 288 1732 μὴ
332 1664 594 1733 ἀφίκετο·
633 1665 726 1714 καὶ
752 1665 907 1733 παρὰ
936 1670 1113 1714 πᾶσιν
1141 1666 1350 1730 ὁμοίιος
1387 1667 1485 1735 τὴν
1514 1658 1684 1736 αὐτὴν
1723 1665 1834 1731 εἶχε
1873 1664 2055 1730 δόξαν,
2096 1668 2172 1727 ὡς
2212 1667 2299 1716 οὐ·

218 1744 347 1798 δένα
388 1745 576 1798 ἰδοῦσι
610 1746 893 1799 καλλίονα.
959 1751 989 1800 ὁ
1027 1747 1086 1800 δὲ
1124 1751 1236 1800 ὑπὸ
1277 1747 1559 1801 πλείστων
1596 1753 1696 1817 μὲν
1718 1753 2102 1817 θαυμασθείς,
2142 1753 2200 1801 ἐν
2241 1748 2299 1801 δὲ

214 1835 337 1892 τοῖς
374 1829 699 1893 καλλίστοις
734 1830 909 1898 μόνος
936 1834 1074 1899 ἔχων
1112 1836 1209 1904 τὴν
1235 1836 1377 1903 ὑπὲρ
1407 1841 1508 1884 τοῦ
1540 1832 1776 1897 κάλλους
1805 1838 1992 1906 φήμην
2021 1833 2186 1905 δῆλον
2225 1836 2302 1895 ὡς

213 1917 384 1977 θείας
422 1919 574 1978 τινὸς
603 1924 828 1987 μορφῆς
866 1919 1066 1983 ἔτυχεν.
1130 1919 1235 1985 ἐγὼ
1268 1919 1362 1969 οὖν
1390 1917 1613 1987 πρῶτον
1640 1913 2007 1985 εὐδαιμονίζω
2036 1927 2137 1970 τοῦ
2169 1917 2297 1970 κάλ-
2338 1925 2367 1974 7

134 2011 182 2052 20
221 1998 350 2062 λους
377 1992 563 2064 αὐτόν,
604 2002 635 2051 ὃ
663 2000 726 2072 δὴ
755 2001 865 2053 τῶν
904 2003 1287 2072 ἀνθρωπίνων
1313 2005 1464 2053 ἐστὶν
1491 2002 1724 2070 ἀγαθῶν
1751 2001 2172 2073 ἀριδηλότατον,
2211 2004 2304 2053 καὶ

8 2121 11 2126 1
214 2083 448 2154 ἥδιστον
472 2088 573 2151 μὲν
599 2087 780 2150 θεοῖς,
807 2085 1037 2156 ἥδιστον
1072 2085 1129 2138 δὲ
1158 2089 1510 2157 ἀνθρώποις,
1551 2085 1905 2139 ἀλυπότατον
1935 2087 1993 2139 δὲ
2015 2088 2093 2156 τῷ
2122 2092 2304 2154 ἔχοντι

10 2153 201 2239 ,5ῗᾷῗῶ
221 2172 315 2221 καὶ
352 2172 782 2241 ἐπιγνωσθῆναι
809 2170 1036 2240 ῥᾷστον.
1099 2173 1168 2222 τὰ
1195 2174 1295 2237 μὲν
1321 2173 1423 2241 γὰρ
1452 2169 1592 2221 ἄλλα
1621 2174 1812 2239 ἀγαθὰ
1842 2175 1941 2223 κᾶν
1983 2171 2158 2224 λάθοι
2194 2176 2305 2225 τινὶ

216 2258 524 2324 προσόντα,
561 2258 656 2307 καὶ
693 2255 922 2325 ἀνδρεία
947 2254 1070 2324 <καὶ
1099 2255 1468 2327 σωφροσύνη>
1503 2261 1596 2310 καὶ
1631 2260 1919 2326 φρόνησις,
1960 2259 2107 2328 εἰμὴ
2148 2261 2305 2323 τύχοι

217 2341 379 2409 ἔργου
419 2342 572 2402 τινός
616 2339 1076 2403 ἀποδεικνύντος·
1126 2345 1189 2392 τὸ
1244 2340 1302 2393 δὲ
1350 2340 1553 2404 κάλλος
1593 2345 1688 2408 οὐχ
1729 2344 1847 2394 οἷόν
1885 2361 1944 2393 τε
1985 2341 2302 2394 λανθάνειν.

139 2434 186 2476 25
226 2427 340 2490 ἅμα
378 2427 482 2495 γὰρ
521 2425 599 2493 τῴ
649 2428 831 2491 ἔχοντι
882 2429 1172 2497 φαίνεται·
1225 2427 1384 2478 εἴποι
1423 2422 1476 2479 δ’
1520 2430 1587 2480 ὀίν
1625 2446 1712 2490 τις
1749 2431 1837 2479 ὅτι
1871 2430 1965 2479 καὶ
2002 2431 2302 2497 πρότερον·

152 2504 155 2507 ’
218 2511 395 2570 οὕτως
445 2508 631 2572 ὀξεῖαν
683 2510 960 2581 αἴσθησιν
1012 2513 1185 2562 αὐτοῦ
1233 2517 1482 2581 παρέχει.
1558 2514 1643 2563 ἔτι
1693 2511 1750 2563 δὲ
1801 2517 1921 2574 τοῖς
1967 2515 2067 2578 μὲν
2113 2510 2305 2572 ἄλλοις

219 2595 464 2662 ἀγαθοῖς
504 2597 559 2645 οἱ
596 2593 860 2647 πλεῖστοι
889 2598 1176 2666 φθονοῦσι
1211 2599 1305 2648 καὶ
1333 2595 1623 2663 δυσμενεῖς
1649 2599 1957 2665 γίγνονται·
1996 2600 2058 2647 τὸ
2090 2595 2147 2647 δὲ
2177 2594 2303 2647 κάλ-

220 2677 315 2741 λος
353 2681 484 2741 τοὺς
523 2681 977 2746 αἰσθανομένους
1016 2682 1189 2732 αὐτοῦ
1215 2680 1415 2752 φίλους
1443 2686 1697 2733 ποιεῖται
1733 2684 1826 2733 καὶ
1864 2680 2060 2732 οὐδένα
2099 2683 2304 2750 ἐχθρὸν

217 2763 283 2833 ἐᾷ
309 2765 622 2831 γίγνεσθαι.
687 2767 738 2816 εἰ
767 2763 828 2816 δέ
853 2768 939 2827 τίς
980 2781 1123 2837 φησι
1147 2764 1383 2828 κάλλους
1419 2784 1488 2832 με
1527 2768 1833 2817 ποιεῖσθαι
1869 2768 2128 2833 ἐγκώμια,
2169 2757 2294 2815 ἀλλ’
2339 2766 2370 2817 8

103 2835 185 2899 ⁴30
224 2851 344 2914 οὐχὶ
380 2856 483 2900 τοῦ
519 2848 738 2920 ἀνδρός,
780 2852 874 2901 οὐκ
912 2852 979 2902 ἂν
1019 2852 1212 2921 ὀρθῶς
1251 2850 1500 2918 αἰτιῷτο.
1570 2852 1762 2901 αὐτίκα
1800 2852 1902 2919 γὰρ
1942 2852 2175 2911 ἔπαινος
2212 2851 2303 2900 ἀν-

365 3076 389 3116 2
421 3069 659 3126 τοιούτοις
693 3072 744 3116 Μ
915 3077 938 3116 3
973 3064 1056 3119 ὅτε
1095 3072 1162 3116 bis
1200 3073 1243 3118 U
1415 3076 1442 3115 4
1479 3074 1559 3117 καὶ
1596 3067 1708 3125 τοὺς
1745 3071 1836 3116 UM
2021 3074 2047 3115 6
2089 3071 2140 3118 εἴ
2160 3087 2224 3128 τῳ
2256 3072 2304 3115 Μ

223 3139 358 3188 οὔπω
387 3143 469 3188 UB
614 3146 639 3187 8
670 3141 827 3190 πάντα
856 3155 940 3199 pro
972 3139 1097 3189 πάνυ
1126 3143 1165 3187 U
1338 3146 1363 3186 9
1392 3145 1567 3200 μικροῦ
1594 3141 1643 3184 Μ
1802 3134 1900 3195 ἅμα
1930 3145 2111 3200 τρῶσαι
2141 3142 2191 3186 Μ

224 3218 268 3257 11
309 3213 477 3272 ὀλίγον
505 3213 554 3256 Μ
737 3212 857 3260 ἀλλὰ
887 3210 980 3271 μὴν
1010 3226 1110 3258 cum
1141 3212 1291 3271 δήπου
1321 3214 1608 3257 coniunctum
1639 3211 1864 3267 displicuit
1892 3212 2102 3269 Reiskio‚
2134 3212 2304 3265 GeeHo,

217 3284 456 3341 Emperio;
487 3280 582 3343 γὰρ
610 3275 669 3342 ἧν
696 3283 752 3328 R.
783 3275 842 3342 ἧν
873 3283 926 3328 G.
958 3287 1105 3341 μετῆν
1134 3284 1262 3340 Emp.
1381 3286 1432 3327 13
1462 3280 1706 3339 ἐπιμελίας
1734 3283 1783 3326 Μ
1917 3287 1968 3327 14
1999 3277 2044 3328 οἷ
2076 3282 2124 3328 δὲ
2153 3283 2191 3325 Β

225 3352 418 3414 ἑωράθη
447 3355 596 3411 Emp.,
625 3350 815 3413 ἐπράθη
844 3354 893 3397 Μ
924 3348 1093 3414 ὥράθη
1122 3354 1202 3399 UB
1377 3358 1429 3397 20
1459 3353 1547 3410 μὲν
1575 3356 1655 3399 καὶ
1684 3345 1874 3411 ἥδιστον
1903 3353 2006 3406 (hoc
2036 3353 2149 3406 ord.)
2180 3351 2305 3397 Stob.

220 3426 371 3471 LXIII
403 3430 427 3470 9
575 3429 628 3469 22
659 3427 748 3470 τινὶ
777 3437 864 3469 om.
897 3424 1022 3469 Stob.
1052 3425 1079 3468 1.
1111 3425 1141 3468 l.
1289 3427 1342 3468 23
1374 3418 1542 3483 ἀνδρία
1574 3423 1623 3467 Μ
1774 3426 1855 3469 καὶ
1887 3420 2173 3482 σωφροσύνη
2202 3424 2303 3470 add.

220 3497 353 3541 Dind.
498 3500 553 3540 24
584 3494 769 3543 οἴονται
798 3495 848 3539 Μ
992 3499 1160 3542 λαθεῖν
1190 3494 1314 3539 Stob.
1459 3498 1513 3538 26
1545 3486 1696 3548 οὕτως
1724 3494 1874 3547 Stob.,
1917 3485 2047 3550 ὅμως
2074 3494 2177 3538 libri

225 3562 412 3621 ὀξειναν
433 3566 480 3610 Μ
598 3560 744 3613 αὐτοῦ
775 3566 813 3611 U
947 3561 1014 3612 ἔτι
1045 3566 1093 3612 δὲ
1123 3566 1226 3621 ΒΜ,
1255 3566 1303 3609 in
1334 3564 1372 3609 U
1405 3562 1473 3611 ἔτι
1501 3566 1752 3610 atramento
1785 3564 2022 3621 superfuso
2053 3567 2236 3621 tectum,
2265 3560 2307 3610 εἰ

225 3639 274 3684 δὲ
304 3638 342 3682 Τ
459 3634 620 3692 ἀλλοις
650 3651 735 3683 om.
768 3637 892 3682 Stob.
1009 3641 1060 3680 27
1092 3638 1309 3695 γίνονται
1339 3636 1378 3681 U
1514 3639 1567 3680 29
1599 3650 1711 3694 φησι
1740 3635 1856 3691 libri,
1887 3631 2024 3692 φήσει
2053 3635 2220 3680 Jacobs

220 3709 309 3765 μὲν
337 3722 422 3765 pro
451 3725 512 3765 με
541 3708 582 3753 U
698 3711 751 3752 30
784 3706 979 3762 ἔπαινος
1009 3702 1229 3768 ἀνδρείας
1258 3707 1309 3751 Μ
