2684 4140
404 296 436 344 2
987 279 990 282 ’
1063 284 1267 331 DIONIS
1295 280 1834 328 BORYSTHENITICA

336 439 369 489 4
407 434 701 504 βασιλέως.
847 434 879 499 ἠ
921 427 981 479 δὲ
1020 425 1190 488 πόλις
1225 429 1257 495 ἠ
1287 431 1398 476 τῶν
1424 425 1861 494 Βορυσθενιτῶν
1886 426 1949 476 τὸ
1974 427 2220 494 μέγεθός
2245 428 2398 478 ἐστιν
2424 428 2486 478 οὐ

400 520 545 586 πρὸς
580 519 678 585 τὴν
717 510 968 563 παλαιὰν
1009 508 1177 574 δόξαν
1217 509 1310 562 διὰ
1348 511 1450 573 τὰς
1478 513 1724 574 συνεχεῖς
1749 507 1991 573 ἁλώσεις
2015 513 2109 563 καὶ
2146 513 2277 573 τοὺς
2314 509 2482 563 πολέ-
2505 521 2654 564 (43811)

396 617 552 666 μους.
638 598 736 647 ἅτε
784 595 887 664 γὰρ
935 596 994 645 ἐν
1030 598 1231 660 μέσοις
1269 596 1501 646 οἰκοῦσα
1539 598 1661 656 τοῖς
1706 594 2018 665 βαρβάροις
2066 602 2336 648 τοσοῦτον
2379 594 2483 666 ἤδη

391 685 608 751 χρόνον,
646 680 741 731 καὶ
777 679 1002 740 τούτοις
1042 677 1238 744 σχεδόν
1274 697 1332 731 τι
1368 683 1490 742 τοῖς
1529 676 2032 746 πολεμικωτάτοις,
2071 682 2159 732 ἀεὶ
2184 682 2285 747 μὲν
2317 679 2485 732 πολε-

393 770 611 832 μεῖται,
651 760 926 826 πολλάκις
973 760 1051 814 δὲ.
1075 765 1170 816 καὶ
1208 761 1383 814 ἑάλω·
1433 766 1531 835 τὴν
1567 761 1690 832 (δὲ)
1726 763 2050 817 τελευταίαν
2085 768 2180 817 καὶ
2214 767 2481 836 μεγίστην
2517 773 2542 814 5

395 847 607 900 ἅλωσιν
647 849 710 899 οὐ
750 850 862 919 πρὸ
902 845 1182 900 πλειόνων
1219 849 1624 919 ἢπεντήκοντα
1649 850 1743 900 καὶ
1781 851 1976 901 ἑκατὸν
2014 852 2170 902 ἐτῶν.
2234 848 2385 902 εἶλον
2426 848 2484 902 δὲ

392 935 486 986 καὶ
521 934 728 1003 ταύτην
754 935 926 985 Γέται
966 934 1061 985 καὶ
1099 934 1201 996 τὰς
1229 930 1404 996 ἄλλας
1429 935 1531 996 τὰς
1557 935 1615 985 ἐν
1640 938 1762 996 τοῖς
1789 936 2110 1003 ἀριστεροῖς
2135 942 2238 985 τοῦ
2259 937 2484 987 Πόντου

326 1021 357 1072 5
397 1016 596 1081 πόλεις
630 1021 794 1089 μέχρι
823 1009 1228 1081 Ἀπολλωνίας.
1296 1018 1434 1070 ὅθεν
1463 1017 1526 1090 δὴ
1565 1019 1660 1071 καὶ
1688 1016 1910 1089 σφόδρα
1937 1019 2179 1069 ταπεινὰ
2211 1019 2281 1069 τὰ
2309 1021 2486 1087 πράγ-
2512 1030 2571 1072 (76
2592 1030 2626 1065 R
2654 1029 2681 1067 τε

391 1121 542 1170 ματα
579 1107 817 1174 κατέστη
857 1109 969 1156 τῶν
995 1105 1167 1174 ταύτῃ
1189 1097 1474 1174 Ἑλλήνων,
1513 1109 1625 1155 τῶν
1660 1104 1762 1170 μὲν
1802 1104 1985 1154 οὐκέτι
2013 1104 2485 1155 συνοικισθεισῶν

393 1186 641 1253 πόλεων,
680 1194 792 1240 τῶν
832 1186 890 1240 δὲ
933 1186 1189 1260 φαύλως,
1227 1190 1322 1240 καὶ
1357 1195 1469 1240 τῶν
1519 1186 1803 1240 πλείστων
1850 1188 2150 1258 βαρβάρων
2189 1189 2271 1250 εἰς
2310 1189 2481 1251 αὐτὰς
2517 1196 2566 1240 10

397 1278 760 1345 συρρυέντων.
826 1271 1037 1326 πολλαὶ
1072 1275 1176 1342 γὰρ
1217 1272 1282 1345 δή
1322 1291 1471 1336 τινες
1509 1271 1751 1335 ἁλώσεις
1778 1274 1920 1325 κατὰ
1960 1270 2144 1324 πολλὰ
2170 1277 2308 1342 μέρη
2335 1275 2488 1340 γεγό-

393 1374 525 1411 νασι
561 1366 662 1431 τῆς
692 1352 969 1423 Ἑλλάδος,
1010 1360 1107 1411 ἁτε
1145 1360 1204 1411 ἐν
1231 1355 1469 1421 πολλοῖς
1507 1359 1712 1420 τόποις
1762 1356 2194 1429 διεσπαρμένης.
2259 1355 2489 1420 ἁλόντες

394 1442 453 1495 δὲ
492 1446 619 1495 τότε
648 1445 704 1494 οἱ
731 1444 1154 1514 Βορυσθενῖται
1189 1441 1364 1495 πάλιν
1404 1441 1745 1514 συνῴκησαν,
1783 1441 2102 1494 ἐθελόντων
2141 1444 2269 1510 ἐμοὶ
2305 1441 2487 1494 δοκεῖν

391 1535 502 1581 τῶν
538 1529 778 1580 Σκυθῶν
816 1527 911 1581 διὰ
949 1531 1012 1580 τὸ
1054 1527 1290 1581 δεῖσθαι
1327 1537 1426 1598 τῆς
1463 1529 1745 1598 ἐμπορίας
1781 1529 1875 1579 καὶ
1910 1535 2013 1579 τοῦ
2046 1526 2337 1579 κατάπλου
2375 1533 2486 1579 τῶν

386 1607 669 1684 Ἑλλήνων.
733 1616 1057 1665 ἐπαύσαντο
1085 1615 1187 1684 γὰρ
1216 1612 1577 1675 εἰσπλέοντες
1614 1614 1930 1664 ἀναστάτου
1957 1621 2056 1685 τῆς
2082 1611 2304 1675 πόλεως
2329 1629 2479 1681 γενο-
2521 1623 2566 1664 15

389 1703 588 1769 μένης,
638 1699 735 1750 ἁτε
777 1698 872 1749 οὐκ
908 1699 1127 1764 ἔχοντες
1166 1700 1502 1769 ὁμοφώνους
1539 1699 1671 1759 τοὺς
1716 1694 2164 1765 ὑποδεχομένους
2203 1696 2330 1749 οὐδὲ
2372 1703 2484 1748 τῶν

389 1784 628 1834 Σκυθῶν
667 1780 976 1846 ἀξιούντων
1016 1781 1143 1834 οὐδὲ
1183 1785 1577 1849 ἐπισταμένων
1617 1784 1894 1849 ἐμπόριον
1927 1784 2108 1834 αὐτῶν
2146 1786 2485 1834 κατασκευά-

258 1890 262 1893 ’
321 1873 353 1926 6
395 1869 617 1920 σασθαι
653 1870 751 1920 τὸν
782 1861 1094 1939 Ἑλληνικὸν
1131 1870 1362 1938 τρόπον.
1442 1871 1672 1938 σημεῖον
1713 1864 1772 1919 δὲ
1810 1874 1910 1938 τῆς
1947 1868 2311 1928 ἀναστάσεως
2354 1869 2388 1936 ἥ
2426 1884 2485 1917 τε

393 1952 680 2025 φαυλότης
726 1959 838 2005 τῶν
879 1951 1345 2024 οἰκοδομημάτων
1392 1954 1487 2005 καὶ
1523 1955 1587 2004 τὸ
1630 1949 2015 2004 συνεστάλθαι
2062 1954 2160 2023 τὴν
2211 1949 2379 2003 πόλιν
2428 1953 2487 2013 ἐς

390 2040 581 2110 βραχύ.
664 2042 825 2109 μέρει
870 2041 974 2109 γάρ
1014 2057 1129 2090 τινι
1167 2036 1681 2108 προσῳκοδόμηται
1718 2044 1821 2088 τοῦ
1855 2034 2110 2088 παλαιοῦ
2156 2034 2480 2107 περιβόλου,
2520 2046 2567 2089 20

388 2118 531 2176 καθ’
575 2124 606 2175 ὃ
655 2126 863 2195 πύργοι
898 2126 1048 2186 τινὲς
1087 2125 1149 2175 οὐ
1189 2121 1396 2174 πολλοὶ
1434 2121 1795 2189 διαμένουσιν
1846 2123 1908 2171 οὐ
1948 2124 2094 2192 πρὸς
2139 2124 2202 2173 τὸ
2241 2123 2487 2189 μέγεθος

391 2208 519 2261 οὐδὲ
568 2211 716 2278 πρὸς
763 2211 862 2280 τὴν
910 2210 1068 2274 ἰσχὺν
1115 2216 1215 2280 τῆς
1253 2205 1491 2270 πόλεως.
1577 2208 1640 2258 τὸ
1682 2204 1741 2258 δὲ
1790 2204 1998 2272 μεταξύ
2050 2211 2488 2278 συμπέφρακται

388 2287 509 2347 κατ>
553 2297 730 2346 ἐκεῖνο
769 2298 896 2356 ταῖς
935 2294 1143 2357 οἰκίαις
1182 2295 1278 2345 οὐκ
1315 2294 1577 2360 ἐχούσαις
1616 2293 1791 2343 ὁποῖα
1820 2289 2121 2343 διαλείπει.
2189 2293 2397 2357 τειχίον
2426 2289 2484 2342 δὲ
2511 2303 2679 2346 (7731]

391 2377 821 2451 παραβέβληται
870 2381 1017 2431 πάνυ
1056 2381 1326 2430 ταπεινὸν
1363 2378 1459 2430 καὶ
1495 2377 1765 2438 ἀσθενές.4
1842 2382 1955 2428 τῶν
2006 2374 2064 2428 δὲ
2105 2379 2333 2447 πύργων
2372 2378 2488 2427 εἰσί

390 2484 538 2528 τινες
577 2462 723 2516 πολὺ
763 2466 1090 2536 ἀφεστῶτες
1126 2470 1230 2514 τοῦ
1263 2469 1357 2515 νῦν
1397 2463 1741 2528 οἰκουμένου,
1782 2462 1926 2513 ὥστε
1951 2452 2087 2532 μηδ’
2132 2463 2357 2513 εἰκάσαι
2394 2464 2483 2513 ὅτι
2518 2471 2566 2512 25

388 2558 525 2618 μιᾶς
561 2546 705 2620 ἦσαν
743 2547 980 2612 πόλεως.
1044 2551 1219 2600 ταῦτά
1258 2566 1318 2600 τε
1358 2546 1421 2619 δὴ
1465 2546 1560 2598 οὖν
1602 2550 1804 2617 σημεῖα
1842 2548 2042 2618 ἐναργῆ
2082 2554 2181 2617 τῆς
2221 2543 2487 2608 ἁλώσεως

388 2638 483 2688 καὶ
519 2638 583 2687 τὸ
621 2632 795 2706 μηδὲν
833 2641 945 2686 τῶν
983 2632 1319 2703 ἀγαλμάτων
1360 2630 1644 2699 διαμένειν
1682 2633 1834 2699 ὑγιὲς
1880 2637 1992 2683 τῶν
2029 2633 2088 2682 ἐν
2127 2635 2249 2693 τοῖς
2295 2633 2487 2702 ἱεροῖς,

391 2717 533 2771 ἀλλά
575 2717 870 2786 ξύμπαντα
911 2718 1268 2791 λελωβημένα
1308 2717 1479 2781 εἶναι,
1532 2718 1723 2785 ὥσπερ
1771 2717 1840 2767 τὰ
1880 2718 1980 2767 ἐπὶ
2015 2723 2127 2767 τῶν
2164 2718 2484 2786 μνημάτων.

324 2811 355 2863 7
537 2808 677 2875 ὅπερ
701 2806 797 2857 οὖν
817 2807 977 2877 ἔφην,
1000 2807 1191 2872 ἔτυχον
1214 2808 1548 2874 περιπατῶν
1571 2804 1682 2871 πρὸ
1703 2808 1802 2872 τῆς
1823 2799 2061 2864 πόλεως,
2082 2802 2180 2851 καί
2196 2818 2344 2861 τινες
2363 2797 2486 2869 ἐξῄ-

390 2906 524 2943 εσαν
550 2889 788 2943 ἔνδοθεν
811 2896 922 2942 τῶν
943 2891 1381 2959 Βορυσθενιτῶν
1402 2889 1549 2955 πρὸς
1574 2888 1688 2953 ἐμέ,
1718 2887 1911 2956 ὥσπερ
1939 2886 2249 2937 εἰώθεσαν·
2282 2887 2482 2936 ἔπειτα
2521 2895 2569 2935 30
2593 2898 2672 2940 (439

391 2974 820 3046 Καλλίστρατος
845 2969 945 3047 ἐφ’
978 2977 1161 3027 ἵππου
1189 2976 1252 3025 τὸ
1279 2975 1381 3041 μὲν
1402 2978 1630 3042 πρῶτον
1651 2972 2087 3041 παρρίππευσεν
2107 2974 2251 3040 ἡμᾶς
2271 2967 2488 3033 ἔξωθεν

390 3059 809 3131 προσελαύνων,
848 3057 1159 3131 παρελθών
1199 3055 1257 3109 δὲ
1300 3053 1487 3123 ὀλίγον
1524 3055 1748 3125 κατέβη,
1786 3057 2001 3107 καὶτὸν
2030 3057 2213 3106 ἵππον
2241 3053 2319 3122 τῷ
2360 3055 2487 3105 ἀκο-

537 3205 555 3244 1
589 3202 967 3256 Βωρυσθενιτῶν
995 3199 1036 3245 U
1056 3212 1116 3244 m.
1137 3210 1206 3256 pr.
1229 3198 1318 3243 ΒΜ
1432 3193 1460 3255 ὴ
1492 3199 1597 3240 ante
1626 3197 1725 3242 τῶν
1756 3207 1842 3240 om.
1867 3193 1905 3238 Τ
2011 3198 2040 3238 4
2069 3198 2324 3251 πολεμεῖτε
2354 3194 2404 3238 Μ

393 3276 418 3317 5
449 3269 577 3319 ἑάλω
606 3270 821 3327 CobetuS,
851 3266 1034 3318 ἑάλωκε
1063 3270 1168 3315 libri
1309 3268 1451 3328 (καὶ)
1479 3263 1565 3325 τὴν
1596 3267 1719 3321 wil„
1749 3262 1836 3325 τὴν
1866 3265 1915 3312 δὲ
1944 3264 2113 3311 Reiske
2248 3269 2273 3309 6
2304 3262 2491 3311 ἓκατῶν

390 3340 431 3387 U
460 3355 518 3386 m.
546 3354 615 3398 pr.
732 3345 757 3384 9
787 3340 876 3397 μὲν
906 3333 992 3388 οὖν
1021 3334 1109 3388 οὐκ
1139 3337 1240 3387 ἔστι
1268 3341 1319 3384 Μ
1446 3344 1495 3385 11
1529 3335 1834 3399 συρρεόντων
1862 3337 1984 3383 UBT
2015 3335 2311 3397 συνρυέντων
2340 3335 2390 3379 Μ

397 3416 447 3458 13
477 3409 592 3459 τότε
621 3424 710 3458 om.
740 3411 821 3457 ΠΒ
934 3416 1306 3470 βορυσθενεῖται
1324 3411 1375 3455 Μ
1493 3414 1546 3454 16
1575 3412 1674 3455 τῶν
1695 3409 1820 3463 wil„
1851 3402 2011 3455 αὐτῶν
2038 3406 2142 3451 libri
2261 3410 2310 3450 17
2341 3403 2489 3460 ἐμπο-

394 3491 527 3543 ρεῖον
555 3482 677 3528 UBT
825 3485 876 3527 18
905 3485 1005 3528 τῶν
1026 3477 1308 3541 Ἑλληνικῶν
1337 3477 1537 3542 τρόπων
1566 3480 1645 3526 UB
1681 3481 1785 3526 τῶν
1805 3476 2088 3538 Ἑλληνικῶν
2116 3474 2305 3534 τρόπον
2334 3475 2373 3518 Τ

394 3562 564 3613 σημεῖα
593 3553 633 3598 U
750 3556 801 3596 21
836 3553 1106 3609 διαμένουσι
1134 3553 1253 3596 BM?
1378 3556 1432 3596 23
1466 3551 1664 3605 οἰκείαις
1683 3551 1734 3595 Μ
1822 3545 1910 3596 οὐκ
1937 3545 2160 3606 ἐχούσαις
2192 3544 2341 3591 ὁποῖα
2371 3544 2488 3598 libri,

392 3621 721 3684 συνεχούσαις·
755 3614 881 3670 ὅπου
910 3623 959 3669 δὲ
979 3622 1083 3667 Wil.
1113 3622 1218 3676 (del.
1249 3621 1298 3668 δὲ
1327 3624 1432 3678 post
1461 3623 1658 3679 τειχίον)
1687 3615 1971 3678 ἐπεχούσαις
2002 3612 2166 3662 ὁπόσα
2188 3615 2322 3671 Emp.
2352 3629 2485 3661 συνε-

389 3693 589 3755 χούσαις
622 3686 747 3740 ὅπου
776 3711 821 3740 τι
851 3693 1046 3738 Casaub.
1220 3695 1275 3736 24
1312 3692 1677 3752 παραβέβληται
1707 3688 1839 3735 UBM
1877 3686 2217 3747 περιβέβληται
2248 3685 2287 3729 Τ
2316 3699 2344 3729 v

393 3770 446 3812 28
475 3763 730 3825 κνημάτων
760 3764 799 3809 Τ
927 3767 980 3808 30
1010 3764 1398 3822 βορυσθενειτῶν
1427 3762 1476 3805 Μ
1505 3762 1878 3821 βωρυσθενιτῶν
1906 3758 1947 3804 U
1979 3770 2036 3801 m.
2066 3769 2135 3814 pr.
