2684 4140
414 293 516 340 164
1164 282 1368 328 DIONIS
1399 282 1483 327 DE
1515 281 1746 327 GLORIA

409 441 518 485 τῶν
546 432 818 482 τοιούτων
859 419 892 496 ἢ
933 428 1193 491 σώματος
1230 419 1486 487 εὐτονίας
1522 415 1555 494 ἢ
1588 422 1785 476 λαλιὰν
1809 431 1940 492 γοῦν
1967 428 2501 496 περιποιησάμενοι,

407 518 672 579 καθάπερ
703 515 1086 581 ἐπτερωμένοι
1109 513 1282 576 μόνον
1322 503 1384 560 οὐ
1421 503 1547 560 κατ’
1591 512 1813 579 ἄστρων
1854 513 2141 580 φέρονται,
2182 507 2505 580 δημαγωγοί

407 617 466 651 τε
501 600 595 650 καὶ
633 595 850 663 ξεναγοὶ
883 596 977 646 καὶ
1016 596 1290 666 σοφισταὶ
1329 592 1643 662 λεγόμενοι,
1695 592 1905 663 δήμους
1940 595 2035 645 καὶ
2075 598 2372 665 σατράπας
2407 598 2502 648 καὶ
2525 609 2604 652 (608
2618 607 2671 652 Μ)

404 683 670 752 μαθητὰς
705 681 1071 750 θηρεύοντες·
1119 685 1231 730 τῶν
1270 676 1329 730 δὲ
1369 676 1555 730 ἄλλων
1592 682 1826 740 ἕκαστος
1863 685 1975 730 τῶν
2025 677 2303 749 μηδεμίαν
2335 698 2502 751 χορη-

405 769 530 834 γίαν
566 768 827 831 ἐχόντων,
875 766 988 815 ὑπὸ
1031 761 1089 815 δὲ
1128 771 1226 835 τῆς
1266 765 1436 835 αὐτῆς
1473 767 1643 815 νόσου
1681 768 2095 833 κρατουμένων,
2150 770 2506 835 περιέρχεται
2540 776 2565 817 5

405 853 549 921 πρὸς
585 854 773 920 ἕτερον
812 846 918 912 ζῶν
955 850 1051 900 καὶ
1086 850 1144 899 τί
1180 851 1314 915 περὶ
1351 850 1526 900 αὐτοῦ
1562 847 1708 917 λέγει
1756 867 1844 911 τις
1885 845 2225 920 φροντίζων,
2263 852 2364 901 κᾶν
2401 853 2501 917 μὲν

406 937 698 1006 εὐφημήσῃ
730 953 833 999 τις,
873 937 950 996 ὡς
978 933 1175 998 οἴεται,
1213 937 1489 1005 μακάριος
1513 937 1607 986 καὶ
1636 933 1895 1005 φαιδρός,
1936 936 1986 985 εἰ
2014 933 2073 985 δὲ
2099 936 2192 1005 μή,
2233 938 2502 997 ταπεινός

403 1039 463 1072 τε
499 1023 594 1072 καὶ
627 1023 883 1092 κατηφὴς
917 1022 1011 1072 καὶ
1048 1027 1306 1072 τοιοῦτον
1345 1023 1512 1072 αὐτὸν
1552 1019 1699 1072 εἶναι
1737 1016 1977 1086 νομίζων
2016 1022 2219 1071 ὁποῖον
2263 1021 2330 1071 ἂν
2369 1019 2501 1089 εἴπῃ

404 1123 505 1168 τις.
589 1107 684 1157 καὶ
732 1103 956 1157 δίαιταν
1003 1108 1104 1172 μὲν
1151 1107 1183 1177 ἢ
1226 1104 1382 1176 δίκην
1420 1108 1487 1157 ἂν
1526 1107 1619 1176 ἔχῃ
1672 1108 1818 1175 πρός
1865 1123 2019 1169 τινα,
2073 1106 2169 1156 οὐκ
2217 1102 2379 1168 ἀξιοῖ
2406 1107 2503 1155 τὸν

407 1191 697 1263 διαιτητὴν
733 1193 765 1262 ἢ
806 1194 902 1242 τὸν
942 1189 1207 1263 δικαστὴν
1245 1196 1367 1253 τοῖς
1403 1198 1632 1257 τυχοῦσι
1664 1196 1963 1261 προσέχειν
2000 1194 2291 1259 μάρτυσιν,
2332 1190 2499 1251 αὐτὸς
2539 1203 2584 1244 10

325 1288 389 1340 13
411 1271 463 1329 δ’
495 1280 636 1347 ὑπὲρ
666 1281 870 1328 ἑαυτοῦ
893 1279 1111 1339 πάντας
1138 1274 1442 1347 ἀξιόχρεως
1469 1281 1700 1346 ἡγεῖται.
1753 1279 1811 1328 τί
1837 1275 1900 1348 δὴ
1929 1275 2502 1344 κακοδαιμονέστερον

407 1364 734 1432 ἀνθρώπων
774 1356 870 1413 ἐπ’
913 1360 1108 1424 ἄλλοις
1144 1367 1412 1430 κειμένων
1460 1366 1554 1414 καὶ
1603 1366 1699 1414 τὸν
1739 1365 2077 1414 ἀπαντῶντα
2125 1365 2315 1432 κύριον
2354 1364 2502 1426 ἐχόν-

404 1466 533 1512 των,
571 1450 715 1517 πρὸς
742 1448 803 1498 ὃν
831 1449 919 1499 ἀεὶ
943 1446 1174 1514 βλέπειν
1203 1450 1406 1518 ἀνάγκη
1436 1451 1529 1500 καὶ
1558 1454 1789 1500 σκοπεῖν
1816 1452 1879 1500 τὸ
1908 1452 2223 1518 πρόσωπον
2250 1450 2503 1509 ἑκάστου,

403 1534 670 1602 καθάπερ
709 1537 830 1594 τοῖς
871 1534 1114 1594 οἰκέταις
1151 1536 1214 1584 τὸ
1243 1540 1353 1585 τῶν
1382 1532 1675 1585 δεσποτῶν
1687 1553 1706 1596 ;
1746 1540 1904 1585 πᾶσα
1942 1537 2043 1600 μὲν
2085 1535 2180 1585 οὖν
2217 1535 2341 1583 ἐστι
2380 1529 2503 1582 δου-

407 1615 529 1668 λεία
554 1614 801 1686 χαλεπή·
842 1619 973 1678 τοὺς
1001 1615 1060 1667 δὲ
1088 1618 1204 1668 ἀπὸ
1231 1620 1398 1687 τύχης
1424 1620 1482 1668 ἐν
1513 1619 1664 1686 οἰκίᾳ
1701 1621 1932 1688 τοιαύτῃ
1963 1616 2344 1681 δουλεύοντας,
2383 1619 2440 1667 ἐν
2466 1608 2503 1685 ᾗ
2541 1624 2587 1669 15

406 1701 504 1753 δύο
542 1703 574 1772 ἢ
614 1706 765 1770 τρεῖς
803 1699 1096 1766 δεσπόται,
1134 1704 1228 1753 καὶ
1264 1708 1438 1753 ταῦτα
1477 1707 1602 1764 ταῖς
1639 1721 1699 1754 τε
1735 1701 1980 1774 ἡλικίαις
2005 1705 2099 1755 καὶ
2124 1708 2250 1765 ταῖς
2288 1705 2496 1774 φύσεσι
2515 1715 2684 1755 (35:331

407 1785 678 1857 διάφοροι
716 1784 874 1854 (λέγω
917 1784 976 1837 δὲ
1004 1788 1324 1857 πρεσβύτης
1362 1785 1735 1857 ἀνελεύθερος
1772 1790 1866 1840 καὶ
1902 1791 2103 1839 τούτου
2140 1787 2345 1850 παῖδες
2383 1806 2506 1839 νεα-

405 1873 589 1923 νίσκοι
628 1873 814 1923 πίνειν
851 1873 946 1923 καὶ
985 1873 1223 1923 σπαθᾶν
1262 1870 1550 1935 θέλοντες)
1590 1875 1676 1935 τίς
1705 1875 1802 1924 οὐκ
1828 1875 1895 1924 ἂν
1921 1880 2032 1924 τῶν
2061 1871 2245 1924 ἄλλων
2278 1875 2507 1923 οἰκετῶν

407 1954 801 2025 ὁμολογήσειεν
849 1954 1266 2027 ἀθλιωτέρους,
1318 1961 1451 2009 ὅταν
1499 1961 1806 2020 τοσούτους
1857 1957 1951 2028 δέῃ
1993 1960 2365 2029 θεραπεύειν,
2416 1961 2509 2010 καὶ

327 2051 390 2099 14
409 2046 621 2094 τούτων
659 2045 892 2094 ἕκαστον
930 2040 1068 2092 ἄλλο
1107 2061 1163 2094 τι
1200 2041 1540 2110 βουλόμενον
1577 2046 1672 2095 καὶ
1723 2047 2150 2112 προστάττοντα
2163 2063 2182 2107 ,·
2229 2045 2280 2095 εί
2320 2042 2382 2095 δέ
2417 2061 2504 2104 τις
2541 2055 2587 2095 20

410 2126 682 2198 δημόσιος
712 2129 929 2197 οἰκέτης
956 2126 1060 2197 εἴη,
1089 2129 1420 2196 πρεσβυτῶν
1448 2124 1522 2198 [ἢ]
1550 2131 1870 2193 νεανίσκων,
1901 2132 2173 2200 πενήτων,
2203 2128 2509 2192 πλουσίων,

409 2215 661 2276 ἀσώτων,
702 2210 1077 2282 φιλαργύρων,
1119 2216 1288 2273 ποῖός
1326 2231 1414 2274 τις
1452 2214 1519 2264 ἂν
1559 2215 1591 2263 ὁ
1629 2221 1888 2276 τοιοῦτος
1927 2214 2048 2284 εἴη,·
2231 2214 2393 2281 οἶμαι
2431 2213 2510 2282 δὲ,

410 2297 469 2349 εἴ
498 2316 585 2360 τις
623 2300 681 2349 ἐν
707 2300 938 2366 τοιαύτῃ
969 2295 1137 2349 πόλει
1157 2300 1415 2368 χρήματα
1442 2300 1581 2364 ἔχων
1609 2296 1944 2369 ἠναγκάζετο
1971 2301 2147 2366 βιοῦν,
2187 2302 2244 2350 ἐν
2270 2292 2307 2369 ᾗ
2334 2307 2512 2350 πᾶσιν

409 2379 535 2453 ἐξῆν
575 2378 847 2452 ἁρπάζειν
885 2383 954 2432 τὰ
993 2389 1096 2433 τοῦ
1131 2381 1309 2445 πέλας
1338 2386 1431 2435 καὶ
1468 2382 1664 2454 μηδεὶς
1702 2388 1872 2451 νόμος
1909 2383 2130 2449 ἐκώλυε,
2171 2393 2510 2455 παραχρῆμα

410 2469 477 2518 ἂν
517 2468 735 2537 ἀπέστη
776 2474 886 2518 τῶν
920 2471 1250 2538 χρημάτων,
1291 2471 1342 2520 εἰ
1378 2471 1472 2520 καὶ
1512 2468 1852 2540 φιλαργυρίᾳ
1891 2473 2021 2533 τούς
2060 2473 2298 2522 πώποτε
2336 2473 2504 2540 ὑπερ-
2543 2481 2590 2521 25

409 2550 680 2622 βεβλήκει.
745 2558 910 2604 τοῦτο
940 2552 1002 2624 δὴ
1045 2561 1138 2606 νῦν
1177 2556 1275 2606 ἐπὶ
1312 2563 1412 2626 τῆς
1440 2553 1605 2625 δόξης
1632 2557 1801 2607 ἐστίν,
1866 2558 2094 2626 ἐφεῖται
2118 2558 2221 2626 γὰρ
2262 2559 2343 2618 εἰς
2380 2558 2509 2606 ταύ-

410 2656 509 2707 την
535 2636 613 2705 τῴ
640 2637 962 2706 βουλομένῳ
991 2640 1116 2690 τινὰ
1142 2637 1418 2706 βλάπτειν
1444 2643 1537 2692 καὶ
1568 2639 1774 2710 πολίτῃ
1813 2644 1906 2692 καὶ
1945 2639 2079 2709 ξένῳ
2121 2644 2215 2693 καὶ
2251 2643 2507 2708 μετοίκῳ.

331 2729 394 2778 15
415 2727 536 2784 τοῖς
574 2724 799 2789 ἀτίμοις
837 2725 1082 2791 ἀβίωτος
1121 2722 1362 2792 εὐλόγως
1402 2727 1432 2775 ὁ
1469 2727 1594 2792 βίος
1628 2727 1908 2796 φαίνεται,
1947 2729 2040 2778 καὶ
2067 2724 2273 2778 πολλοὶ
2297 2724 2510 2792 μᾶλλον

413 2809 704 2877 αἱροῦνται
741 2811 996 2860 θάνατον
1033 2811 1065 2880 ἢ
1108 2806 1201 2880 ζῆν
1228 2812 1327 2881 τὴν
1366 2813 1661 2878 ἐπιτιμίαν
1701 2810 2104 2879 ἀποβαλόντες,
2145 2815 2232 2864 ὅτι
2263 2809 2341 2879 τῷ
2381 2812 2509 2861 ἐθε-

411 2890 644 2963 λήσαντι
679 2897 910 2946 τύπτειν
949 2893 1134 2958 ἔξεστι
1168 2898 1261 2947 καὶ
1284 2894 1516 2958 κόλασις
1544 2898 1639 2947 οὐκ
1676 2898 1829 2948 ἔστιν
1868 2896 2100 2963 οὐδεμία
2139 2903 2239 2947 τοῦ
2278 2912 2500 2966 προπη-
2537 2905 2585 2945 30

414 2977 747 3043 λακίζοντος.
814 2982 1007 3031 οὐκοῦν
1034 2983 1130 3031 τὸν
1159 2979 1471 3044 δοξοκόπον
1501 2984 1717 3032 ἅπασιν
1745 2979 1930 3045 ἔξεστι
1956 2985 2187 3033 τύπτειν
2216 2980 2293 3048 τῷ
2335 2982 2507 3031 παντὶ
2530 2992 2610 3032 (609
2632 2991 2659 3026 Μ

559 3190 578 3230 1
611 3181 830 3242 εὐτονίας
859 3190 1035 3245 scripsi,
1068 3184 1097 3246 ἢ
1126 3182 1369 3242 ἀπονοίας
1398 3188 1500 3232 libri
1616 3185 1754 3235 λαλιὰ
1784 3189 1820 3232 Ρ
1852 3202 1909 3234 m.
1941 3202 2011 3245 pr.
2122 3193 2145 3232 2
2175 3183 2287 3245 μετ’
2318 3187 2512 3249 ἄστρων

417 3255 570 3300 Gasda
682 3261 707 3301 6
737 3261 834 3314 ζῶν
866 3259 1033 3303 UBMP
1063 3262 1218 3318 ζητῶν
1248 3260 1290 3303 H
1408 3263 1432 3304 8
1466 3253 1615 3306 αὐτὸν
1645 3259 1769 3304 UPH
1868 3256 1992 3306 εἷ’πει
2021 3260 2057 3304 Ρ
2178 3264 2224 3303 11
2259 3259 2308 3306 δὲ
2337 3260 2427 3303 ΒΜ

415 3323 563 3372 αὐτοῦ
592 3327 722 3371 ΡΗΜ
837 3325 1115 3388 ἀξιόχρεους
1145 3330 1226 3374 ΡΗ
1375 3334 1425 3374 12
1455 3330 1556 3376 τών
1586 3344 1668 3386 pro
1699 3327 1787 3376 τὸν
1815 3331 1872 3385 (Ῥ)
1903 3331 1950 3374 Μ
2067 3327 2331 3378 ἀπατῶντα
2362 3331 2399 3374 Β

419 3401 470 3442 15
501 3396 695 3457 τοιαύτῃ
725 3400 868 3458 Emp„
899 3405 958 3460 τῇ
987 3397 1106 3460 αὐτῇ
1134 3403 1237 3447 libri
1353 3400 1405 3448 ἐν
1436 3394 1464 3461 ᾗ
1498 3403 1614 3448 [JBP
1644 3401 1731 3449 ἐὰν
1759 3394 1790 3461 ᾖ
1820 3403 1867 3446 Μ
1896 3395 1952 3461 ἧς
1980 3403 2021 3446 Η
2124 3406 2173 3446 16
2203 3401 2327 3447 κατὰ
2362 3395 2509 3446 ταύτὸ

417 3468 466 3512 Μ
494 3463 605 3515 κατ’
636 3464 756 3517 αὐτὰ
786 3474 1007 3516 mutatum
1036 3473 1084 3517 in
1114 3475 1194 3520 καὶ
1224 3476 1375 3520 ταῦτα
1406 3474 1448 3518 -H
1535 3474 1584 3521 δὲ
1614 3488 1699 3531 pro
1729 3490 1782 3520 τε
1813 3474 1861 3517 Μ
1953 3477 2003 3518 18
2035 3475 2287 3519 σπαταλᾶν
2316 3471 2396 3514 PH

416 3543 470 3583 20
501 3543 676 3586 τοῦτον
705 3541 741 3584 Ρ
857 3539 1212 3599 βουλευόμενον
1240 3544 1284 3588 Η
1400 3548 1446 3589 21
1483 3541 1513 3603 ἢ
1544 3545 1729 3590 seclusit
1758 3545 1926 3589 Reiske
2041 3548 2094 3588 22
2125 3539 2430 3602 φιλαργύρων
2457 3567 2507 3573 -—

417 3613 470 3654 23
500 3604 796 3669 ἠναγκάζετο
825 3612 874 3656 in
902 3626 1012 3668 mrg.
1045 3614 1188 3670 suppl.
1220 3615 1256 3658 P
1383 3619 1436 3660 26
1467 3616 1641 3660 malim:
1673 3609 1821 3662 ταύτὸ
1854 3611 1908 3672 δὴ
1938 3615 2008 3660 vel
2037 3617 2180 3660 τοῦτο
2214 3613 2263 3659 δὲ
2291 3617 2397 3669 καὶ;
2427 3615 2510 3658 νῦν

416 3681 501 3724 del.
521 3681 630 3726 Wil.
744 3680 909 3740 ἐφεῖτα
941 3683 975 3726 Ρ
1063 3687 1117 3728 28
1147 3680 1270 3731 πολὺ
1300 3698 1383 3741 pro
1414 3689 1587 3733 πολλοὶ
1618 3685 1698 3731 UB
1786 3688 1838 3729 29
1869 3679 2205 3743 ἀποβάλοντες
2233 3684 2270 3727 Β
2362 3675 2436 3729 ὅτι
2466 3685 2510 3726 in

415 3764 576 3796 rasura
608 3752 649 3795 H
766 3756 819 3798 30
851 3749 979 3800 ἔστιν
1010 3748 1205 3811 οὐδεμία
1234 3755 1411 3812 Pflugk,
1444 3753 1572 3803 ἔστιν
1601 3757 1694 3803 ἰδία
1725 3755 1856 3802 UBM
1887 3751 1985 3801 ἔστι
2016 3751 2070 3813 νὴ
2100 3756 2174 3800 δία
2204 3753 2285 3798 ΡΗ
