2684 4140
1057 279 1284 332 ORATIO
1313 282 1480 333 XVIII.
2191 283 2294 339 251

214 424 437 490 οὐδενὸς
477 426 808 495 λειπόμενον
855 431 949 481 καὶ
994 431 1229 500 ἄφθονα
1276 436 1635 502 κεκτημένον,
1678 434 1772 484 καὶ
1809 436 1999 504 πάσης
2035 432 2297 498 ἐξουσίας

214 514 383 583 οὔσης
422 506 502 564 δι’
543 517 752 582 ἡμέρας
776 515 869 564 καὶ
905 514 1099 576 νυκτὸς
1124 521 1353 585 τρυφᾶν,
1394 518 1545 581 ὅμως
1571 518 1655 568 ἐτι
1693 515 1960 579 παιδείας
1991 520 2298 587 ὀρέγεσθαι

36 606 114 647 (254
135 607 188 650 Μ)
211 600 306 649 καὶ
343 596 668 668 φιλοκαλεῖν
707 600 839 667 περὶ
875 601 973 669 τὴν
1012 605 1122 650 τῶν
1161 597 1337 667 λόγων
1375 602 1674 671 ἐμπειρίαν
1701 603 1891 672 καὶμὴ
1923 605 2116 667 ὀκνεῖν,
2155 603 2296 674 μηδὲ

204 683 256 732 εἰ
286 686 483 733 πονεῖν
516 680 653 746 δέοι,
696 680 917 752 σφόδρα
956 696 1057 748 μοι
1095 681 1254 746 ἔδοξε
1290 686 1548 752 γενναίας
1573 692 1756 756 ψυχῆς
1780 689 1874 737 καὶ
1901 688 1962 737 οὐ
1993 685 2296 757 φιλοτίμου

153 771 178 812 5
212 769 401 832 μόνον,
441 763 582 816 ἀλλὰ
609 765 688 833 τῷ
716 768 837 817 ὄντι
864 765 1186 837 φιλοσόφου
1214 770 1373 837 ἔργον
1406 769 1565 821 εἶναι.
1627 772 1721 822 καὶ
1756 772 1859 838 γὰρ
1887 777 1997 823 τῶν
2035 770 2297 825 παλαιῶν

209 850 265 899 οἱ
310 851 538 919 ἄριστοι
588 851 649 901 οὐ
697 853 869 916 μόνον
918 849 1182 917 ἀκμάζειν
1224 855 1639 919 μανθάνοντες,
1691 853 1831 906 ἀλλὰ
1869 859 1962 908 καὶ
1997 859 2294 926 γηράσκειν

206 935 469 1003 ἔφασκον.
556 937 703 985 πάνυ
754 933 813 986 δὲ
866 938 931 986 σύ
977 952 1078 1002 μοι
1127 935 1309 999 δοκεῖς
1359 943 1610 1008 φρονεῖν,
1659 943 1962 1010 ἡγούμενος
2012 934 2288 1009 πολιτικῷ
2329 938 2360 994 2

206 1016 367 1087 ἀνδρὶ
417 1016 532 1069 δεῖν
580 1017 756 1086 λόγων
805 1021 1109 1090 ἐμπειρίας
1157 1039 1216 1072 τε
1260 1024 1354 1073 καὶ
1404 1021 1704 1089 δυνάμεως.
1777 1026 2008 1094 καὶγὰρ
2049 1028 2193 1095 πρὸς
2230 1027 2294 1076 τὸ

206 1104 546 1169 ἀγαπᾶσθαι
592 1105 686 1154 καὶ
734 1102 879 1173 πρὸς
930 1107 992 1155 τὸ
1034 1108 1244 1170 ἰσχύειν
1280 1108 1374 1157 καὶ
1413 1110 1557 1176 πρὸς
1602 1109 1665 1158 τὸ
1705 1110 1985 1173 τιμᾶσθαι
2021 1111 2114 1160 καὶ
2153 1112 2297 1179 πρὸς

127 1190 174 1233 10
209 1189 273 1237 τὸ
321 1189 394 1258 μὴ
443 1189 937 1258 καταφρονεῖσθαι
986 1187 1222 1259 πλείστη
1276 1191 1391 1240 ἀπὸ
1444 1193 1642 1242 τούτου
1694 1191 1956 1262 ὠφέλεια.
2039 1196 2151 1244 τίνι
2196 1195 2297 1259 μὲν

204 1273 307 1341 γὰρ
333 1270 545 1338 μᾶλλον
572 1273 878 1342 ἄνθρωποι
906 1271 1192 1335 δείσαντες
1216 1275 1534 1343 θαρροῦσιν
1567 1277 1599 1344 ἢ
1631 1273 1771 1343 λόγῳ
1788 1295 1807 1338 ,·
1845 1279 1957 1327 τίνι
1985 1275 2042 1326 δὲ
2081 1275 2295 1343 ἐξυβρίὼ

206 1351 392 1418 ζοντες
426 1358 520 1408 καὶ
556 1358 926 1426 ἐπαιρόμενοι
955 1359 1370 1427 καθαιροῦνται
1393 1360 1488 1409 καὶ
1523 1356 1855 1422 κολάζονται
1866 1379 1885 1422 ,·
1923 1363 2035 1411 τίνι
2074 1359 2132 1411 δὲ
2173 1363 2298 1412 ἐπι-

203 1441 431 1506 θυμιῶν
470 1443 809 1506 ἀπέχονται,·
852 1438 977 1493 τίνα
1019 1439 1077 1492 δὲ
1117 1443 1495 1494 νουθετοῦντα
1544 1447 1857 1515 πρᾳότερον
1898 1449 2167 1516 φέρουσιν
2203 1443 2298 1516 (ἢ)

206 1524 276 1575 οὗ
310 1523 452 1593 λόγῳ
496 1526 926 1596 εύφραίνονται,·
964 1524 1237 1589 πολλάκις
1277 1528 1371 1579 οὖν
1410 1530 1564 1580 ἔστιν
1626 1527 1767 1581 ἰδεῖν
1805 1532 1863 1581 ἐν
1900 1535 2025 1592 ταῖς
2060 1529 2295 1583 πόλεσιν
2335 1539 2365 1590 3

125 1615 174 1657 15
209 1607 612 1672 ἀναλίσκοντας
655 1613 756 1676 μὲν
805 1615 1028 1681 ἑτέρους
1077 1615 1171 1663 καὶ
1211 1609 1612 1682 χαριζομένους
1658 1617 1751 1666 καὶ
1800 1616 2133 1686 ἀναθήμασι
2169 1630 2297 1667 κοσ-

16 1701 460 1760 ι74ΕΠ)μοῦντας,
500 1697 941 1761 ἐπαινουμένους
982 1693 1041 1747 δὲ
1081 1699 1211 1758 τούς
1255 1695 1541 1765 λέγοντας,
1591 1701 1668 1760 ὡς
1717 1701 1810 1750 καὶ
1857 1701 2037 1751 αὐτῶν
2075 1703 2298 1752 ἐκείνων

205 1781 437 1841 αἰτίους.
509 1778 597 1831 διὸ
624 1782 717 1831 καὶ
753 1787 864 1832 τῶν
903 1788 1157 1851 ποιητῶν
1200 1784 1254 1832 οἱ
1292 1782 1658 1852 ἀρχαιότατοι
1694 1785 1787 1834 καὶ
1813 1785 1968 1853 παρὰ
2006 1786 2160 1836 θεῶν
2198 1788 2296 1856 τὴν

206 1866 441 1934 ποίησιν
484 1856 747 1931 λαβόντες
787 1866 912 1917 οὔτε
949 1868 1079 1927 τούς
1119 1868 1378 1936 ἰσχυρούς
1417 1868 1541 1918 οὔτε
1581 1869 1711 1929 τούς
1750 1865 1953 1929 καλούς
2000 1871 2076 1930 ὡς
2118 1871 2293 1931 θεοὺς

206 1949 428 2018 ἔφασαν
480 1951 759 2019 ὁρᾶσθαι,
810 1948 951 2001 ἀλλὰ
1000 1953 1131 2012 τοὺς
1178 1949 1453 2019 λέγοντας.
1600 1956 1688 2003 ὅτι
1735 1955 1835 2018 μὲν
1885 1952 1947 2023 δὴ
1995 1961 2168 2005 ταῦτα
2205 1951 2299 2006 καὶ

124 2041 175 2083 20
213 2036 563 2103 συνεώρακας
580 2037 673 2086 καὶ
693 2034 998 2105 ἐπιχειρεῖς
1021 2039 1309 2106 πράττειν,
1339 2039 1554 2088 ἐπαινῶ
1587 2051 1648 2087 σε
1672 2040 1765 2089 καὶ
1790 2035 2082 2104 θαυμάζει).
2130 2041 2293 2106 χάριν
2332 2046 2365 2095 4

209 2116 268 2169 δὲ
310 2120 372 2168 οὐ
410 2121 508 2190 τὴν
546 2122 820 2184 τυχοῦσαν
863 2117 991 2171 οἶδα
1029 2123 1171 2190 ὑπὲρ
1211 2123 1470 2187 ἐμαυτοῦ,
1509 2125 1597 2172 ὅτι
1626 2140 1694 2188 με
1734 2125 1878 2191 πρὸς
1914 2124 2012 2192 τὴν
2042 2121 2297 2174 διάνοιαν

205 2205 411 2273 ταύτην
458 2203 552 2255 καὶ
601 2206 663 2254 τὸ
711 2206 1007 2275 ἐγχείρημα
1054 2208 1330 2276 χρήσιμον
1383 2205 1567 2274 σαυτῷ
1618 2210 1923 2272 νενόμικας.
1998 2211 2160 2276 μέχρι
2205 2214 2298 2258 νῦν

202 2290 303 2354 μὲν
342 2291 463 2358 γάρ,
505 2290 697 2359 ὥσπερ
748 2306 836 2352 τις
879 2292 987 2361 ἔφη
1029 2297 1141 2342 τῶν
1180 2289 1443 2342 παλαιῶν
1483 2291 1632 2359 αὐτῷ
1675 2294 1861 2353 ἱκανὸς
1900 2291 2047 2343 εἶναι
2081 2295 2297 2358 μάντις,

202 2375 351 2442 κάγώ
401 2372 650 2444 ἐξαρκεῖν
704 2367 858 2445 ᾤμην
907 2375 1127 2443 ἐμαυτῷ
1177 2378 1309 2445 περὶ
1346 2379 1477 2438 τους
1516 2374 1737 2445 λόγους,
1787 2381 1950 2446 μόγις
1986 2381 2079 2429 καὶ
2116 2384 2296 2428 τοῦτο.

127 2460 179 2508 2³
217 2461 282 2508 σύ
323 2457 385 2510 δέ
420 2472 490 2525 με
529 2461 787 2530 ἐπαίρεις
823 2462 916 2511 καὶ
951 2462 1190 2530 θαρρεῖν
1227 2463 1585 2525 ἀναπείθεις,
1625 2464 1675 2512 εἰ
1707 2461 1867 2531 ἀνδρὶ
1902 2465 1995 2514 καὶ
2034 2461 2299 2523 παιδείας

203 2545 304 2595 ἐπὶ
351 2541 622 2596 πλεῖστον
671 2547 862 2615 ἥκοντι
898 2547 991 2597 καὶ
1028 2544 1333 2616 τηλικούτῳ
1378 2545 1619 2612 δύναμαι
1659 2550 1933 2618 χρήσιμος
1971 2547 2131 2599 εἶναι.
2209 2546 2298 2598 δυ-

205 2629 408 2698 ναίμην
448 2622 501 2679 δ’
546 2630 613 2680 ἂν
650 2633 834 2695 τυχόν,
875 2632 1067 2700 ὥσπερ
1109 2629 1238 2682 ὁδὸν
1281 2633 1425 2682 ἰόντι
1455 2630 1605 2697 μάλα
1647 2633 1854 2702 ἰσχυρῷ
1877 2635 1970 2683 καὶ
1996 2629 2298 2698 ἀκμάζοντι

206 2718 345 2774 παῖς
382 2715 417 2783 ἤ
455 2731 542 2775 τις
581 2716 899 2785 πρεσβύτης
937 2717 1116 2767 ἐνίοτε
1155 2719 1354 2782 νομεύς
1389 2718 1665 2783 ἐπίτομον
1706 2715 1892 2780 δείξας
1929 2708 2138 2787 ἢ<καὶ>
2165 2715 2297 2767 λεω-

205 2798 400 2867 φόρον,
440 2800 505 2868 ἣν
547 2799 642 2850 οὐκ
680 2802 867 2866 ἔτυχεν
908 2799 1090 2863 εἰδώς.

343 3039 372 3079 4
400 3035 595 3093 γεννέας
626 3037 675 3080 M
841 3040 867 3081 6
900 3035 946 3083 οἱ
975 3033 1164 3097 ἄριστοι
1194 3037 1289 3082 scil.
1320 3037 1457 3082 Solon
1488 3038 1615 3081 cuius
1645 3049 1800 3081 versus
1829 3041 1976 3080 exstat
2005 3036 2292 3082 notissimum

203 3097 433 3164 γηροῖσκω
462 3101 510 3151 δ’
542 3106 633 3153 αἰεὶ
661 3104 815 3154 πολλὰ
847 3108 1188 3162 διδασκόμενος
1331 3110 1381 3151 10
1414 3101 1592 3165 ω’φέλια
1625 3107 1674 3149 Μ
1791 3110 1838 3150 11
1873 3102 2151 3166 ὑβρίζοντες
2181 3109 2217 3151 Β

218 3178 267 3218 12
298 3180 403 3231 post
432 3177 523 3222 τίνι
560 3177 609 3224 δὲ
646 3178 934 3234 participium
970 3178 1108 3231 (velut
1145 3177 1579 3235 σωφρονισθέντες)
1619 3177 1837 3221 excidisse
1874 3179 1912 3222 si
1952 3180 2095 3221 totum
2132 3179 2293 3223 recita=

204 3246 335 3298 veris,
364 3256 496 3291 aures
526 3246 610 3290 tibi
638 3247 902 3292 indicabunt
1002 3250 1052 3291 13
1083 3248 1312 3306 φέρουσιν
1339 3243 1369 3305 ἦ
1401 3239 1456 3294 οὗ
1486 3244 1616 3309 λόγῳ
1647 3241 1988 3306 εὐφραίνονται
2018 3247 2296 3293 Herwerden

203 3315 430 3375 φέρουσιν
452 3311 507 3364 οὗ
528 3315 656 3378 λόγῳ
680 3312 1029 3376 εὖφραίνοντας
1045 3318 1095 3362 Μ
1115 3318 1343 3378 φέρουσιν
1366 3313 1422 3365 οὗ
1442 3315 1571 3377 λόγῳ
1591 3312 1913 3378 εὐφραίνοντα
1934 3318 2015 3362 UB
2109 3323 2156 3362 14
2178 3321 2296 3377 γοῦν

206 3387 312 3432 Wil.
404 3392 455 3433 15
480 3383 828 3442 ἀναλίσκοντας
849 3390 1057 3442 Casaub„
1090 3382 1492 3443 ἀναδιδάσκοντας
1511 3390 1614 3433 libri
1722 3393 1773 3433 19
1795 3390 1906 3434 haec
1927 3392 2133 3446 spectare
2161 3387 2294 3433 Hom.

207 3457 288 3502 Od.
307 3459 431 3512 VIII,
452 3463 531 3504 173
548 3456 816 3517 ἐρχόμενον
831 3457 874 3505 δ’
892 3453 984 3506 ἀνὰ
1002 3457 1121 3506 ἄστυ
1137 3455 1258 3506 θεὸν
1273 3455 1339 3513 (ὃς
1354 3455 1641 3519 εἰσορόωσιν
1655 3460 1765 3506 vidit
1778 3459 1910 3517 Emp.
1928 3461 1990 3515 (in
2006 3460 2200 3514 schedis)

204 3531 257 3572 20
290 3527 586 3590 συνεόρακας
614 3531 664 3574 Μ
807 3529 1013 3584 ἐπαίνως
1041 3532 1122 3576 καὶ
1151 3530 1200 3573 Μ
1317 3534 1370 3574 23
1401 3548 1470 3584 τις
1501 3556 1552 3562 -
1584 3533 1682 3577 τῶν
1711 3534 1929 3578 παλαιῶν
1959 3531 2053 3576 scil.
2085 3531 2296 3575 Socrates

205 3598 319 3645 Plat.
340 3601 529 3646 Phaedr.
553 3605 692 3646 242c:
728 3601 821 3658 εἰμὶ
851 3605 902 3660 δη
936 3594 1021 3648 οὖν
1040 3598 1207 3657 μάντις
1225 3601 1313 3658 μὲν
1329 3626 1383 3634 —-
1402 3594 1522 3648 ὅσον
1541 3602 1629 3659 μὲν
1648 3600 1840 3664 ἐμαυτῷ
1867 3599 2022 3659 μόνον
2043 3597 2209 3654 ἱκανός

207 3667 339 3733 αὐτῷ
368 3673 416 3715 Μ
532 3668 696 3727 ἱκανὸς
728 3673 939 3717 Goerlitz.
971 3686 1027 3717 ex
1057 3673 1259 3726 Platone,
1288 3668 1440 3726 κακὸς
1469 3673 1548 3718 UB
1577 3677 1739 3727 κακῶς
1767 3674 1817 3718 Μ
1924 3678 1977 3718 24
2006 3671 2146 3731 μόγις
2175 3671 2296 3726 libri,-

204 3737 342 3797 μόλις
371 3743 504 3789 Dind.
624 3748 676 3789 25
707 3738 871 3804 ἀνδρεῑ
899 3744 941 3789 U
1058 3747 1112 3788 28
1141 3746 1222 3789 καὶ
1251 3744 1355 3788 αᾱᾱ.
1385 3744 1658 3789 Herwerden
1773 3748 1826 3789 29
1855 3736 1912 3803 ἦν
1940 3756 2023 3800 pro
2054 3737 2111 3802 ἣν
2142 3742 2181 3787 U
