2684 4140
418 250 487 298 90
1122 233 1326 280 moms
1356 231 1424 277 m
1452 227 1758 275 commoni:
1835 201 1838 204 ’

408 392 545 458 μήτε
581 379 718 454 παρ’
762 384 983 440 ἑαυτοῖς
1018 380 1156 447 μήτε
1193 376 1349 445 παρὰ
1387 378 1509 434 τοῖς
1532 374 1815 440 ἡγεμόσιν.
1879 370 2004 420 οὔτε
2032 369 2133 437 γὰρ
2161 373 2272 418 τῶν
2311 368 2485 434 ἀσυμ-
2512 378 2668 418 (24031

411 473 612 541 φώνων
640 471 822 534 χορῶν
861 456 1046 523 οὐδεὶς
1080 463 1270 511 ἀκούει
1306 457 1520 528 ῥᾳδίως
1555 459 1662 520 ό,τι
1702 454 1955 523 λέγουσιν
1995 454 2120 504 οὔτε
2151 459 2262 503 τῶν
2291 450 2488 523 διαφε-

406 556 652 622 ρομένων
698 546 934 599 πόλεων.
1021 547 1211 613 ὥσπερ
1259 545 1361 613 γὰρ
1411 545 1470 594 έν
1517 541 1623 610 μιᾷ
1675 542 1765 610 νηὶ
1813 537 2092 600 πλέοντας
2144 530 2206 588 οὗ
2250 535 2486 588 δυνατὸν

408 635 566 701 οἶμαι
597 634 768 702 χωρὶς
804 634 1035 683 ἕκαστον
1071 630 1351 698 σωτηρίας
1376 629 1679 695 τυγχάνειν,
1720 616 1844 675 ἀλλ’
1890 626 2004 689 ἅμα
2033 625 2269 686 πάντας,
2310 623 2488 684 οὑτως

340 724 370 774 8
410 713 538 771 οὑδὲ
565 720 694 779 τούς
721 713 1314 782 συμπολιτευομένους.
1362 717 1574 781 πρέπει
1601 710 1659 762 δὲ
1686 713 1815 777 ὑμῖν
1844 707 2079 777 παιδείᾳ
2107 706 2485 779 διαφέροντας
2519 715 2544 755 5

401 806 494 855 καὶ
546 804 713 872 φύσει
756 802 850 851 καὶ
896 799 974 868 τῷ
1025 801 1145 850 ὄντι
1191 799 1463 868 καθαρῶς
1513 799 1677 858 ὄντας
1701 790 1969 866 Ἕλληνας
2017 796 2076 846 ἐν
2116 787 2266 860 αὑτῷ
2306 795 2486 860 τούτῳ

402 891 500 958 τὴν
535 889 895 955 γενναιότητα
934 882 1331 935 ἐπιδεικνύναι.
1550 879 1734 932 πολλὰ
1777 875 1829 932 δ’
1874 882 1941 931 ἂν
1993 878 2154 946 οἶμαι
2193 878 2325 947 περὶ
2361 879 2487 928 τού-

402 990 512 1023 των
550 969 736 1039 ἔλεγον
771 972 864 1021 καὶ
903 971 1047 1040 πρὸς
1082 971 1145 1020 τὸ
1170 970 1416 1037 μέγεθος
1442 975 1541 1039 τῆς
1565 967 1922 1030 ὑποθέσεως,
1962 967 2013 1016 εἰ
2039 967 2112 1035 μὴ
2141 959 2206 1014 τό
2235 981 2297 1014 τε
2327 968 2488 1029 σῶμα

401 1054 603 1126 κομιδῇ
643 1053 872 1126 φαύλως
898 1054 1046 1120 εἶχον
1072 1056 1212 1121 ὑμᾶς
1236 1072 1312 1118 τε,
1353 1056 1493 1123 ὅπερ
1532 1054 1691 1124 ἔφην,
1732 1044 1830 1117 οὐχ
1857 1054 2048 1121 ἑώρων
2078 1048 2486 1114 διενεχθέντας.

405 1135 531 1192 οὐδὲ
569 1141 671 1209 γὰρ
709 1144 928 1207 γέγονεν
953 1132 1150 1208 [οὐδὲν]
1178 1130 1305 1190 οὐδὲ
1347 1141 1551 1208 φύεται
1589 1131 1730 1207 παρ’
1773 1139 1903 1203 ὑμῖν
1941 1143 2105 1187 τοῦτο
2146 1136 2208 1186 τό
2249 1131 2489 1203 νόσημα,
2528 1141 2575 1183 10
2595 1144 2678 1187 (533

405 1223 545 1275 ἀλλὰ
594 1224 732 1286 ἴσως
779 1225 1010 1294 βραχεῖά
1047 1241 1135 1284 τις
1171 1224 1425 1291 ὑποψία,
1473 1217 1605 1293 <ῆς>
1639 1223 1906 1291 καθάπερ
1959 1218 2297 1291 ὀφθαλμίας
2333 1219 2491 1288 παρὰ

406 1316 516 1360 τῶν
554 1311 710 1376 ἐγγὺς
748 1306 1161 1373 ἀπελαύσαμεν.
1247 1307 1424 1360 εἴωθε
1473 1305 1532 1358 δὲ
1571 1313 1736 1358 τοῦτο
1778 1307 2104 1374 συμβαίνειν
2141 1306 2236 1356 καὶ
2273 1303 2341 1373 τῇ
2380 1305 2492 1355 θα-

408 1392 575 1463 λάττῃ
615 1391 911 1454 πολλάκις·
951 1399 1053 1443 τοῦ
1085 1394 1271 1459 βυθοῦ
1295 1390 1639 1453 κλυσθέντος
1666 1394 1905 1462 ἰσχυρῶς
1941 1393 2035 1442 καὶ
2068 1397 2345 1457 χειμῶνος
2384 1387 2493 1452 ἔξω

339 1483 371 1534 9
408 1482 701 1546 γενομένου
740 1475 1013 1538 πολλάκις
1049 1475 1271 1547 ἀδήλως
1317 1479 1634 1548 ἐπεσήμηνε
1680 1479 1773 1528 καὶ
1809 1481 1931 1538 τοῖς
1981 1474 2217 1543 λιμέσιν.
2295 1475 2493 1526 οἴεσθε

406 1565 608 1630 ἀγορᾶς
643 1564 736 1613 καὶ
771 1563 1019 1631 θεάτρου
1055 1564 1148 1613 καὶ
1184 1563 1504 1629 γυμνασίων
1539 1564 1634 1613 καὶ
1673 1569 1851 1613 στοῶν
1889 1563 1982 1613 καὶ
2001 1564 2302 1631 χρημάτων
2340 1559 2489 1612 εἷναί
2524 1566 2571 1608 15

403 1665 460 1697 τι
500 1645 705 1716 ὄφελος
742 1650 864 1707 τοῖς
907 1643 1335 1709 στασιάζουσιν,·
1385 1648 1447 1697 οὐ
1495 1649 1669 1697 ταῦτά
1718 1650 1840 1698 ἐστι
1886 1648 1955 1698 τὰ
1997 1653 2273 1698 ποιοῦντα
2321 1643 2490 1696 πόλιν

402 1728 600 1800 καλήν,
639 1727 779 1780 ἀλλὰ
821 1733 1185 1801 σωφροσύνη,
1227 1729 1422 1801 φιλία,
1469 1734 1532 1782 τὸ
1573 1734 1863 1782 πιστεύειν
1902 1729 2182 1801 ἀλλήλοις.
2257 1734 2389 1782 ὅταν
2429 1728 2488 1781 δὲ

403 1817 501 1884 τὴν
550 1812 755 1885 βουλὴν
802 1819 1039 1885 ψέγητε,
1089 1818 1219 1877 τοὺς
1268 1822 1662 1885 προεστῶτας,
1723 1818 1854 1877 τούς
1903 1814 2340 1884 ἐξειλεγμένους,
2393 1816 2489 1880 οὐχ

406 1901 606 1961 αὑτούς
642 1904 842 1968 ψέγετε
854 1919 874 1963 ;
911 1902 962 1951 εἰ
999 1901 1101 1970 γὰρ
1142 1903 1198 1952 οἱ
1234 1899 1490 1968 βελτίους
1526 1903 1680 1967 ὑμῶν
1708 1903 1822 1952 εἰσι
1849 1903 2108 1971 πονηροί,
2148 1903 2205 1952 τί
2243 1899 2338 1952 δεῖ
2357 1902 2490 1970 περὶ

405 1991 515 2036 τῶν
553 1982 735 2036 ἄλλων
772 1983 1079 2052 ὑπολαβεῖν
1090 2005 1110 2048 ,·
1145 1990 1326 2056 ,ἡμεῖς
1363 1988 1472 2056 ἄρα
1511 1987 1580 2037 τὰ
1621 1988 1802 2038 αὑτῶν
1829 1985 2200 2054 ἀπολέσωμεν
2213 1986 2261 2049 ;‘
2299 1987 2497 2048 οὐθείς
2531 1981 2681 2067 20014113

409 2082 608 2140 φησιν·
658 2064 782 2121 ἀλλ’
838 2071 901 2121 εὑ
947 2070 1066 2122 ἴστε
1114 2075 1202 2122 ὅτι
1249 2074 1308 2123 ἐν
1357 2074 1576 2134 πάσαις
1623 2077 1750 2134 ταῖς
1798 2070 2034 2124 πόλεσίν
2072 2074 2196 2124 ἐστι
2228 2073 2486 2141 χρήματα

409 2153 668 2224 δημόσια,
705 2157 798 2206 καὶ
835 2163 1007 2206 ταῦτα
1049 2158 1268 2222 ἔχουσιν
1307 2158 1466 2221 ἔνιοι,
1505 2159 1654 2219 τινὲς
1689 2160 1790 2224 μὲν
1831 2151 1910 2209 δι’
1954 2159 2202 2226 ἄγνοιαν,
2239 2158 2388 2218 τινὲς
2427 2154 2486 2207 δὲ

409 2237 619 2300 ἄλλως·
654 2242 747 2292 καὶ
785 2238 876 2291 δεῖ
906 2246 1167 2309 προνοεῖν
1203 2244 1297 2293 καὶ
1337 2238 1550 2309 σῴζειν,
1599 2244 1660 2293 οὐ
1698 2247 1894 2308 μέντοι
1929 2243 2069 2309 μετὰ
2109 2243 2321 2311 ἔχθρας
2360 2240 2487 2293 οὑδὲ

407 2325 546 2390 μετὰ
586 2322 875 2395 διαφορᾶς.
953 2325 1108 2377 οὗτοι
1148 2325 1597 2397 φιλοτιμοῦνται,
1638 2326 1912 2390 πολλάκις
1950 2330 2080 2394 ὑμῖν
2120 2322 2262 2397 παρ’
2307 2330 2489 2379 αὑτῶν

330 2416 393 2466 10
413 2411 840 2479 εἰσενηνόχασιν.
915 2413 1149 2463 πείθετε
1189 2414 1406 2477 αύτούς,
1446 2411 1850 2483 παρακαλεῖτε·
1890 2415 1957 2465 ἂν
1995 2415 2366 2473 ἀντιτείνωσι,
2405 2411 2487 2463 δι·
2522 2422 2571 2463 25

406 2492 799 2561 καιολογεῖσθε
837 2497 981 2565 πρὸς
1017 2500 1222 2562 μόνους
1257 2499 1509 2567 μηθενὸς
1547 2501 1831 2567 παρόντος
1870 2496 2102 2561 ἔξωθεν.
2191 2499 2287 2563 οὐχ
2331 2500 2491 2563 ὑμεῖς

408 2581 533 2630 ε’στε
574 2582 629 2630 οἱ
666 2577 935 2641 πολλάκις
972 2583 1334 2645 ἐπαινοῦντες
1371 2588 1514 2654 ἡμᾶς
1555 2577 1633 2636 δι’
1677 2582 1808 2654 ὅλης
1846 2591 1944 2654 τῆς
1969 2587 2196 2654 ἡμέρας,
2236 2585 2367 2644 τοὺς
2392 2584 2493 2648 μὲν

410 2665 658 2733 ἀριστεῖς
698 2664 960 2732 λέγοντες,
999 2670 1128 2729 τοὺς
1169 2667 1226 2719 δὲ
1260 2664 1628 2735 Ὀλυμπίους,
1667 2671 1798 2730 τοὺς
1839 2667 1896 2720 δὲ
1939 2677 2220 2740 σωτῆρας,
2260 2670 2392 2729 τούς
2432 2665 2490 2718 δὲ

555 2850 572 2888 1
604 2842 721 2902 μήτε
751 2840 873 2905 παρ’
905 2845 1090 2902 ἑαυτοῖς
1119 2841 1348 2906 ἡγεμόσιν
1377 2847 1427 2890 Μ
1458 2851 1562 2901 (om.
1591 2843 1710 2906 μήτε
1740 2844 1873 2906 παρὰ
1905 2850 2048 2902 τοῖς),
2077 2839 2196 2906 μήτε
2226 2842 2358 2906 παρὰ
2390 2854 2494 2900 τοῖς

410 2909 634 2973 ἡγεμόσιν
664 2916 783 2961 UBT
813 2921 914 2971 (om.
946 2915 1067 2978 παρ’
1102 2916 1288 2972 ἑαυτοῖς
1316 2916 1466 2977 μήτε),
1494 2924 1641 2964 totum
1669 2918 1790 2963 dedit
1809 2918 1938 2975 Emp.
2026 2914 2137 2964 οὔτε
2157 2916 2253 2977 γὰρ
2283 2940 2338 2950 -
2361 2921 2385 2962 3
2407 2913 2495 2963 πό-

411 2989 532 3031 λεων
561 2987 715 3030 eadem
744 2989 878 3033 verba
907 2989 1115 3045 leguntur
1146 3003 1209 3035 or.
1239 2989 1436 3034 XXXIX
1469 2994 1492 3038 ὅ
1516 2994 1543 3034 4
1630 2985 1926 3047 α’συμφόνων
1955 2988 1994 3032 Τ
2082 2992 2107 3033 2
2137 2985 2330 3036 ἀκούειν
2358 2989 2409 3034 Μ

414 3059 438 3099 3
467 3057 584 3101 malo
614 3054 780 3114 <τοὺς>
807 3057 859 3105 ἐν
888 3063 974 3124 μιᾷ
1002 3061 1214 3117 scribere,
1245 3074 1377 3118 quam
1408 3057 1520 3115 τοὺς
1549 3061 1697 3105 delere
1722 3060 1754 3105 1.
1777 3064 1801 3105 5
1919 3065 1942 3104 5
1976 3060 2140 3122 παιδίᾳ
2170 3059 2218 3103 Μ
2306 3062 2331 3103 9
2363 3072 2494 3116 prae-

413 3126 594 3170 ferremt
627 3123 729 3174 οὐδ’
759 3127 926 3189 ἑώρων
1087 3132 1416 3191 διενεχθέντας
1447 3132 1624 3188 scripsi,
1653 3130 1965 3188 διαμένοντας
1992 3130 2100 3176 libri
2277 3133 2325 3174 10
2359 3124 2496 3176 οὐδὲν

414 3197 520 3241 secl.
551 3197 751 3242 Dindorf.
841 3197 947 3248 οὐδὲ
976 3202 1047 3246 U?
1079 3201 1189 3249 οὔτε
1218 3204 1348 3248 ΜΒΤ
1440 3208 1488 3247 11
1523 3200 1637 3257 ἴσως
1666 3216 1754 3248 om.
1786 3202 1906 3248 UBT
1994 3192 2048 3261 ἧς
2076 3202 2181 3246 ειᾱᾱ.
2215 3201 2408 3246 casaub.

420 3269 469 3309 ¹3
498 3268 783 3322 κλυσθέντος
810 3270 990 3324 Reiske‚
1021 3274 1314 3331 πλησθέντος
1341 3274 1447 3320 libri
1554 3279 1606 3319 14
1638 3270 1828 3320 οἴεσθαι
1858 3274 1906 3318 Μ
1994 3271 2160 3319 οἴεσθε
2190 3297 2246 3304 -
2279 3276 2328 3315 17
2361 3265 2498 3329 ἀλλή-

419 3340 519 3390 λοις
546 3350 704 3394 parum
733 3345 835 3396 apte
869 3341 1144 3396 inferuntur,
1175 3350 1414 3400 postquam
1442 3346 1620 3402 negavit
1650 3345 1912 3391 seditionem
1941 3344 2064 3401 fieri3
2105 3348 2211 3401 apte
2240 3343 2497 3399 legerentur

418 3412 522 3463 post
550 3403 708 3466 ἔχουσι
733 3405 886 3456 κακὸν
912 3425 958 3466 p.
990 3416 1116 3466 91,24
1149 3413 1314 3462 οἴεσθε
1342 3422 1412 3461 ter
1440 3417 1630 3474 repetito
1759 3419 1810 3461 18
1840 3412 2164 3474 ἐξιλεγμένους
2193 3414 2245 3458 Μ
2363 3416 2412 3456 19
2442 3407 2495 3469 δὴ

417 3490 499 3532 P1'0
530 3480 600 3524 δεῖ
624 3478 674 3521 Μ
787 3484 839 3524 20
868 3480 962 3540 γὰρ
991 3477 1022 3528 ἃ
1052 3497 1133 3539 pro
1165 3482 1260 3544 ἄρα
1290 3486 1338 3530 Μ
1454 3482 1612 3534 αὐτῶν
1641 3487 1757 3542 libri,
1791 3500 1907 3531 corr.
1936 3486 2072 3542 Emp.
2189 3479 2496 3539 ἀπολέσομεν

419 3546 497 3591 TU
528 3560 556 3591 a
583 3562 641 3593 m.
671 3561 758 3594 sec.
847 3554 898 3595 21
931 3547 1036 3599 ἔστε
1066 3554 1103 3596 Τ
1192 3558 1243 3599 22
1273 3559 1354 3602 καὶ
1383 3561 1532 3604 ταῦτα
1562 3572 1645 3615 pro
1674 3558 1862 3602 relativo
1892 3555 2159 3614 pronomine
2189 3554 2495 3610 neglegentius

420 3616 586 3733 ‘11⁶th
634 3688 683 3731 M
755 3622 809 3664 24
840 3616 996 3667 αὐτῶν
1023 3623 1139 3678 libri,
1173 3638 1287 3671 corr.
1320 3627 1450 3684 Emp.
1624 3632 1678 3672 25
1711 3624 2034 3686 εἰσενηνόχασι
2067 3624 2105 3670 Τ
2259 3626 2496 3669 δικαιολο-

420 3703 521 3743 γεισ
559 3705 605 3732 αι
