2684 4140
269 639 332 688 10

358 242 460 289 192
1019 229 1225 276 DIONIS
1256 227 1340 272 DE
1371 224 1773 272 DIFFIDENTIA

361 382 484 434 λίαν
523 379 580 431 δὲ
617 377 821 445 μυρίαν
857 376 951 426 καὶ
987 375 1214 434 πόνους,
1251 372 1346 422 καὶ
1372 368 1646 433 πολλάκις
1684 365 1812 422 οὐδὲ
1848 374 2013 441 χάρις
2053 366 2178 424 οὐδ’
2219 377 2450 444 ἡτισοῦν

357 468 670 516 συνέπεται.
748 457 1022 519 πολλάκις
1062 455 1120 507 δὲ
1162 456 1459 522 συμβαίνει
1497 450 1638 526 παρ’
1683 450 1866 507 αὐτῶν
1892 455 2000 507 τῶν
2040 458 2104 508 εὖ
2139 461 2451 511 παθόντων

356 550 542 600 αἰτίαν
581 548 741 611 ἔχειν,
781 547 857 606 ὡς
898 538 959 594 οὗ
1003 541 1235 603 δικαίως
1274 534 1403 592 οὐδὲ
1441 541 1713 610 καθαρῶς
1753 544 1978 593 ἅπαντα
2018 541 2357 605 ἀποδόντας.

494 633 552 682 τί
602 628 666 702 δὴ
718 627 1058 697 βουλόμενος
1105 633 1279 678 ταῦτα
1329 628 1435 694 ἐγὼ
1487 625 1758 698 διῆλθον,·
1807 621 1869 679 οὗ
1910 629 2013 698 γάρ
2056 627 2119 699 δὴ
2160 627 2448 680 νουθετων

354 731 414 768 σε
452 717 717 785 τοιαύτην
755 715 1062 765 νουθεσίαν
1102 706 1231 763 οὐδὲ
1271 713 1616 782 ἀποτρέπων
1653 720 1757 764 τοῦ
1792 715 1999 765 πιστὸν
2048 713 2210 765 εἶναι.
2297 711 2444 764 πολὺ
2484 726 2507 764 5
2534 711 2677 796 (ΒξῧΨ

353 803 456 871 γάρ
496 802 563 852 ἂν
601 799 720 869 εἴην
760 805 863 850 τοῦ
896 799 1095 869 Ζήθου
1137 795 1486 868 φαυλότερος
1523 804 1757 849 τοιαῦτα
1785 799 2082 865 ἐπιτιμῶν,
2125 801 2202 860 ὡς
2240 801 2450 862 ἐκεῖνος
2675 793 2677 831 ³

351 886 644 937 ἐνουθέτει
691 887 787 936 τὸν
826 881 1104 953 ἀδελφόν,
1155 876 1253 934 οὐκ
1299 880 1473 946 ἀξιῶν
1524 881 1867 954 φιλοσοφεῖν
1919 877 2087 935 αὐτὸν
2139 877 2267 935 οὐδὲ
2320 886 2452 954 περὶ

353 973 624 1042 μουσικήν
665 969 1002 1040 διατρίβειν,
1053 971 1300 1020 ἐάσαντα
1339 971 1438 1040 τήν
1475 968 1589 1020 τῶν
1628 967 1790 1020 ἰδίων
1829 967 2186 1036 ἐπιμέλειαν·
2240 970 2349 1039 ἔφη
2392 967 2450 1020 δὲ

351 1050 521 1108 αὐτὸν
571 1058 789 1107 ἄτοπόν
838 1074 963 1107 τινα
1016 1056 1111 1106 καὶ
1158 1056 1492 1125 ἀσύμφορον
1528 1061 1746 1121 μοῦσαν
1792 1056 2056 1122 εἰσάγειν.
2150 1056 2342 1123 ὥσπερ
2384 1055 2450 1105 ἂν

344 1144 507 1208 τυχὸν
555 1141 714 1193 εἴποι
759 1159 848 1203 τις
894 1142 989 1192 καὶ
1037 1142 1097 1191 σὲ
1135 1142 1400 1210 τοιαύτην
1439 1141 1813 1210 προῃρῆσθαι
1851 1137 2083 1210 πρᾶξιν,
2139 1133 2235 1190 οὐκ
2273 1141 2441 1208 ἀργὸν
2482 1148 2527 1190 10

352 1220 479 1280 οὐδὲ
521 1225 782 1299 φίλοινον
810 1220 1087 1293 οὐδαμῶς,
1121 1228 1422 1296 χρημάτων
1447 1230 1642 1292 μέντοι
1667 1224 1779 1277 τῶν
1807 1228 1980 1277 αὐτοῦ
2004 1223 2251 1296 ἀτημελῆ
2283 1225 2449 1287 ἴσως·

348 1316 442 1365 καὶ
478 1316 540 1385 νὴ
581 1314 696 1364 Δία
737 1311 889 1381 λέγοι
927 1314 994 1364 ἂν
1029 1314 1123 1364 καὶ
1159 1309 1288 1362 τόδε
1326 1314 1390 1362 τὸ
1430 1312 1595 1373 ἔπος”

764 1396 825 1462 ἐξ
863 1397 939 1449 ὧν
975 1401 1223 1449 κενοῖσιν
1262 1398 1679 1467 ἐγκατοικήσεις
1718 1394 1931 1462 δόμοις.

1228 1550 1567 1557 .—.--—-...—

857 1694 977 1758 (57)
1029 1689 1286 1755 ΠΕΡΙ
1336 1689 1867 1755 ΑΠΙΣΤΙΑΣ.

490 1894 558 1944 A.
582 1887 919 1944 Ἐπίστασαί
950 1908 1108 1952 τινας
1144 1888 1249 1961 ἤδη
1287 1888 1599 1958 βλαβέντας
1635 1892 1748 1941 ὑπὸ
1788 1888 2039 1958 ἐχθρῶν,·
2076 1918 2147 1927 -
2170 1888 2308 1951 Πῶς
2345 1889 2448 1958 γάρ

355 1979 451 2042 ού,·
490 2005 557 2013 -
593 1980 662 2029 A.
695 1979 766 2029 Τί
805 1975 895 2039 δέ,·
931 1977 1044 2027 ὑπὸ
1084 1974 1195 2026 τῶν
1231 1973 1588 2041 καλουμένων
1629 1972 1812 2045 φίλων
1848 1976 1942 2026 καὶ
1983 1976 2247 2045 συνήθων
2286 1965 2319 2044 ἢ
2356 1975 2451 2025 καὶ
2491 1984 2539 2025 15

347 2066 460 2115 ὑπὸ
503 2062 775 2131 συγγενῶν
814 2080 1009 2125 τινων,
1059 2062 1243 2122 ἐνίους
1292 2058 1350 2111 δὲ
1388 2062 1482 2112 καὶ
1518 2062 1630 2111 ὑπὸ
1670 2059 1781 2111 τῶν
1819 2061 2074 2128 ἔγγιστα,
2116 2057 2377 2130 ἀδελφῶν
2415 2049 2448 2129 ἢ
2475 2073 2627 2115 1636111)
2680 2088 2681 2122 ÷

346 2148 482 2200 υἱῶν
519 2168 551 2218 η
592 2152 885 2218 πατέρων,-
931 2139 1230 2214 -Ἔγωγε
1270 2143 1532 2206 πολλούς.
1582 2173 1653 2180 -
1689 2147 1758 2196 A.
1804 2147 1905 2207 Τίς
1944 2146 2039 2196 οὖν
2077 2150 2109 2216 ή
2153 2147 2325 2208 αἰτία,
2368 2138 2446 2195 δι’
2679 2130 2681 2134 ⁴

348 2235 414 2303 ἢν
456 2235 517 2284 οὐ
555 2236 727 2300 μόνον
768 2235 824 2283 οἱ
860 2234 1061 2301 ἐχθροι
1097 2233 1228 2293 τούς
1265 2232 1508 2300 ἐχθρούς
1547 2228 1854 2294 ἀδικοῦσιν,
1895 2228 2036 2280 ἀλλὰ
2076 2232 2168 2281 καὶ
2208 2231 2263 2280 οἱ
2302 2227 2452 2297 λεγό-

346 2337 509 2387 μενοι
550 2317 711 2390 φίλοι
749 2315 1022 2388 ἀλλήλους
1057 2319 1152 2368 καὶ
1176 2319 1237 2387 νὴ
1266 2317 1382 2367 Δία
1411 2313 1616 2366 πολλοὶ
1640 2318 1734 2367 καὶ
1758 2322 1869 2367 τῶν
1898 2317 2075 2377 οὕτως
2103 2316 2448 2383 ἀναγκαίων,·

349 2433 412 2441 -
453 2402 642 2476 Δῆλον
693 2406 769 2465 ὡς
805 2407 837 2471 ή
875 2404 1038 2454 κακία
1077 2408 1188 2452 τῶν
1228 2402 1583 2471 ἀνθρώπων,
1633 2395 1736 2471 ὑφ’
1779 2401 1844 2472 ής
1882 2403 2115 2462 ἕκαστος
2155 2399 2316 2465 οἶμαι
2351 2401 2445 2450 καὶ
2483 2413 2529 2454 20

349 2492 516 2552 αὐτός
554 2492 707 2541 ἐστιν
747 2488 895 2556 αὐτῷ
935 2486 1223 2556 βλαβερός.
1267 2514 1328 2522 -
1370 2488 1437 2537 A.
1477 2487 1710 2548 Πάντας
1749 2488 1857 2556 ἄρα
1909 2485 2002 2538 δεῖ
2039 2482 2188 2556 [τούς
2229 2479 2448 2556 φίλους]
2465 2498 2662 2542 (394311)

349 2569 447 2627 ἐπ’
493 2574 619 2645 ἴσης
660 2572 1054 2645 φυλάττεσθαι
1090 2575 1183 2624 καὶ
1218 2574 1291 2643 μή
1333 2574 1624 2623 πιστεύειν
1663 2570 1837 2641 μηδὲν
1867 2570 2097 2638 μᾶλλον,
2137 2572 2238 2622 κᾶν
2279 2568 2447 2641 φίλος

350 2663 382 2732 ἢ
438 2662 688 2731 συνήθης
735 2662 766 2730 ἢ
818 2662 963 2729 πρὸς
1002 2660 1240 2725 αἵματος
1279 2657 1425 2709 εἶναι
1464 2655 1598 2727 δοκῇ
1611 2676 1630 2720 ,·
1681 2685 1746 2693 -
1786 2659 2046 2722 Πάντας,
2098 2659 2175 2718 ὡς
2215 2657 2246 2706 ὁ
2286 2653 2447 2723 λόγος

351 2745 514 2808 οὗτός
543 2761 736 2817 φησιν.
763 2773 832 2781 —-
857 2747 925 2796 A.
955 2744 1166 2796 Οὐκοῦν
1194 2745 1387 2813 ὀρθῶς
1413 2744 1658 2811 ἔγραψεν
1687 2745 1717 2793 ὁ
1742 2750 1906 2794 τοῦτο
1933 2746 2161 2813 γράψας
2188 2743 2250 2792 τὸ
2279 2742 2445 2801 ἔπος·

489 2838 633 2902 νᾶφε
670 2832 763 2882 καὶ
800 2823 1043 2897 μέμνασ’
1087 2831 1378 2880 ἀπιστεῖν·
1420 2829 1611 2897 ἄρθρα
1651 2835 1822 2879 ταῦτα
1861 2834 1958 2880 τᾶν
2000 2833 2250 2899 φρενῶν,·
2477 2840 2524 2880 25

489 3015 513 3055 3
545 3005 832 3058 ἀποδόντων
860 3009 965 3054 libri
993 3011 1080 3063 (ων
1111 3022 1166 3053 ex
1197 3025 1227 3054 α
1257 3008 1326 3065 Ρ),
1358 3002 1634 3061 ἀποδόντας
1654 3008 1787 3065 Emp.
1877 3013 1901 3053 5
1933 3004 2156 3067 τοιαύτην
2187 3007 2446 3053 νουθεσίαν

346 3085 558 3139 suspecta
679 3085 704 3125 6
726 3081 838 3126 Eur.
859 3081 989 3136 frgm.
1015 3083 1110 3124 184.
1137 3082 1215 3124 188
1237 3079 1294 3124 N.
1329 3079 1431 3124 Wil.
1455 3079 1510 3123 de
1529 3085 1642 3135 trag.
1664 3092 1727 3136 gr.
1747 3078 1879 3136 frgm.
1909 3094 1953 3136 p.
1977 3083 2031 3123 25
2148 3083 2173 3123 8
2196 3079 2444 3137 ὃιατρίβην

347 3153 385 3198 U
401 3167 457 3197 m.
476 3167 544 3209 pr.
646 3157 671 3196 9
703 3149 763 3199 ἂν
784 3148 928 3210 τυχὸν
947 3147 1009 3198 ἀν
1028 3150 1159 3194 PHM
1249 3155 1302 3195 10
1324 3147 1430 3209 εἷ’πη
1452 3150 1486 3194 P
1575 3147 1798 3209 τοιαύτην
1819 3164 1904 3195 om.
1928 3151 1970 3196 U
2065 3151 2385 3209 προειρῆσθαι
2408 3149 2445 3192 Β

348 3226 651 3283 προηρῆσθαι
682 3226 726 3282 (η
744 3224 868 3280 prius
889 3236 916 3267 a
938 3229 1072 3276 corr.)
1093 3222 1134 3267 U
1228 3226 1272 3266 11
1300 3216 1447 3268 αὐτοῦ
1465 3221 1594 3266 ΡΒΜ
1685 3225 1736 3265 13
1757 3223 1893 3268 κενοί
1922 3221 2040 3268 εἰσιν
2061 3222 2112 3273 Β,
2143 3221 2259 3264 idem
2289 3218 2376 3262 fuit
2397 3218 2444 3261 in

351 3294 388 3339 U
421 3307 523 3339 am.
546 3307 615 3350 pr.
703 3294 961 3350 inscriptio:
994 3297 1103 3354 περὶ
1134 3294 1390 3349 στρατείας
1421 3294 1455 3336 P
1551 3297 1603 3336 14
1633 3290 1864 3339 ἐπίστασε
1896 3293 1945 3337 Μ
2036 3296 2087 3336 15
2118 3293 2166 3337 τί
2194 3293 2269 3337 δαὶ
2299 3290 2378 3335 ΠΒ

354 3370 401 3409 16
433 3368 531 3411 τῶν
561 3367 800 3423 συγγενῶν
827 3366 931 3410 libri
959 3368 1137 3421 praeter
1167 3366 1218 3409 M
1375 3367 1455 3412 καὶ
1485 3358 1704 3422 ἀδελφῶν
1736 3365 1772 3407 Β
1922 3368 1972 3408 17
2003 3365 2084 3409 καὶ
2113 3375 2197 3420 pro
2227 3381 2254 3420 η
2284 3361 2327 3404 Η

352 3441 403 3482 18
436 3435 481 3482 οἱ
502 3450 588 3481 om.
610 3436 690 3479 PH
804 3440 850 3480 19
874 3430 1092 3494 ἀλλήλοις
1114 3437 1155 3480 H
1243 3430 1522 3496 ἀναγκαίων
1551 3460 1607 3469 —-
1636 3431 1667 3494 ἢ
1695 3429 1788 3482 ὕπὸ
1822 3436 1919 3480 τῶν
1946 3434 1978 3480 1.
2008 3447 2054 3490 p.
2082 3436 2173 3485 193,
2199 3436 2224 3476 9
2253 3432 2298 3474 in
2328 3443 2438 3485 mrg.

350 3507 497 3562 suppl.
530 3506 578 3549 M
695 3509 744 3549 21
778 3503 877 3551 ἐστι
906 3503 1151 3566 βλαβερὸς
1180 3503 1311 3568 αὐτῷ
1340 3508 1388 3550 Μ
1476 3499 1573 3567 ἀρα
1604 3506 1646 3549 Η
1732 3501 1844 3558 τοὺς
1874 3505 2042 3563 φίλους
2072 3503 2176 3548 secl.
2207 3500 2368 3556 Pflugk

350 3581 404 3621 22
434 3573 497 3635 μὴ
529 3590 613 3621 om.
646 3576 696 3620 M
809 3575 900 3623 κᾶν
930 3578 1139 3631 casaub„
1169 3573 1198 3636 ἢ
1230 3574 1289 3624 ἄν
1318 3577 1422 3622 libri
1539 3581 1591 3622 23
1624 3572 1749 3634 πρὸς
1779 3589 1868 3621 om.
1900 3575 1981 3620 UB
2099 3571 2124 3619 ὁ
2157 3585 2242 3617 om.
2276 3571 2325 3614 M

350 3651 401 3691 25
434 3644 563 3704 μάθε
592 3660 673 3703 pro
706 3650 828 3705 νᾶφε
859 3647 932 3691 ΒΡ
962 3648 1080 3692 idem
1109 3648 1196 3692 fuit
1225 3650 1271 3692 in
1302 3649 1339 3693 U
1373 3662 1400 3693 a
1429 3663 1487 3692 m.
1517 3661 1582 3705 pr.
1684 3649 1894 3706 μέμνησο
1925 3645 2043 3700 libri,
2074 3657 2190 3689 corr.
2221 3643 2351 3699 Emp.

349 3722 497 3765 ταῦτα
515 3731 601 3763 om.
618 3719 666 3762 M
744 3713 833 3765 τάν
849 3718 888 3763 U
910 3713 968 3765 τὰ
985 3718 1028 3761 Η
1105 3722 1288 3778 φρενᾶν
1306 3721 1343 3763 Β
1421 3720 1722 3776 fragmentum
1737 3716 2001 3774 Epicharmi
2021 3728 2065 3771 p.
2083 3717 2165 3758 260
2182 3712 2237 3757 fr.
2261 3717 2307 3756 17
2327 3713 2436 3757 Lor.
