2684 4140
350 252 452 303 122
1104 241 1308 288 moms
1338 241 1423 286 DE
1451 239 1662 285 REGNo

275 397 309 447 4
347 410 450 444 ποι
487 390 727 451 δέονται)
778 379 909 437 οἶδέ
952 402 1011 453 γε
1060 391 1171 435 τῶν
1215 390 1400 453 χορῶν
1437 386 1568 445 τούς
1614 385 1961 453 κορυφαίους
1998 385 2246 452 τυγχάνω
2297 401 2433 435 πυν-

344 476 686 539 θανόμενος,
738 471 943 530 οἵτινες
979 466 1306 531 καλοῦνται,
1354 469 1486 529 τούς
1526 469 1902 538 σημαίνοντας
1940 472 2062 531 τοῖς
2101 462 2305 535 ᾄδουσι
2343 471 2434 520 καὶ

342 556 510 625 μέλος
550 553 898 617 ἐνδιδόντας,
949 546 1077 604 οὐδὲ
1127 554 1260 614 τοὺς
1307 558 1418 604 τῶν
1470 555 1804 619 συμποσίων
1851 556 2152 624 ἡγεμόνας,
2205 544 2328 605 οὐδ’
2383 553 2442 605 εἴ

343 659 492 703 τινες
529 637 692 690 ἄλλοι
727 642 932 708 μέρους
970 638 1298 707 ἀνθρώπιον
1337 639 1482 707 πρὸς
1519 639 1654 704 μίαν
1700 635 1908 707 πρᾶξιν
1945 639 1976 708 ἢ
2012 642 2214 708 χρόνον
2265 641 2434 708 ῥητὸν

344 722 671 791 ἐπιμέλειάν
721 740 846 774 τινα
892 723 923 792 ἢ
976 723 1146 792 ἀρχὴν
1198 719 1610 788 λαμβάνουσιν·
1659 720 1799 774 ἀλλὰ
1848 724 1980 785 τούς
2027 715 2162 775 αὐτό
2210 740 2270 791 γε
2317 729 2429 774 τῶν
2466 735 2490 773 5

343 810 669 878 ἀνθρώπων
712 809 984 877 ἄρχοντας
1033 803 1486 874 πολιτευομένων
1534 809 1628 860 καὶ
1676 811 2094 877 γεωργούντων,
2144 810 2211 860 ἂν
2261 810 2440 871 οὕτως

341 896 567 961 τύχωσι,
601 894 696 944 καὶ
724 893 999 960 βιούντων
1026 889 1240 955 ἁπλῶς,
1280 894 1357 955 ὡς
1383 894 1570 961 Κῦρός
1595 910 1656 945 τε
1681 895 1920 963 Περσῶν
1947 890 2079 964 ἦρχε
2101 896 2196 948 καὶ
2221 892 2439 965 Μήδων

341 979 588 1050 Δηιόκης
622 979 718 1029 καὶ
740 971 936 1048 Ἕλλην
973 983 1084 1028 τῶν
1125 970 1203 1028 δι’
1247 970 1415 1029 αὐτὸν
1442 979 1882 1044 ὀνομασθέντων
1922 980 2017 1033 καὶ
2042 977 2265 1045 Αἰόλος
2291 978 2439 1032 Αἰο-

345 1061 484 1115 λέων
504 1065 597 1115 καὶ
615 1064 816 1132 Δῶρος
833 1064 1106 1133 Δωριέων
1125 1064 1219 1114 καὶ
1237 1065 1437 1130 Νόμας
1451 1057 1736 1130 Ῥωμαίων
1755 1066 1849 1116 καὶ
1867 1062 2166 1133 Δάρδανος
2189 1067 2439 1134 Φρυγῶν.

277 1151 308 1201 5
347 1177 412 1185 -
446 1142 600 1203 Ἀλλ’
646 1141 806 1200 οὐδὲν
842 1150 979 1220 ἤρου
1012 1146 1288 1215 χαλεπόν·
1324 1151 1533 1211 πάντες
1569 1151 1672 1220 γὰρ
1713 1148 1898 1214 οὗτοι,
1940 1152 2036 1212 οὓς
2075 1152 2140 1200 σύ
2181 1156 2274 1200 νῦν
2313 1150 2436 1200 ὀνο·
2473 1159 2520 1202 10

342 1231 552 1300 μάξεις,
591 1231 847 1302 βασιλεῖς
884 1231 1180 1285 ἐκαλοῦντο
1217 1235 1313 1286 καὶ
1347 1232 1515 1305 ἦσαν·
1553 1237 1647 1286 καὶ
1682 1239 1714 1304 ἡ
1755 1237 1890 1307 ἀρχὴ
1934 1236 2100 1305 αὕτη,
2141 1235 2206 1304 ἢν
2247 1231 2440 1302 λέγεις,

344 1321 407 1370 τὸ
445 1316 697 1371 καθόλου
737 1320 1064 1389 ἀνθρώπων
1102 1321 1292 1389 ἄρχειν
1327 1321 1421 1372 καὶ
1457 1321 1783 1374 ἐπιτάττειν
1821 1322 2164 1392 ἀνθρώποις
2202 1310 2442 1372 ἀνυπεύ·

344 1404 522 1455 θυνον
570 1405 700 1455 ὄντα
729 1402 1011 1471 οβασιλεία
1058 1403 1328 1457 καλεῖται.
1368 1435 1440 1444 —-
1474 1406 1542 1458 A.
1578 1407 1655 1459 Σὺ
1695 1408 1804 1477 ἄρα
1853 1400 1952 1473 οὐχ
1999 1411 2106 1477 ἡγῇ
2141 1402 2438 1473 βασιλείαν
2464 1414 2675 1459 (2921311)

345 1490 444 1559 τὴν
499 1494 612 1540 τῶν
652 1482 1027 1558 Ἡρακλειδῶν
1084 1492 1143 1541 ἐν
1200 1489 1597 1557 Λακεδαίμονι
1654 1499 1925 1544 τοσοῦτον
1983 1489 2442 1560 βασιλευσάντων

339 1575 572 1641 χρόνον,·
618 1575 821 1641 ἐκεῖνοι
866 1575 969 1644 γὰρ
1011 1567 1075 1625 οὗ
1125 1577 1312 1626 πάντα
1351 1577 1632 1645 ἔπραττον
1683 1579 1760 1640 ὡς
1798 1569 1991 1639 αὐτοῖς
2037 1575 2245 1639 ἐδόκει,
2296 1572 2437 1625 ἀλλὰ
2477 1585 2522 1626 15

280 1661 312 1711 6
352 1659 484 1725 περὶ
520 1654 748 1708 πολλῶν
785 1659 1067 1727 ὑπήκουον
1106 1663 1228 1720 τοῖς
1254 1661 1504 1730 ἐφόροις,
1544 1663 1634 1712 ὅτε
1669 1666 1907 1731 κατέστη
1937 1668 2101 1712 τοῦτο
2129 1664 2192 1712 τὸ
2222 1662 2445 1728 ἀρχεῖον

345 1743 402 1791 ἐν
450 1742 711 1811 Σπάρτῃ,
767 1741 1119 1808 Θεοπόμπου
1169 1742 1675 1811 βασιλεύοντος**
1702 1743 1729 1773 *
1756 1749 1902 1816 πρὸς
1949 1749 2232 1810 ἐνιαυτόν,
2284 1744 2444 1797 οὐδὲν

344 1826 511 1896 ἧττον
549 1827 815 1896 ἐκράτουν
853 1833 964 1879 τῶν
1011 1826 1323 1896 βασιλέων·
1375 1831 1520 1880 ὥστε
1568 1832 1664 1882 καὶ
1699 1832 2034 1883 Παυσανίαν
2081 1833 2178 1882 τὸν
2227 1827 2549 1897 Kampe-(566
2571 1842 2622 1882 Μ)

344 1911 547 1981 βρότου
587 1913 683 1963 τὸν
721 1915 1023 1983 νικήσαντα
1061 1911 1420 1967 Πλαταιᾶσιν
1459 1913 1759 1983 ἐβούλοντο
1806 1919 1909 1984 μὲν
1958 1918 2040 1979 εἰς
2087 1918 2186 1986 τὴν
2225 1917 2443 1987 εἱρκτὴν

343 1995 621 2064 ἐμβαλεῖν,
659 2002 1052 2069 καταφυγόντα
1093 1998 1152 2051 δὲ
1193 2003 1274 2063 εἰς
1312 2003 1375 2053 τὸ
1404 2009 1502 2073 τῆς
1521 1994 1771 2072 Ἀθηνᾶς
1811 2003 1960 2071 ἱερὸν
1987 2003 2161 2054 αὐτοῦ
2184 2002 2442 2055 ἀπέκτει-
2479 2010 2527 2052 2ο

345 2099 473 2147 ναν,
519 2085 613 2134 καὶ
652 2082 811 2135 οὐδὲν
851 2086 1018 2137 αὐτὸν
1056 2088 1269 2156 ὤνησεν
1310 2087 1435 2139 οὔτε
1474 2089 1563 2140 ὅτι
1598 2092 1792 2156 γένους
1828 2085 1894 2158 ῆν
1931 2092 2043 2141 τῶν
2072 2080 2447 2155 Ἡρακλειδῶν

351 2168 475 2219 οὔτε
513 2172 601 2219 ὅτι
639 2168 820 2221 παῖδα
869 2173 1246 2241 ἐπετρόπευεν
1298 2173 1423 2224 οὔτε
1472 2175 1561 2226 ὅτι
1609 2181 1708 2245 τῆς
1741 2166 2002 2234 Ἑλλάδος
2051 2173 2281 2242 ἁπάσης
2317 2173 2447 2242 ήγήφ

285 2241 315 2290 7
357 2266 511 2318 σατο,
553 2256 615 2305 οὐ
653 2258 824 2321 μόνον
861 2264 959 2328 τῆς
996 2260 1278 2329 Σπάρτης.
1353 2260 1586 2328 ὕστερον
1626 2256 1685 2314 δὲ
1719 2250 2053 2329 Ἀγησίλαον
2092 2254 2447 2323 πολεμοῦντα

348 2337 582 2403 βασιλεῖ
609 2339 688 2407 τῷ
725 2340 944 2409 μεγάλῳ
984 2346 1077 2394 καὶ
1115 2347 1247 2414 περὶ
1283 2343 1522 2415 Σάρδεις
1560 2348 1882 2416 νενικηκότα
1920 2346 2066 2412 μάχῃ
2111 2342 2212 2395 Ικαὶ
2247 2345 2447 2413 κρατή-

353 2437 525 2477 σαντα
565 2427 753 2495 πάσης
790 2434 888 2498 τῆς
924 2431 1073 2480 κάτω
1108 2423 1303 2492 Ἀσίας
1328 2432 1612 2501 ὑπηρέτην
1650 2435 1983 2499 πέμψαντες
2021 2426 2252 2480 ἐκάλουν
2291 2421 2434 2496 παρ’
2479 2437 2525 2478 25

351 2511 577 2573 αὐτούς·
625 2513 718 2562 καὶ
755 2513 817 2575 ὃς
867 2512 1131 2581 οὐδεμίαν
1168 2520 1380 2587 ἡμέραν
1429 2514 1759 2584 ἀνεβάλετο,
1808 2517 2095 2566 τοσούτων
2132 2516 2234 2580 μὲν
2267 2507 2447 2585 Ἑλλή-

350 2612 486 2660 νων,
535 2599 818 2650 τοσούτων
871 2597 929 2650 δὲ
977 2601 1278 2671 βαρβάρων
1325 2603 1566 2671 γεγονώς
1615 2604 1821 2672 κύριος.
1919 2601 2015 2652 οὐκ
2077 2602 2186 2669 ἄρα
2235 2601 2446 2670 ὑπῆρχε

497 2856 515 2895 1
551 2849 1039 2911 πυνθανόμενόμενος
1067 2853 1190 2907 (εἰοῑ)
1221 2853 1257 2898 P
1373 2858 1399 2897 4
1430 2850 1567 2899 ἄλλοι
1597 2852 1760 2909 scripsi
1789 2848 1937 2899 ἄλλου
1967 2850 2069 2895 libri
2187 2855 2211 2894 5
2241 2845 2272 2908 ἦ
2300 2847 2449 2897 ἄλλου

351 2918 501 2982 ἀρχὴν
530 2924 571 2968 U
744 2916 804 2971 αὖ
843 2921 957 2972 τότε
986 2925 1026 2970 U
1059 2916 1118 2972 αὖ
1157 2941 1269 2971 τοτε
1300 2926 1337 2969 Β
1370 2918 1543 2972 αὖτότε
1574 2924 1623 2968 Μ
1666 2915 1727 2969 αὖ
1754 2923 1874 2970 ποτὲ
1903 2922 1946 2966 Η
1988 2913 2047 2969 αὖ
2076 2937 2197 2968 ποτε
2226 2920 2288 2978 P,
2327 2915 2446 2967 αὐτὸ

349 2997 492 3041 τοῦτο
524 2995 697 3051 Pflugk‚
727 2999 776 3040 at
805 2995 975 3040 sufficit
1005 2991 1122 3043 αὐτό
1154 3013 1208 3055 γε
1388 3000 1413 3038 6
1443 2992 1472 3054 ἢ
1501 2991 1847 3055 γεωργούντων
1876 2993 1957 3037 ΡΗ
2130 2984 2256 3038 οὕτω
2289 2992 2325 3034 Β

352 3069 375 3108 7
406 3078 567 3111 rasura
596 3071 700 3121 post
727 3083 780 3113 τε
810 3067 853 3112 H
1027 3071 1051 3112 8
1075 3062 1309 3126 Ἑλλήνων
1349 3070 1447 3113 τῶν
1476 3067 1566 3112 ΒΜ
1597 3081 1654 3111 m.
1685 3079 1753 3123 pr.
1785 3065 1826 3110 U
1856 3078 1914 3109 m.
1942 3077 2011 3120 pr.
2167 3056 2285 3108 αὐτὸ
2318 3062 2449 3107 BMU

351 3149 395 3178 m
431 3150 498 3193 pr.
530 3131 688 3183 αὐτῶν
716 3137 751 3182 Ρ
772 3151 828 3184 m.
851 3151 920 3195 pr.
1066 3133 1132 3193 ὡς
1160 3152 1244 3196 pro
1272 3141 1353 3185 καὶ
1383 3143 1488 3184 ante
1518 3136 1695 3191 Αἴολος
1725 3137 1804 3183 UB
1950 3139 1975 3179 9
2007 3135 2248 3193 δωριαίων
2278 3133 2325 3177 Μ

356 3205 586 3265 ῥωμαίων
614 3221 699 3253 om.
730 3208 765 3252 P
886 3215 932 3254 11
967 3206 1080 3269 αὐτή
1114 3210 1191 3255 UB
1312 3214 1363 3255 12
1394 3206 1546 3270 ἄρχην
1576 3210 1610 3253 P
1707 3203 1872 3262 αὐτοῖς
1901 3220 1984 3264 pro
2015 3201 2295 3265 ἀνθρώποις
2324 3203 2363 3248 U

359 3281 410 3323 13
440 3278 639 3337 βασιλέα
670 3279 746 3324 ΡΒ
874 3284 924 3324 14
954 3284 1051 3327 τῶν
1080 3294 1167 3327 om.
1199 3281 1243 3325 H
1392 3285 1441 3326 16
1470 3284 1553 3328 καὶ
1584 3272 1667 3328 ὅτε
1698 3280 1778 3325 UB
1911 3279 2027 3323 inter
2058 3268 2141 3323 ὅτε
2171 3279 2219 3321 et
2245 3274 2449 3333 κατέστη

357 3348 443 3393 fuit
470 3362 556 3394 vox
587 3352 611 3394 2
642 3349 891 3395 litterarum
919 3351 966 3396 in
995 3351 1037 3397 U
1189 3356 1237 3397 17
1269 3354 1479 3398 lacunam
1507 3355 1614 3398 ante
1643 3349 1769 3412 πρός
1798 3349 2063 3408 significavi3
2094 3346 2316 3393 sententia
2336 3345 2448 3389 fuit:

356 3419 527 3474 ephori,
557 3430 825 3476 quamquam
852 3421 901 3465 in
930 3422 1127 3477 singulos
1158 3435 1301 3468 annos
1333 3424 1618 3479 creabantur,
1651 3419 1786 3470 οὐδὲν
1815 3414 1962 3481 ἦττον
1990 3417 2227 3479 ἐκράτουν
2257 3421 2343 3461 etc.

359 3492 404 3532 21
444 3485 626 3549 ὤνησεν
657 3484 803 3536 αὐτὸν
833 3491 934 3543 (hoc
964 3491 1077 3545 ord.)
1106 3492 1188 3536 PH
1300 3493 1440 3552 γένος
1467 3494 1585 3548 libri,
1616 3506 1730 3539 corr.
1752 3493 1920 3538 Reiske
2055 3493 2108 3534 22
2139 3485 2446 3532 scribendum:

358 3565 503 3607 παῖδα
536 3556 652 3614 (τὸν
680 3561 926 3618 Λεωνίδα)
954 3561 1012 3606 cf.
1045 3562 1197 3609 Gasda
1225 3577 1270 3620 p.
1302 3569 1329 3610 4
1476 3562 1587 3612 οὔτε
1617 3579 1701 3610 om.
1733 3565 1776 3610 U
1805 3577 1865 3607 m.
1886 3576 1956 3619 pr.
2103 3555 2269 3611 ἓλάδος
2299 3557 2334 3602 Ρ

359 3636 410 3678 23
443 3627 702 3690 οἷγισήλαον
731 3631 766 3676 Ρ
881 3635 936 3676 24
965 3635 1045 3678 καὶ
1072 3631 1200 3691 μάχῃ
1231 3635 1334 3688 (hoc
1363 3637 1476 3690 ord.)
1506 3636 1586 3681 ΠΒ
1616 3638 1696 3682 καὶ
1727 3648 1814 3680 om.
1847 3633 1895 3678 M
2040 3634 2093 3676 25
2124 3622 2244 3686 παρ’
2275 3622 2448 3680 αὐτοὺς

357 3703 488 3747 ΡΗΜ
520 3704 644 3761 πρὸς
675 3698 847 3756 αὐτοὺς
874 3703 954 3748 ΠΒ
1071 3707 1122 3747 27
1157 3699 1242 3751 οὐκ
1272 3698 1366 3763 οἷρα
1397 3706 1481 3752 HU
1511 3720 1567 3754 m.
1597 3720 1668 3764 pr.
