2684 4140
400 236 505 284 303
1149 229 1481 276 Encommm
1510 229 1736 276 com.

401 375 745 448 ὀφθαλμοὺς
781 370 1114 442 ἐγκωμιάζει
1148 375 1182 444 ἢ
1214 366 1647 442 Ἀγαμέμνονος,
1688 377 1881 441 ὥσπερ
1919 376 2013 427 καὶ
2048 378 2113 427 τὸ
2153 375 2290 428 ἄλλο
2335 385 2497 445 σῶμα

395 463 632 512 ἐπαινεῖ
660 460 835 509 αὐτοῦ
845 470 859 482 ·
904 460 1000 510 καὶ
1038 460 1101 509 οὐ
1137 461 1311 524 μόνον
1349 461 1482 521 τούς
1522 453 1776 530 Έλληνας
1813 458 2099 523 ἑλίκωπας
2134 459 2323 514 καλεῖ·
2362 457 2495 515 ἀλλ’

397 543 558 596 οὐδὲν
594 543 762 614 ἦττον
797 544 893 594 καὶ
927 545 1024 594 τὸν
1044 537 1431 612 Ἀγαμέμνονα
1471 547 1535 595 τὸ
1572 548 1761 597 κοινὸν
1786 548 1886 598 ἐπὶ
1910 540 2336 618 τοῖςἝλλησιν·
2378 550 2495 601 ἀπὸ

396 626 457 680 δὲ
495 635 595 699 τῆς
630 629 807 697 κόμης
844 629 1093 691 πάντας·
1129 634 1360 699 πρῶτον
1396 630 1499 695 μὲν
1530 622 1806 695 Ἀχιλλέα,

327 724 352 763 5
647 740 719 748 —-
755 710 973 783 ξανθῆς
1012 711 1072 765 δὲ
1110 716 1288 785 κόμης
1326 712 1415 766 ἕλε
1452 713 1784 785 Πηλείωνα·

390 800 592 849 ἔπειτα
619 796 917 850 Μενέλαον
943 796 1158 862 ξανθὸν
1183 796 1553 866 ἐπονομάζων
1580 802 1697 852 ἀπὸ
1735 809 1835 872 τῆς
1858 805 2059 872 κόμης·
2097 811 2196 875 τῆς
2235 797 2495 856 δὲἝκτο-

390 900 489 953 ρος
523 884 724 954 χαίτης
759 887 1056 954 μέμνηται,

797 996 870 1004 -
907 971 1058 1040 ἀμφὶ
1096 967 1156 1021 δὲ
1189 974 1388 1036 χαῖται

642 1056 873 1106 κυάνεαι
911 1058 1254 1126 πεφόρηντο.

304 1147 352 1189 10
392 1139 691 1209 Εὐφόρβου
728 1155 789 1207 γε
825 1141 934 1210 μὴν
980 1147 1085 1191 τοῦ
1115 1138 1419 1192 καλλίστου
1458 1146 1569 1192 τῶν
1613 1143 1823 1210 Τρώων
1873 1143 2277 1205 ἀποθανόντος
2328 1143 2489 1196 οὐδὲν

389 1222 527 1276 ἄλλο
567 1222 813 1294 ὠδύρετο
852 1223 1043 1294 λέγων,

643 1311 846 1378 αἵματί
882 1313 940 1364 οἱ
976 1310 1204 1364 δεύοντο
1241 1315 1415 1379 κόμαι
1452 1313 1805 1382 Χαρίτεσσιν
1844 1315 2056 1380 ὁμοῖαι,

642 1393 893 1464 πλοχμοί
928 1391 997 1447 θ’
1043 1399 1101 1450 οἰ
1131 1396 1322 1467 χρυσῷ
1362 1415 1422 1450 τε
1460 1399 1556 1449 καὶ
1592 1399 1810 1467 ἀργύρῳ
1853 1401 2213 1470 ἐσφήκωντο·

382 1482 478 1532 καὶ
524 1483 621 1533 τὸν
664 1474 935 1535 Ὀδυσσέα
983 1486 1118 1535 ὅταν
1166 1481 1340 1553 ἐθέλῃ
1389 1481 1559 1535 καλὸν
1607 1487 1872 1552 γεγονότα
1921 1487 2034 1537 ὑπὸ
2094 1493 2195 1556 τῆς
2242 1479 2489 1556 Ἀθηνᾶς

304 1571 350 1613 15
389 1563 705 1630 ἐπιδεῖξαι·
744 1569 888 1638 φησὶ
922 1576 1072 1636 γοῦν,

631 1653 862 1704 κυάνεαι
900 1646 955 1704 δ’
997 1655 1252 1722 ἐγένοντο
1292 1655 1536 1724 ἔθειραι.

389 1732 565 1787 πάλιν
604 1728 658 1786 δ’
701 1738 802 1789 ἐπὶ
838 1739 938 1789 τοὺ
978 1739 1166 1802 αὐτοῦ,

472 1811 475 1813 ’
799 1850 870 1859 —-
904 1821 1074 1875 καδδὲ
1111 1826 1353 1895 κάρητος

643 1904 811 1970 οὔλας
847 1908 942 1979 ῆκε
978 1911 1174 1976 κόμας,
1210 1911 1521 1978 ὑακινθίνῳ
1563 1911 1735 1962 ἄνθει
1774 1912 1990 1978 ὁμοίας.

297 1997 346 2040 20
380 1993 475 2044 καὶ
522 1997 765 2062 πρέπειν
816 2011 876 2063 γε
923 1993 1133 2062 μᾶλλον
1190 2001 1313 2060 τοῖς
1359 1995 1600 2068 ἀνδράσι
1650 1998 1918 2068 φαίνεται
1975 1991 2118 2049 καθ’
2159 1991 2404 2068 Ὅμηρον
2455 2000 2487 2049 ὁ

381 2080 592 2143 κόσμος
631 2081 662 2130 ό
698 2086 810 2132 τῶν
846 2089 1050 2152 τριχῶν
1087 2084 1120 2154 ἢ
1160 2087 1287 2146 ταῖς
1323 2081 1560 2152 γυναιξί.
1621 2089 1895 2151 γυναικῶν
1920 2089 2051 2151 γοῦν
2078 2084 2212 2152 περὶ
2246 2079 2485 2145 κάλλους

386 2160 608 2226 διεξιὼν
648 2166 710 2215 οὐ
748 2170 1086 2231 τοσαυτάκις
1126 2170 1394 2239 φαίνεται
1437 2171 1614 2239 κόμης
1649 2172 2030 2239 μεμνημένος·
2081 2169 2213 2220 ἐπεί
2262 2184 2353 2221 τοι
2389 2169 2484 2220 καὶ

382 2254 494 2299 τῶν
531 2250 686 2301 θεῶν
723 2253 825 2314 τὰς
860 2255 962 2319 μὲν
999 2251 1243 2325 θηλείας
1268 2252 1454 2317 ἄλλως
1479 2257 1721 2308 ἐπαινεῖ.
1780 2261 1989 2325 χρυσῆν
2014 2254 2117 2324 γὰρ
2140 2246 2482 2324 Ἀφροδίτην

381 2335 476 2386 καὶ
511 2334 735 2400 βοῶπιν
758 2330 939 2405 (Ἡραν
975 2342 1070 2391 καὶ
1110 2340 1279 2393 Θέτιν
1318 2337 1718 2410 ἀργυρόπεζαν.
1805 2347 1908 2391 τοῦ
1940 2341 2084 2400 Διὸς
2135 2337 2193 2390 δὲ
2231 2336 2481 2405 μάλιστα

296 2422 344 2464 25
384 2420 619 2472 ἐπαινεῖ
646 2421 748 2484 τὰς
778 2424 1010 2487 χαίτας·

638 2507 948 2577 ἀμβρόσιαι
988 2503 1042 2561 δ’
1086 2511 1196 2580 ἄρα
1229 2516 1427 2576 χαῖται
1465 2514 1863 2582 ἐπερρώσαντο
1905 2513 2159 2573 ἄνακτος.

523 2687 548 2727 5
578 2683 631 2730 IL
665 2688 705 2733 A
740 2689 817 2730 197
956 2690 981 2731 8
1011 2688 1062 2733 11„
1095 2690 1149 2734 Χ
1171 2692 1249 2732 401
1399 2694 1426 2735 9
1456 2687 1755 2750 πεφόρηνται
1782 2690 1822 2736 L
1853 2705 1911 2736 m.
1943 2704 2010 2747 pr.
2134 2696 2182 2737 ιο
2212 2687 2480 2752 Εὐφόρβου

378 2754 467 2811 μὲν
496 2758 599 2807 (om.
630 2759 703 2813 γε)
732 2756 771 2801 L
799 2769 858 2803 m.
888 2772 958 2815 pr.
1070 2763 1119 2804 12
1149 2759 1202 2805 11.
1237 2763 1279 2806 P
1297 2765 1366 2806 51.
1459 2765 1508 2805 13
1541 2778 1592 2807 τε
1621 2774 1709 2807 om.
1732 2761 1769 2806 L
1858 2759 2128 2820 ἐσφήκοντο
2162 2763 2200 2808 L
2230 2777 2289 2808 m.
2320 2776 2390 2820 pr.

381 2831 432 2870 15
464 2820 703 2881 ἀναδεῖξαι
731 2838 852 2873 man.
881 2841 973 2875 rec.
1005 2843 1229 2887 superscr.
1260 2832 1310 2876 in
1338 2831 1377 2876 L
1550 2835 1664 2892 φησὶ
1693 2831 1741 2879 δ’
1773 2825 1859 2880 οὖν
1888 2832 1926 2877 L
1968 2846 2026 2878 m.
2058 2846 2124 2890 pr.
2165 2828 2233 2889 (δ’
2271 2827 2358 2881 οὖν
2387 2835 2473 2880 del.

376 2909 494 2942 man.
524 2901 634 2952 rec.)
756 2903 806 2944 16
838 2899 920 2944 od.
952 2917 1000 2947 π.
1041 2905 1117 2946 176
1268 2906 1317 2948 18
1349 2903 1431 2948 od.
1462 2905 1488 2960 ζ
1520 2907 1602 2949 230
1739 2909 1787 2949 21
1821 2907 1939 2963 γοῦν
1981 2906 2204 2949 mutatum
2233 2904 2279 2948 in
2311 2901 2359 2950 δ’
2389 2899 2475 2952 οὖν

377 2981 406 3012 a.
435 2981 552 3014 corr.
583 2969 622 3013 L
739 2973 792 3015 26
822 2970 876 3016 11.
909 2975 950 3018 A
983 2975 1066 3018 529
