<?xml version="1.0" encoding="UTF-8"?>
<!DOCTYPE html PUBLIC "-//W3C//DTD XHTML 1.0 Transitional//EN"
    "http://www.w3.org/TR/xhtml1/DTD/xhtml1-transitional.dtd">
<html xmlns="http://www.w3.org/1999/xhtml" xml:lang="en" lang="en">
 <head>
  <title>
</title>
<meta http-equiv="Content-Type" content="text/html;charset=utf-8" />
  <meta name='ocr-system' content='tesseract 3.04.00' />
  <meta name='ocr-capabilities' content='ocr_page ocr_carea ocr_par ocr_line ocrx_word'/>
</head>
<body>
  <div class='ocr_page' id='page_1' title='image "./dionisprusaensis02diocuoft_0184.png"; bbox 0 0 2684 4140; ppageno 0'>
   <div class='ocr_carea' id='block_1_1' title="bbox 390 269 1720 336">
    <p class='ocr_par' dir='ltr' id='par_1_1' title="bbox 390 269 1720 336">
     <span class='ocr_line' id='line_1_1' title="bbox 390 269 1720 336; baseline -0.018 1"><span class='ocrx_word' id='word_1_1' title='bbox 390 287 490 336; x_wconf 89' lang='grc'><strong><em>166</em></strong></span> <span class='ocrx_word' id='word_1_2' title='bbox 1137 275 1201 319; x_wconf 84' lang='lat' dir='ltr'><strong><em>DI</em></strong></span> <span class='ocrx_word' id='word_1_3' title='bbox 1206 272 1341 319; x_wconf 83' lang='lat' dir='ltr'>ONIS</span> <span class='ocrx_word' id='word_1_4' title='bbox 1373 271 1458 316; x_wconf 84' lang='lat' dir='ltr'><strong><em>DE</em></strong></span> <span class='ocrx_word' id='word_1_5' title='bbox 1489 269 1720 316; x_wconf 82' lang='lat' dir='ltr'>GLORIA</span> 
     </span>
    </p>
   </div>
   <div class='ocr_carea' id='block_1_2' title="bbox 2575 0 2684 474">
    <p class='ocr_par' dir='ltr' id='par_1_2' title="bbox 2575 0 2684 474">
     <span class='ocr_line' id='line_1_2' title="bbox 2575 0 2684 474; baseline 0 3666"><span class='ocrx_word' id='word_1_6' title='bbox 2575 0 2684 474; x_wconf 95' lang='lat' dir='ltr'><strong><em> </em></strong></span> 
     </span>
    </p>
   </div>
   <div class='ocr_carea' id='block_1_3' title="bbox 375 409 2477 579">
    <p class='ocr_par' dir='ltr' id='par_1_3' title="bbox 379 409 2477 579">
     <span class='ocr_line' id='line_1_3' title="bbox 379 409 2477 494; baseline -0.008 -15"><span class='ocrx_word' id='word_1_7' title='bbox 379 425 886 494; x_wconf 77' lang='grc' dir='ltr'><strong><em>ἐπιστρεφομένοις</em></strong></span> <span class='ocrx_word' id='word_1_8' title='bbox 921 421 1062 489; x_wconf 89' lang='grc' dir='ltr'><strong><em>μήτε</em></strong></span> <span class='ocrx_word' id='word_1_9' title='bbox 1099 417 1440 485; x_wconf 88' lang='grc' dir='ltr'><strong><em>τεκμηρίων,·</em></strong></span> <span class='ocrx_word' id='word_1_10' title='bbox 1477 416 1616 485; x_wconf 85' lang='grc' dir='ltr'><strong><em>μήτε</em></strong></span> <span class='ocrx_word' id='word_1_11' title='bbox 1642 415 1745 483; x_wconf 82' lang='grc' dir='ltr'><strong><em>γὰρ</em></strong></span> <span class='ocrx_word' id='word_1_12' title='bbox 1773 411 1988 474; x_wconf 83' lang='grc' dir='ltr'><strong><em>εἰδότες</em></strong></span> <span class='ocrx_word' id='word_1_13' title='bbox 2012 412 2151 481; x_wconf 89' lang='grc' dir='ltr'><strong><em>μήτε</em></strong></span> <span class='ocrx_word' id='word_1_14' title='bbox 2180 409 2477 470; x_wconf 85' lang='grc' dir='ltr'><strong><em>ἀκούοντες</em></strong></span> 
     </span>
     <span class='ocr_line' id='line_1_4' title="bbox 375 491 2473 579; baseline -0.008 -19.657"><span class='ocrx_word' id='word_1_15' title='bbox 375 513 514 579; x_wconf 90' lang='grc' dir='ltr'><strong><em>μήτε</em></strong></span> <span class='ocrx_word' id='word_1_16' title='bbox 552 505 812 572; x_wconf 80' lang='grc' dir='ltr'><strong><em>λαχόντες</em></strong></span> <span class='ocrx_word' id='word_1_17' title='bbox 861 498 1177 565; x_wconf 80' lang='grc' dir='ltr'><strong><em>δικάζουσι,</em></strong></span> <span class='ocrx_word' id='word_1_18' title='bbox 1227 501 1322 551; x_wconf 85' lang='grc' dir='ltr'><strong><em>καὶ</em></strong></span> <span class='ocrx_word' id='word_1_19' title='bbox 1371 492 1533 550; x_wconf 81' lang='grc' dir='ltr'><strong><em>οὐδὲν</em></strong></span> <span class='ocrx_word' id='word_1_20' title='bbox 1587 491 1781 559; x_wconf 81' lang='grc' dir='ltr'><strong><em>αὐτοῖς</em></strong></span> <span class='ocrx_word' id='word_1_21' title='bbox 1831 495 2095 566; x_wconf 77' lang='grc' dir='ltr'><strong><em>διαφέρει</em></strong></span> <span class='ocrx_word' id='word_1_22' title='bbox 2142 494 2405 544; x_wconf 77' lang='grc' dir='ltr'><strong><em>πίνουσιν</em></strong></span> <span class='ocrx_word' id='word_1_23' title='bbox 2441 494 2473 563; x_wconf 87' lang='grc' dir='ltr'><em>ἢ</em></span> 
     </span>
    </p>
   </div>
   <div class='ocr_carea' id='block_1_4' title="bbox 289 578 2684 3034">
    <p class='ocr_par' dir='ltr' id='par_1_4' title="bbox 379 578 2473 659">
     <span class='ocr_line' id='line_1_5' title="bbox 379 578 2473 659; baseline -0.007 -16"><span class='ocrx_word' id='word_1_24' title='bbox 379 592 703 657; x_wconf 84' lang='grc' dir='ltr'><strong><em>λουομένοις</em></strong></span> <span class='ocrx_word' id='word_1_25' title='bbox 739 590 838 659; x_wconf 82' lang='grc' dir='ltr'><strong><em>τήν</em></strong></span> <span class='ocrx_word' id='word_1_26' title='bbox 877 594 1075 657; x_wconf 84' lang='grc' dir='ltr'><strong><em>ψῆφον</em></strong></span> <span class='ocrx_word' id='word_1_27' title='bbox 1117 587 1336 655; x_wconf 90' lang='grc' dir='ltr'><strong><em>φέρειν·</em></strong></span> <span class='ocrx_word' id='word_1_28' title='bbox 1374 585 1468 635; x_wconf 84' lang='grc' dir='ltr'><strong><em>καὶ</em></strong></span> <span class='ocrx_word' id='word_1_29' title='bbox 1506 585 1569 634; x_wconf 87' lang='grc' dir='ltr'><strong><em>τὸ</em></strong></span> <span class='ocrx_word' id='word_1_30' title='bbox 1610 585 1839 634; x_wconf 90' lang='grc' dir='ltr'><strong><em>πάντων</em></strong></span> <span class='ocrx_word' id='word_1_31' title='bbox 1880 579 2229 632; x_wconf 89' lang='grc' dir='ltr'><strong><em>δεινότατον·</em></strong></span> <span class='ocrx_word' id='word_1_32' title='bbox 2271 578 2333 629; x_wconf 86' lang='grc' dir='ltr'><strong><em>ὃν</em></strong></span> <span class='ocrx_word' id='word_1_33' title='bbox 2370 579 2473 646; x_wconf 88' lang='grc' dir='ltr'><strong><em>γὰρ</em></strong></span> 
     </span>
    </p>

    <p class='ocr_par' dir='ltr' id='par_1_5' title="bbox 294 658 2684 1367">
     <span class='ocr_line' id='line_1_6' title="bbox 294 658 2675 741; baseline -0.008 -10"><span class='ocrx_word' id='word_1_34' title='bbox 294 681 358 732; x_wconf 89' lang='grc'><strong><em>19</em></strong></span> <span class='ocrx_word' id='word_1_35' title='bbox 378 679 446 729; x_wconf 84' lang='grc' dir='ltr'><strong><em>ἂν</em></strong></span> <span class='ocrx_word' id='word_1_36' title='bbox 482 672 740 741; x_wconf 77' lang='grc' dir='ltr'><strong><em>ἀπολύσῃ</em></strong></span> <span class='ocrx_word' id='word_1_37' title='bbox 779 673 1035 741; x_wconf 83' lang='grc' dir='ltr'><strong><em>τήμερον,</em></strong></span> <span class='ocrx_word' id='word_1_38' title='bbox 1075 669 1269 739; x_wconf 80' lang='grc' dir='ltr'><strong><em>αὔριον</em></strong></span> <span class='ocrx_word' id='word_1_39' title='bbox 1306 664 1682 731; x_wconf 79' lang='grc' dir='ltr'><strong><em>καταδικάζει.</em></strong></span> <span class='ocrx_word' id='word_1_40' title='bbox 1749 658 1944 718; x_wconf 75' lang='grc' dir='ltr'><strong><em>οἰκοῦν</em></strong></span> <span class='ocrx_word' id='word_1_41' title='bbox 1983 666 2187 734; x_wconf 78' lang='grc' dir='ltr'><strong><em>ἀνάγκη</em></strong></span> <span class='ocrx_word' id='word_1_42' title='bbox 2228 665 2325 715; x_wconf 85' lang='grc' dir='ltr'><strong><em>τὸν</em></strong></span> <span class='ocrx_word' id='word_1_43' title='bbox 2362 665 2473 714; x_wconf 86' lang='grc' dir='ltr'><strong><em>ὑπὸ</em></strong></span> <span class='ocrx_word' id='word_1_44' title='bbox 2664 717 2675 730; x_wconf 19' lang='lat'><strong><em>*-</em></strong></span> 
     </span>
     <span class='ocr_line' id='line_1_7' title="bbox 373 734 2684 831; baseline -0.006 -21"><span class='ocrx_word' id='word_1_45' title='bbox 373 768 472 831; x_wconf 87' lang='grc' dir='ltr'><strong><em>τῆς</em></strong></span> <span class='ocrx_word' id='word_1_46' title='bbox 508 761 677 810; x_wconf 92' lang='grc' dir='ltr'><strong><em>νόσου</em></strong></span> <span class='ocrx_word' id='word_1_47' title='bbox 715 758 921 825; x_wconf 81' lang='grc' dir='ltr'><strong><em>ταύτης</em></strong></span> <span class='ocrx_word' id='word_1_48' title='bbox 958 756 1220 821; x_wconf 86' lang='grc' dir='ltr'><strong><em>ἐχόμενον</em></strong></span> <span class='ocrx_word' id='word_1_49' title='bbox 1258 754 1581 805; x_wconf 82' lang='grc' dir='ltr'><strong><em>ὑπεύθυνον</em></strong></span> <span class='ocrx_word' id='word_1_50' title='bbox 1620 751 2030 822; x_wconf 76' lang='grc' dir='ltr'><strong><em>περιέρχεσθαι</em></strong></span> <span class='ocrx_word' id='word_1_51' title='bbox 2053 751 2147 801; x_wconf 83' lang='grc' dir='ltr'><strong><em>καὶ</em></strong></span> <span class='ocrx_word' id='word_1_52' title='bbox 2172 752 2472 818; x_wconf 86' lang='grc' dir='ltr'><strong><em>προσέχειν</em></strong></span> <span class='ocrx_word' id='word_1_53' title='bbox 2509 757 2533 797; x_wconf 78' lang='lat'><strong>5</strong></span> <span class='ocrx_word' id='word_1_54' title='bbox 2670 734 2684 819; x_wconf 56' lang='grc' dir='ltr'>ᾗ</span> 
     </span>
     <span class='ocr_line' id='line_1_8' title="bbox 374 824 2684 910; baseline -0.005 -16"><span class='ocrx_word' id='word_1_55' title='bbox 374 846 586 910; x_wconf 80' lang='grc' dir='ltr'><strong><em>ἑκάστῳ</em></strong></span> <span class='ocrx_word' id='word_1_56' title='bbox 624 842 719 892; x_wconf 84' lang='grc' dir='ltr'><strong><em>καὶ</em></strong></span> <span class='ocrx_word' id='word_1_57' title='bbox 757 838 1071 892; x_wconf 89' lang='grc' dir='ltr'><strong><em>δεδοικέναι</em></strong></span> <span class='ocrx_word' id='word_1_58' title='bbox 1105 841 1181 909; x_wconf 90' lang='grc' dir='ltr'><strong><em>μή</em></strong></span> <span class='ocrx_word' id='word_1_59' title='bbox 1221 856 1347 889; x_wconf 89' lang='grc' dir='ltr'><strong><em>τινα</em></strong></span> <span class='ocrx_word' id='word_1_60' title='bbox 1386 839 1524 889; x_wconf 82' lang='grc' dir='ltr'><strong><em>ἑκὼν</em></strong></span> <span class='ocrx_word' id='word_1_61' title='bbox 1562 839 1594 908; x_wconf 88' lang='grc' dir='ltr'><em>ἢ</em></span> <span class='ocrx_word' id='word_1_62' title='bbox 1636 838 1785 888; x_wconf 81' lang='grc' dir='ltr'><strong><em>ἄκων</em></strong></span> <span class='ocrx_word' id='word_1_63' title='bbox 1815 834 2053 906; x_wconf 85' lang='grc' dir='ltr'><strong><em>λυπήσῃ,</em></strong></span> <span class='ocrx_word' id='word_1_64' title='bbox 2091 831 2339 900; x_wconf 85' lang='grc' dir='ltr'><strong><em>μάλιστα</em></strong></span> <span class='ocrx_word' id='word_1_65' title='bbox 2366 839 2476 884; x_wconf 86' lang='grc' dir='ltr'><strong><em>τῶν</em></strong></span> <span class='ocrx_word' id='word_1_66' title='bbox 2662 824 2684 854; x_wconf 72' lang='lat'><strong><em>·³</em></strong></span> 
     </span>
     <span class='ocr_line' id='line_1_9' title="bbox 375 916 2476 994; baseline -0.005 -16"><span class='ocrx_word' id='word_1_67' title='bbox 375 929 616 993; x_wconf 80' lang='grc' dir='ltr'><strong><em>ἑτοίμων</em></strong></span> <span class='ocrx_word' id='word_1_68' title='bbox 653 926 778 977; x_wconf 84' lang='grc' dir='ltr'><strong><em>τινά</em></strong></span> <span class='ocrx_word' id='word_1_69' title='bbox 815 926 909 976; x_wconf 82' lang='grc' dir='ltr'><strong><em>καὶ</em></strong></span> <span class='ocrx_word' id='word_1_70' title='bbox 946 930 1059 976; x_wconf 87' lang='grc' dir='ltr'><strong><em>τῶν</em></strong></span> <span class='ocrx_word' id='word_1_71' title='bbox 1098 917 1475 994; x_wconf 79' lang='grc' dir='ltr'><strong><em>εὐτραπέλων.</em></strong></span> <span class='ocrx_word' id='word_1_72' title='bbox 1540 924 1591 974; x_wconf 81' lang='grc' dir='ltr'><strong><em>εἰ</em></strong></span> <span class='ocrx_word' id='word_1_73' title='bbox 1617 923 1721 991; x_wconf 83' lang='grc' dir='ltr'><strong><em>γάρ</em></strong></span> <span class='ocrx_word' id='word_1_74' title='bbox 1747 923 1842 973; x_wconf 86' lang='grc' dir='ltr'><strong><em>καὶ</em></strong></span> <span class='ocrx_word' id='word_1_75' title='bbox 1870 922 2117 990; x_wconf 90' lang='grc' dir='ltr'><strong><em>σμικρόν,</em></strong></span> <span class='ocrx_word' id='word_1_76' title='bbox 2160 918 2252 969; x_wconf 86' lang='grc' dir='ltr'><strong><em>οἷα</em></strong></span> <span class='ocrx_word' id='word_1_77' title='bbox 2292 916 2476 969; x_wconf 84' lang='grc' dir='ltr'><strong><em>πολλὰ</em></strong></span> 
     </span>
     <span class='ocr_line' id='line_1_10' title="bbox 377 1001 2475 1081; baseline -0.006 -16"><span class='ocrx_word' id='word_1_78' title='bbox 377 1014 686 1080; x_wconf 85' lang='grc' dir='ltr'><strong><em>συμβαίνει,</em></strong></span> <span class='ocrx_word' id='word_1_79' title='bbox 726 1013 1122 1081; x_wconf 88' lang='grc' dir='ltr'><strong><em>προσκρούσας</em></strong></span> <span class='ocrx_word' id='word_1_80' title='bbox 1146 1012 1259 1062; x_wconf 83' lang='grc' dir='ltr'><strong><em>τινὶ</em></strong></span> <span class='ocrx_word' id='word_1_81' title='bbox 1283 1012 1457 1075; x_wconf 89' lang='grc' dir='ltr'><strong><em>τύχοι,</em></strong></span> <span class='ocrx_word' id='word_1_82' title='bbox 1486 1002 1663 1071; x_wconf 79' lang='grc' dir='ltr'><strong><em>εὐθὺς</em></strong></span> <span class='ocrx_word' id='word_1_83' title='bbox 1689 1008 1995 1077; x_wconf 72' lang='grc' dir='ltr'><strong><em>ἐσπάθησε</em></strong></span> <span class='ocrx_word' id='word_1_84' title='bbox 2023 1008 2172 1076; x_wconf 81' lang='grc' dir='ltr'><strong><em>ῥῆμα</em></strong></span> <span class='ocrx_word' id='word_1_85' title='bbox 2196 1001 2475 1069; x_wconf 86' lang='grc' dir='ltr'><strong><em>χαλεπόν·</em></strong></span> 
     </span>
     <span class='ocr_line' id='line_1_11' title="bbox 373 1087 2684 1178; baseline -0.005 -29"><span class='ocrx_word' id='word_1_86' title='bbox 373 1100 467 1150; x_wconf 88' lang='grc' dir='ltr'><strong><em>καὶ</em></strong></span> <span class='ocrx_word' id='word_1_87' title='bbox 490 1103 656 1148; x_wconf 80' lang='grc' dir='ltr'><strong><em>τοῦτο</em></strong></span> <span class='ocrx_word' id='word_1_88' title='bbox 683 1098 880 1160; x_wconf 77' lang='grc' dir='ltr'><strong><em>εἰπών,</em></strong></span> <span class='ocrx_word' id='word_1_89' title='bbox 907 1097 1004 1147; x_wconf 85' lang='grc' dir='ltr'><strong><em>ἐὰν</em></strong></span> <span class='ocrx_word' id='word_1_90' title='bbox 1029 1098 1133 1162; x_wconf 79' lang='grc' dir='ltr'><strong><em>μὲν</em></strong></span> <span class='ocrx_word' id='word_1_91' title='bbox 1160 1097 1412 1164; x_wconf 86' lang='grc' dir='ltr'><strong><em>ἀποτύχῃ</em></strong></span> <span class='ocrx_word' id='word_1_92' title='bbox 1443 1110 1584 1158; x_wconf 91' lang='grc' dir='ltr'><strong><em>πως,</em></strong></span> <span class='ocrx_word' id='word_1_93' title='bbox 1609 1087 1834 1161; x_wconf 81' lang='grc' dir='ltr'><strong><em>&lt;οὐδὲν&gt;</em></strong></span> <span class='ocrx_word' id='word_1_94' title='bbox 1859 1092 2026 1163; x_wconf 80' lang='grc' dir='ltr'><strong><em>ἦττον</em></strong></span> <span class='ocrx_word' id='word_1_95' title='bbox 2052 1087 2344 1159; x_wconf 82' lang='grc' dir='ltr'><strong><em>ἐτάραξεν·</em></strong></span> <span class='ocrx_word' id='word_1_96' title='bbox 2381 1090 2478 1140; x_wconf 85' lang='grc' dir='ltr'><strong><em>ἐὰν</em></strong></span> <span class='ocrx_word' id='word_1_97' title='bbox 2668 1112 2684 1178; x_wconf 53' lang='lat' dir='ltr'>j</span> 
     </span>
     <span class='ocr_line' id='line_1_12' title="bbox 377 1174 2684 1252; baseline -0.005 -18"><span class='ocrx_word' id='word_1_98' title='bbox 377 1177 430 1234; x_wconf 74' lang='grc' dir='ltr'><strong><em>δ’</em></strong></span> <span class='ocrx_word' id='word_1_99' title='bbox 460 1184 694 1252; x_wconf 85' lang='grc' dir='ltr'><strong><em>ἐπιτύχῃ</em></strong></span> <span class='ocrx_word' id='word_1_100' title='bbox 722 1188 824 1233; x_wconf 85' lang='grc' dir='ltr'><strong><em>τοῦ</em></strong></span> <span class='ocrx_word' id='word_1_101' title='bbox 845 1182 1084 1251; x_wconf 85' lang='grc' dir='ltr'><strong><em>καιρίου,</em></strong></span> <span class='ocrx_word' id='word_1_102' title='bbox 1114 1187 1454 1251; x_wconf 86' lang='grc' dir='ltr'><strong><em>παραχρῆμα</em></strong></span> <span class='ocrx_word' id='word_1_103' title='bbox 1482 1177 1766 1250; x_wconf 84' lang='grc' dir='ltr'><strong><em>ἀνῄρηκεν.</em></strong></span> <span class='ocrx_word' id='word_1_104' title='bbox 1819 1174 2027 1228; x_wconf 85' lang='grc' dir='ltr'><strong><em>πολλοὶ</em></strong></span> <span class='ocrx_word' id='word_1_105' title='bbox 2050 1177 2152 1243; x_wconf 84' lang='grc' dir='ltr'><strong><em>μὲν</em></strong></span> <span class='ocrx_word' id='word_1_106' title='bbox 2173 1175 2276 1243; x_wconf 86' lang='grc' dir='ltr'><strong><em>γὰρ</em></strong></span> <span class='ocrx_word' id='word_1_107' title='bbox 2305 1175 2483 1236; x_wconf 82' lang='grc' dir='ltr'><strong><em>οὕτως</em></strong></span> <span class='ocrx_word' id='word_1_108' title='bbox 2522 1181 2567 1224; x_wconf 84' lang='lat'><strong><em>10</em></strong></span> <span class='ocrx_word' id='word_1_109' title='bbox 2672 1182 2684 1238; x_wconf 53' lang='grc' dir='ltr'>ἶ</span> 
     </span>
     <span class='ocr_line' id='line_1_13' title="bbox 375 1253 2684 1367; baseline -0.005 -48"><span class='ocrx_word' id='word_1_110' title='bbox 375 1270 597 1334; x_wconf 86' lang='grc' dir='ltr'><strong><em>ἔχουσιν</em></strong></span> <span class='ocrx_word' id='word_1_111' title='bbox 639 1268 783 1318; x_wconf 85' lang='grc' dir='ltr'><strong><em>ὥστε</em></strong></span> <span class='ocrx_word' id='word_1_112' title='bbox 826 1269 939 1318; x_wconf 82' lang='grc' dir='ltr'><strong><em>ὑπὸ</em></strong></span> <span class='ocrx_word' id='word_1_113' title='bbox 967 1268 1182 1328; x_wconf 87' lang='grc' dir='ltr'><strong><em>παντὸς</em></strong></span> <span class='ocrx_word' id='word_1_114' title='bbox 1210 1265 1632 1336; x_wconf 79' lang='grc' dir='ltr'><strong><em>διατρέπεσθαι</em></strong></span> <span class='ocrx_word' id='word_1_115' title='bbox 1657 1266 1751 1316; x_wconf 82' lang='grc' dir='ltr'><strong><em>καὶ</em></strong></span> <span class='ocrx_word' id='word_1_116' title='bbox 1779 1262 2044 1332; x_wconf 89' lang='grc' dir='ltr'><strong><em>διαρρεῖν.</em></strong></span> <span class='ocrx_word' id='word_1_117' title='bbox 2112 1253 2175 1311; x_wconf 81' lang='grc' dir='ltr'><strong><em>οὗ</em></strong></span> <span class='ocrx_word' id='word_1_118' title='bbox 2201 1261 2309 1331; x_wconf 81' lang='grc' dir='ltr'><strong><em>μὴν</em></strong></span> <span class='ocrx_word' id='word_1_119' title='bbox 2335 1257 2476 1310; x_wconf 84' lang='grc' dir='ltr'><strong><em>ἀλλὰ</em></strong></span> <span class='ocrx_word' id='word_1_120' title='bbox 2675 1261 2684 1367; x_wconf 45' lang='grc' dir='ltr'>ἰ</span> 
     </span>
    </p>

    <p class='ocr_par' dir='ltr' id='par_1_6' title="bbox 291 1343 2681 1912">
     <span class='ocr_line' id='line_1_14' title="bbox 291 1343 2477 1418; baseline -0.005 -13"><span class='ocrx_word' id='word_1_121' title='bbox 291 1355 360 1407; x_wconf 84' lang='grc'><strong><em>20</em></strong></span> <span class='ocrx_word' id='word_1_122' title='bbox 378 1355 472 1405; x_wconf 81' lang='grc' dir='ltr'><strong><em>καὶ</em></strong></span> <span class='ocrx_word' id='word_1_123' title='bbox 515 1354 697 1405; x_wconf 90' lang='grc' dir='ltr'><strong><em>ἐνίοτε</em></strong></span> <span class='ocrx_word' id='word_1_124' title='bbox 746 1349 887 1403; x_wconf 83' lang='grc' dir='ltr'><strong><em>ἅλλα</em></strong></span> <span class='ocrx_word' id='word_1_125' title='bbox 937 1343 1032 1402; x_wconf 71' lang='grc' dir='ltr'><strong><em>ἐπ’</em></strong></span> <span class='ocrx_word' id='word_1_126' title='bbox 1087 1349 1283 1414; x_wconf 83' lang='grc' dir='ltr'><strong><em>ἄλλοις</em></strong></span> <span class='ocrx_word' id='word_1_127' title='bbox 1329 1348 1539 1418; x_wconf 81' lang='grc' dir='ltr'><strong><em>μᾶλλον</em></strong></span> <span class='ocrx_word' id='word_1_128' title='bbox 1589 1352 1795 1416; x_wconf 85' lang='grc' dir='ltr'><strong><em>ἰσχύει·</em></strong></span> <span class='ocrx_word' id='word_1_129' title='bbox 1840 1349 2107 1417; x_wconf 89' lang='grc' dir='ltr'><strong><em>καθάπερ</em></strong></span> <span class='ocrx_word' id='word_1_130' title='bbox 2159 1344 2321 1411; x_wconf 85' lang='grc' dir='ltr'><strong><em>οἶμαι</em></strong></span> <span class='ocrx_word' id='word_1_131' title='bbox 2366 1351 2477 1396; x_wconf 84' lang='grc' dir='ltr'><strong><em>τῶν</em></strong></span> 
     </span>
     <span class='ocr_line' id='line_1_15' title="bbox 377 1431 2681 1507; baseline -0.003 -19"><span class='ocrx_word' id='word_1_132' title='bbox 377 1435 699 1507; x_wconf 90' lang='grc' dir='ltr'><strong><em>παιδαρίων</em></strong></span> <span class='ocrx_word' id='word_1_133' title='bbox 748 1439 982 1488; x_wconf 79' lang='grc' dir='ltr'><strong><em>ἕκαστον</em></strong></span> <span class='ocrx_word' id='word_1_134' title='bbox 1033 1433 1365 1506; x_wconf 83' lang='grc' dir='ltr'><strong><em>ἰδιότροπόν</em></strong></span> <span class='ocrx_word' id='word_1_135' title='bbox 1424 1454 1551 1487; x_wconf 91' lang='grc' dir='ltr'><strong><em>τινα</em></strong></span> <span class='ocrx_word' id='word_1_136' title='bbox 1613 1435 1812 1504; x_wconf 85' lang='grc' dir='ltr'><strong><em>μορμὼ</em></strong></span> <span class='ocrx_word' id='word_1_137' title='bbox 1866 1431 2083 1485; x_wconf 89' lang='grc' dir='ltr'><strong><em>δέδοικε</em></strong></span> <span class='ocrx_word' id='word_1_138' title='bbox 2130 1433 2225 1483; x_wconf 88' lang='grc' dir='ltr'><strong><em>καὶ</em></strong></span> <span class='ocrx_word' id='word_1_139' title='bbox 2271 1433 2477 1500; x_wconf 89' lang='grc' dir='ltr'><strong><em>ταύτην</em></strong></span> <span class='ocrx_word' id='word_1_140' title='bbox 2675 1470 2681 1495; x_wconf 59' lang='grc'><strong><em>,</em></strong></span> 
     </span>
     <span class='ocr_line' id='line_1_16' title="bbox 379 1500 2680 1591; baseline -0.003 -18"><span class='ocrx_word' id='word_1_141' title='bbox 379 1523 740 1573; x_wconf 90' lang='grc' dir='ltr'><strong><em>συνείθισται</em></strong></span> <span class='ocrx_word' id='word_1_142' title='bbox 779 1521 1100 1591; x_wconf 82' lang='grc' dir='ltr'><strong><em>φοβεῖσθαι</em></strong></span> <span class='ocrx_word' id='word_1_143' title='bbox 1137 1520 1224 1585; x_wconf 84' lang='grc' dir='ltr'><strong><em>(τὰ</em></strong></span> <span class='ocrx_word' id='word_1_144' title='bbox 1262 1522 1364 1587; x_wconf 83' lang='grc' dir='ltr'><strong><em>μὲν</em></strong></span> <span class='ocrx_word' id='word_1_145' title='bbox 1390 1521 1494 1590; x_wconf 84' lang='grc' dir='ltr'><strong><em>γάρ</em></strong></span> <span class='ocrx_word' id='word_1_146' title='bbox 1524 1522 1694 1591; x_wconf 92' lang='grc' dir='ltr'><strong><em>φύσει</em></strong></span> <span class='ocrx_word' id='word_1_147' title='bbox 1734 1516 1890 1571; x_wconf 84' lang='grc' dir='ltr'><strong><em>δειλὰ</em></strong></span> <span class='ocrx_word' id='word_1_148' title='bbox 1918 1525 2034 1570; x_wconf 81' lang='grc' dir='ltr'><strong><em>πᾶν</em></strong></span> <span class='ocrx_word' id='word_1_149' title='bbox 2072 1520 2179 1581; x_wconf 84' lang='grc' dir='ltr'><strong><em>ὅ,τι</em></strong></span> <span class='ocrx_word' id='word_1_150' title='bbox 2217 1518 2284 1568; x_wconf 85' lang='grc' dir='ltr'><strong><em>ἂν</em></strong></span> <span class='ocrx_word' id='word_1_151' title='bbox 2325 1514 2475 1585; x_wconf 82' lang='grc' dir='ltr'><strong><em>δείξῃ</em></strong></span> <span class='ocrx_word' id='word_1_152' title='bbox 2672 1500 2680 1576; x_wconf 63' lang='lat'><em>2</em></span> 
     </span>
     <span class='ocr_line' id='line_1_17' title="bbox 378 1599 2565 1677; baseline -0.003 -20"><span class='ocrx_word' id='word_1_153' title='bbox 378 1625 465 1669; x_wconf 93' lang='grc' dir='ltr'><strong><em>τις</em></strong></span> <span class='ocrx_word' id='word_1_154' title='bbox 503 1609 580 1668; x_wconf 86' lang='grc' dir='ltr'><strong><em>ὡς</em></strong></span> <span class='ocrx_word' id='word_1_155' title='bbox 621 1607 865 1677; x_wconf 80' lang='grc' dir='ltr'><strong><em>φοβερὸν</em></strong></span> <span class='ocrx_word' id='word_1_156' title='bbox 901 1604 1031 1674; x_wconf 81' lang='grc' dir='ltr'><strong><em>βοᾷ)</em></strong></span> <span class='ocrx_word' id='word_1_157' title='bbox 1071 1603 1217 1676; x_wconf 83' lang='grc' dir='ltr'><strong><em>πλὴν</em></strong></span> <span class='ocrx_word' id='word_1_158' title='bbox 1256 1606 1359 1657; x_wconf 88' lang='grc' dir='ltr'><strong><em>ἐπί</em></strong></span> <span class='ocrx_word' id='word_1_159' title='bbox 1394 1622 1454 1673; x_wconf 89' lang='grc' dir='ltr'><strong><em>γε</em></strong></span> <span class='ocrx_word' id='word_1_160' title='bbox 1498 1607 1713 1656; x_wconf 88' lang='grc' dir='ltr'><strong><em>τούτων</em></strong></span> <span class='ocrx_word' id='word_1_161' title='bbox 1751 1610 1862 1656; x_wconf 84' lang='grc' dir='ltr'><strong><em>τῶν</em></strong></span> <span class='ocrx_word' id='word_1_162' title='bbox 1900 1599 2171 1670; x_wconf 79' lang='grc' dir='ltr'><strong><em>μειζόνων</em></strong></span> <span class='ocrx_word' id='word_1_163' title='bbox 2208 1600 2314 1672; x_wconf 86' lang='grc' dir='ltr'><strong><em>ἤδη</em></strong></span> <span class='ocrx_word' id='word_1_164' title='bbox 2354 1606 2479 1653; x_wconf 85' lang='grc' dir='ltr'><strong><em>τινά</em></strong></span> <span class='ocrx_word' id='word_1_165' title='bbox 2523 1610 2565 1651; x_wconf 82' lang='lat'><strong><em>15</em></strong></span> 
     </span>
     <span class='ocr_line' id='line_1_18' title="bbox 376 1686 2478 1760; baseline -0.001 -19"><span class='ocrx_word' id='word_1_166' title='bbox 376 1694 499 1742; x_wconf 87' lang='grc' dir='ltr'><strong><em>ἐστι</em></strong></span> <span class='ocrx_word' id='word_1_167' title='bbox 537 1694 683 1760; x_wconf 89' lang='grc' dir='ltr'><strong><em>πρός</em></strong></span> <span class='ocrx_word' id='word_1_168' title='bbox 720 1709 893 1752; x_wconf 89' lang='grc' dir='ltr'><strong><em>τινας.</em></strong></span> <span class='ocrx_word' id='word_1_169' title='bbox 957 1692 1054 1741; x_wconf 85' lang='grc' dir='ltr'><strong><em>τὸν</em></strong></span> <span class='ocrx_word' id='word_1_170' title='bbox 1094 1692 1320 1756; x_wconf 88' lang='grc' dir='ltr'><strong><em>πτωχὸν</em></strong></span> <span class='ocrx_word' id='word_1_171' title='bbox 1359 1692 1456 1741; x_wconf 86' lang='grc' dir='ltr'><strong><em>τὸν</em></strong></span> <span class='ocrx_word' id='word_1_172' title='bbox 1485 1686 1728 1752; x_wconf 87' lang='grc' dir='ltr'><strong><em>ἀλαζόνα</em></strong></span> <span class='ocrx_word' id='word_1_173' title='bbox 1766 1691 1860 1740; x_wconf 83' lang='grc' dir='ltr'><strong><em>καὶ</em></strong></span> <span class='ocrx_word' id='word_1_174' title='bbox 1884 1686 2131 1740; x_wconf 90' lang='grc' dir='ltr'><strong><em>θέλοντα</em></strong></span> <span class='ocrx_word' id='word_1_175' title='bbox 2162 1689 2478 1758; x_wconf 88' lang='grc' dir='ltr'><strong><em>φαίνεσθαι</em></strong></span> 
     </span>
     <span class='ocr_line' id='line_1_19' title="bbox 376 1766 2480 1846; baseline -0.001 -20"><span class='ocrx_word' id='word_1_176' title='bbox 376 1777 627 1846; x_wconf 85' lang='grc' dir='ltr'><strong><em>Κροῖσον</em></strong></span> <span class='ocrx_word' id='word_1_177' title='bbox 676 1773 860 1842; x_wconf 71' lang='grc' dir='ltr'><strong><em>ἐξίστ)</em></strong></span> <span class='ocrx_word' id='word_1_178' title='bbox 874 1789 963 1826; x_wconf 93' lang='grc' dir='ltr'><strong><em>σιν</em></strong></span> <span class='ocrx_word' id='word_1_179' title='bbox 1003 1777 1035 1826; x_wconf 82' lang='grc' dir='ltr'><em>ὁ</em></span> <span class='ocrx_word' id='word_1_180' title='bbox 1069 1767 1229 1842; x_wconf 88' lang='grc' dir='ltr'><strong><em>Ἰρος·</em></strong></span> <span class='ocrx_word' id='word_1_181' title='bbox 1277 1777 1372 1826; x_wconf 85' lang='grc' dir='ltr'><strong><em>καὶ</em></strong></span> <span class='ocrx_word' id='word_1_182' title='bbox 1410 1766 1539 1826; x_wconf 82' lang='grc' dir='ltr'><strong><em>οὐδὲ</em></strong></span> <span class='ocrx_word' id='word_1_183' title='bbox 1578 1777 1677 1846; x_wconf 84' lang='grc' dir='ltr'><strong><em>τὴν</em></strong></span> <span class='ocrx_word' id='word_1_184' title='bbox 1709 1767 2038 1825; x_wconf 86' lang='grc' dir='ltr'><strong><em>Ὀδύσσειαν</em></strong></span> <span class='ocrx_word' id='word_1_185' title='bbox 2078 1774 2480 1840; x_wconf 79' lang='grc' dir='ltr'><strong><em>ἀναγιγνώσκει</em></strong></span> 
     </span>
     <span class='ocr_line' id='line_1_20' title="bbox 381 1859 576 1912; baseline 0 -1"><span class='ocrx_word' id='word_1_186' title='bbox 381 1859 475 1912; x_wconf 86' lang='grc' dir='ltr'><strong><em>διὰ</em></strong></span> <span class='ocrx_word' id='word_1_187' title='bbox 513 1863 576 1911; x_wconf 85' lang='grc' dir='ltr'><strong><em>τὸ</em></strong></span> 
     </span>
    </p>

    <p class='ocr_par' dir='ltr' id='par_1_7' title="bbox 659 1938 2572 2100">
     <span class='ocr_line' id='line_1_21' title="bbox 659 1938 2155 2015; baseline -0.001 -19"><span class='ocrx_word' id='word_1_188' title='bbox 659 1942 803 2015; x_wconf 82' lang='grc' dir='ltr'><strong><em>ἦλθε</em></strong></span> <span class='ocrx_word' id='word_1_189' title='bbox 844 1938 899 1996; x_wconf 81' lang='grc' dir='ltr'><strong><em>δ’</em></strong></span> <span class='ocrx_word' id='word_1_190' title='bbox 942 1946 1043 1996; x_wconf 89' lang='grc' dir='ltr'><strong><em>ἐπι</em></strong></span> <span class='ocrx_word' id='word_1_191' title='bbox 1082 1946 1307 2010; x_wconf 84' lang='grc' dir='ltr'><strong><em>πτωχὸς</em></strong></span> <span class='ocrx_word' id='word_1_192' title='bbox 1347 1942 1695 2015; x_wconf 87' lang='grc' dir='ltr'><strong><em>πανδήμιος,</em></strong></span> <span class='ocrx_word' id='word_1_193' title='bbox 1736 1945 1799 2006; x_wconf 84' lang='grc' dir='ltr'><strong><em>ὃς</em></strong></span> <span class='ocrx_word' id='word_1_194' title='bbox 1835 1944 1977 1995; x_wconf 83' lang='grc' dir='ltr'><strong><em>κατὰ</em></strong></span> <span class='ocrx_word' id='word_1_195' title='bbox 2015 1945 2155 1994; x_wconf 85' lang='grc' dir='ltr'><strong><em>ἀστυ</em></strong></span> 
     </span>
     <span class='ocr_line' id='line_1_22' title="bbox 662 2023 2572 2100; baseline 0 -20"><span class='ocrx_word' id='word_1_196' title='bbox 662 2023 1014 2096; x_wconf 79' lang='grc' dir='ltr'><strong><em>πτωχεύεσκ’</em></strong></span> <span class='ocrx_word' id='word_1_197' title='bbox 1051 2023 1303 2100; x_wconf 87' lang='grc' dir='ltr'><strong><em>Ἰθάκης·</em></strong></span> <span class='ocrx_word' id='word_1_198' title='bbox 2522 2037 2572 2080; x_wconf 84' lang='grc' dir='ltr'><strong><em>2ο</em></strong></span> 
     </span>
    </p>

    <p class='ocr_par' dir='ltr' id='par_1_8' title="bbox 289 2108 2673 2695">
     <span class='ocr_line' id='line_1_23' title="bbox 289 2108 2673 2185; baseline -0.003 -18"><span class='ocrx_word' id='word_1_199' title='bbox 289 2117 355 2168; x_wconf 83' lang='grc'><strong><em>21</em></strong></span> <span class='ocrx_word' id='word_1_200' title='bbox 379 2118 475 2166; x_wconf 88' lang='grc' dir='ltr'><strong><em>τὸν</em></strong></span> <span class='ocrx_word' id='word_1_201' title='bbox 525 2117 584 2166; x_wconf 84' lang='grc' dir='ltr'><strong><em>ἐκ</em></strong></span> <span class='ocrx_word' id='word_1_202' title='bbox 622 2113 836 2166; x_wconf 89' lang='grc' dir='ltr'><strong><em>δούλων</em></strong></span> <span class='ocrx_word' id='word_1_203' title='bbox 886 2116 917 2166; x_wconf 84' lang='grc' dir='ltr'>ὁ</span> <span class='ocrx_word' id='word_1_204' title='bbox 953 2116 1213 2184; x_wconf 83' lang='grc' dir='ltr'><strong><em>Κέκροψ,</em></strong></span> <span class='ocrx_word' id='word_1_205' title='bbox 1265 2117 1362 2166; x_wconf 87' lang='grc' dir='ltr'><strong><em>τὸν</em></strong></span> <span class='ocrx_word' id='word_1_206' title='bbox 1421 2108 1612 2185; x_wconf 77' lang='grc' dir='ltr'><strong><em>εὐτελῆ</em></strong></span> <span class='ocrx_word' id='word_1_207' title='bbox 1666 2111 1765 2184; x_wconf 85' lang='grc' dir='ltr'><strong><em>τὴν</em></strong></span> <span class='ocrx_word' id='word_1_208' title='bbox 1820 2116 1957 2182; x_wconf 82' lang='grc' dir='ltr'><strong><em>ὄψιν</em></strong></span> <span class='ocrx_word' id='word_1_209' title='bbox 1993 2116 2087 2166; x_wconf 83' lang='grc' dir='ltr'><strong><em>καὶ</em></strong></span> <span class='ocrx_word' id='word_1_210' title='bbox 2123 2112 2292 2166; x_wconf 88' lang='grc' dir='ltr'><strong><em>καλὸν</em></strong></span> <span class='ocrx_word' id='word_1_211' title='bbox 2331 2114 2478 2166; x_wconf 85' lang='grc' dir='ltr'><strong><em>εἶναι</em></strong></span> <span class='ocrx_word' id='word_1_212' title='bbox 2506 2125 2673 2166; x_wconf 69' lang='lat'>(356121</span> 
     </span>
     <span class='ocr_line' id='line_1_24' title="bbox 376 2197 2479 2270; baseline -0.001 -19"><span class='ocrx_word' id='word_1_213' title='bbox 376 2198 716 2267; x_wconf 85' lang='grc' dir='ltr'><strong><em>βουλόμενον</em></strong></span> <span class='ocrx_word' id='word_1_214' title='bbox 765 2202 797 2251; x_wconf 84' lang='grc' dir='ltr'>ὁ</span> <span class='ocrx_word' id='word_1_215' title='bbox 847 2199 1139 2270; x_wconf 86' lang='grc' dir='ltr'><strong><em>Θερσίτης.</em></strong></span> <span class='ocrx_word' id='word_1_216' title='bbox 1225 2201 1323 2251; x_wconf 86' lang='grc' dir='ltr'><strong><em>ἐὰν</em></strong></span> <span class='ocrx_word' id='word_1_217' title='bbox 1371 2202 1472 2267; x_wconf 82' lang='grc' dir='ltr'><strong><em>μὲν</em></strong></span> <span class='ocrx_word' id='word_1_218' title='bbox 1520 2200 1624 2269; x_wconf 84' lang='grc' dir='ltr'><strong><em>γὰρ</em></strong></span> <span class='ocrx_word' id='word_1_219' title='bbox 1674 2201 1757 2261; x_wconf 85' lang='grc' dir='ltr'><strong><em>εἰς</em></strong></span> <span class='ocrx_word' id='word_1_220' title='bbox 1807 2197 1990 2264; x_wconf 89' lang='grc' dir='ltr'><strong><em>λίχνον</em></strong></span> <span class='ocrx_word' id='word_1_221' title='bbox 2048 2200 2079 2268; x_wconf 87' lang='grc' dir='ltr'><em>ἢ</em></span> <span class='ocrx_word' id='word_1_222' title='bbox 2137 2197 2479 2269; x_wconf 82' lang='grc' dir='ltr'><strong><em>φιλάργυρον</em></strong></span> 
     </span>
     <span class='ocr_line' id='line_1_25' title="bbox 381 2282 2476 2356; baseline -0.001 -19"><span class='ocrx_word' id='word_1_223' title='bbox 381 2289 614 2355; x_wconf 83' lang='grc' dir='ltr'><strong><em>σκώψῃς</em></strong></span> <span class='ocrx_word' id='word_1_224' title='bbox 650 2287 682 2356; x_wconf 86' lang='grc' dir='ltr'><em>ἢ</em></span> <span class='ocrx_word' id='word_1_225' title='bbox 720 2283 973 2337; x_wconf 86' lang='grc' dir='ltr'><strong><em>κίναιδον</em></strong></span> <span class='ocrx_word' id='word_1_226' title='bbox 1010 2282 1322 2355; x_wconf 86' lang='grc' dir='ltr'><strong><em>ἢκαθόλου</em></strong></span> <span class='ocrx_word' id='word_1_227' title='bbox 1363 2287 1610 2355; x_wconf 89' lang='grc' dir='ltr'><strong><em>πονηρὸν</em></strong></span> <span class='ocrx_word' id='word_1_228' title='bbox 1648 2286 1745 2335; x_wconf 85' lang='grc' dir='ltr'><strong><em>τὸν</em></strong></span> <span class='ocrx_word' id='word_1_229' title='bbox 1784 2286 1883 2335; x_wconf 86' lang='grc' dir='ltr'><strong><em>ἐπὶ</em></strong></span> <span class='ocrx_word' id='word_1_230' title='bbox 1913 2291 1982 2354; x_wconf 82' lang='grc' dir='ltr'><strong><em>τῇ</em></strong></span> <span class='ocrx_word' id='word_1_231' title='bbox 2011 2285 2348 2354; x_wconf 88' lang='grc' dir='ltr'><strong><em>σωφροσύνῃ</em></strong></span> <span class='ocrx_word' id='word_1_232' title='bbox 2387 2300 2476 2334; x_wconf 94' lang='grc' dir='ltr'><strong><em>κο-</em></strong></span> 
     </span>
     <span class='ocr_line' id='line_1_26' title="bbox 378 2367 2478 2441; baseline -0.001 -19"><span class='ocrx_word' id='word_1_233' title='bbox 378 2371 570 2438; x_wconf 86' lang='grc' dir='ltr'><strong><em>μιῦντα</em></strong></span> <span class='ocrx_word' id='word_1_234' title='bbox 608 2373 702 2422; x_wconf 88' lang='grc' dir='ltr'><strong><em>καὶ</em></strong></span> <span class='ocrx_word' id='word_1_235' title='bbox 739 2367 838 2441; x_wconf 88' lang='grc' dir='ltr'><strong><em>τὴν</em></strong></span> <span class='ocrx_word' id='word_1_236' title='bbox 877 2367 1076 2440; x_wconf 86' lang='grc' dir='ltr'><strong><em>ἀρετὴν</em></strong></span> <span class='ocrx_word' id='word_1_237' title='bbox 1116 2372 1610 2439; x_wconf 88' lang='grc' dir='ltr'><strong><em>ἐπιγεγραμμένον,</em></strong></span> <span class='ocrx_word' id='word_1_238' title='bbox 1651 2367 1780 2420; x_wconf 78' lang='grc' dir='ltr'><strong><em>ὅλον</em></strong></span> <span class='ocrx_word' id='word_1_239' title='bbox 1819 2367 2200 2430; x_wconf 86' lang='grc' dir='ltr'><strong><em>ἀπολώλεκας.</em></strong></span> <span class='ocrx_word' id='word_1_240' title='bbox 2277 2370 2308 2419; x_wconf 86' lang='grc' dir='ltr'><em>ὁ</em></span> <span class='ocrx_word' id='word_1_241' title='bbox 2332 2370 2478 2437; x_wconf 90' lang='grc' dir='ltr'><strong><em>Περ-</em></strong></span> 
     </span>
     <span class='ocr_line' id='line_1_27' title="bbox 381 2453 2558 2527; baseline -0.001 -20"><span class='ocrx_word' id='word_1_242' title='bbox 381 2459 508 2518; x_wconf 80' lang='grc' dir='ltr'><strong><em>σεύς</em></strong></span> <span class='ocrx_word' id='word_1_243' title='bbox 546 2453 644 2527; x_wconf 89' lang='grc' dir='ltr'><strong><em>τὴν</em></strong></span> <span class='ocrx_word' id='word_1_244' title='bbox 681 2453 929 2527; x_wconf 86' lang='grc' dir='ltr'><strong><em>κεφαλὴν</em></strong></span> <span class='ocrx_word' id='word_1_245' title='bbox 956 2463 1055 2526; x_wconf 86' lang='grc' dir='ltr'><strong><em>τῆς</em></strong></span> <span class='ocrx_word' id='word_1_246' title='bbox 1079 2458 1358 2524; x_wconf 88' lang='grc' dir='ltr'><strong><em>Γοργόνος</em></strong></span> <span class='ocrx_word' id='word_1_247' title='bbox 1386 2459 1713 2525; x_wconf 89' lang='grc' dir='ltr'><strong><em>περιφέρων</em></strong></span> <span class='ocrx_word' id='word_1_248' title='bbox 1738 2457 1832 2506; x_wconf 86' lang='grc' dir='ltr'><strong><em>καὶ</em></strong></span> <span class='ocrx_word' id='word_1_249' title='bbox 1858 2457 2064 2522; x_wconf 87' lang='grc' dir='ltr'><strong><em>ταύτην</em></strong></span> <span class='ocrx_word' id='word_1_250' title='bbox 2095 2458 2217 2515; x_wconf 89' lang='grc' dir='ltr'><strong><em>τοῖς</em></strong></span> <span class='ocrx_word' id='word_1_251' title='bbox 2242 2454 2475 2522; x_wconf 85' lang='grc' dir='ltr'><strong><em>ἐχθροῖς</em></strong></span> <span class='ocrx_word' id='word_1_252' title='bbox 2512 2464 2558 2505; x_wconf 82' lang='grc'><strong><em>25</em></strong></span> 
     </span>
     <span class='ocr_line' id='line_1_28' title="bbox 379 2533 2477 2610; baseline -0.001 -18"><span class='ocrx_word' id='word_1_253' title='bbox 379 2539 592 2603; x_wconf 82' lang='grc' dir='ltr'><strong><em>δεικνύς</em></strong></span> <span class='ocrx_word' id='word_1_254' title='bbox 630 2543 818 2592; x_wconf 86' lang='grc' dir='ltr'><strong><em>ἐποίει</em></strong></span> <span class='ocrx_word' id='word_1_255' title='bbox 855 2539 1083 2602; x_wconf 87' lang='grc' dir='ltr'><strong><em>λίθους·</em></strong></span> <span class='ocrx_word' id='word_1_256' title='bbox 1125 2541 1181 2590; x_wconf 84' lang='grc' dir='ltr'><strong><em>οἱ</em></strong></span> <span class='ocrx_word' id='word_1_257' title='bbox 1219 2537 1424 2591; x_wconf 83' lang='grc' dir='ltr'><strong><em>πολλοὶ</em></strong></span> <span class='ocrx_word' id='word_1_258' title='bbox 1463 2538 1521 2590; x_wconf 80' lang='grc' dir='ltr'><strong><em>δὲ</em></strong></span> <span class='ocrx_word' id='word_1_259' title='bbox 1561 2533 1666 2610; x_wconf 77' lang='grc' dir='ltr'><strong><em>ὑφ’</em></strong></span> <span class='ocrx_word' id='word_1_260' title='bbox 1710 2542 1834 2602; x_wconf 84' lang='grc' dir='ltr'><strong><em>ἑνὸς</em></strong></span> <span class='ocrx_word' id='word_1_261' title='bbox 1873 2541 2139 2610; x_wconf 82' lang='grc' dir='ltr'><strong><em>ῥήματος,</em></strong></span> <span class='ocrx_word' id='word_1_262' title='bbox 2179 2539 2276 2589; x_wconf 83' lang='grc' dir='ltr'><strong><em>ἐὰν</em></strong></span> <span class='ocrx_word' id='word_1_263' title='bbox 2315 2540 2477 2590; x_wconf 90' lang='grc' dir='ltr'><strong><em>ἀκού-</em></strong></span> 
     </span>
     <span class='ocr_line' id='line_1_29' title="bbox 380 2618 2477 2695; baseline -0 -19"><span class='ocrx_word' id='word_1_264' title='bbox 380 2640 541 2689; x_wconf 93' lang='grc' dir='ltr'><strong><em>σωσι,</em></strong></span> <span class='ocrx_word' id='word_1_265' title='bbox 582 2623 744 2677; x_wconf 89' lang='grc' dir='ltr'><strong><em>λίθοι</em></strong></span> <span class='ocrx_word' id='word_1_266' title='bbox 780 2628 1067 2694; x_wconf 89' lang='grc' dir='ltr'><strong><em>γεγόνασι·</em></strong></span> <span class='ocrx_word' id='word_1_267' title='bbox 1118 2626 1212 2676; x_wconf 86' lang='grc' dir='ltr'><strong><em>καὶ</em></strong></span> <span class='ocrx_word' id='word_1_268' title='bbox 1248 2631 1413 2675; x_wconf 80' lang='grc' dir='ltr'><strong><em>τοῦτο</em></strong></span> <span class='ocrx_word' id='word_1_269' title='bbox 1455 2618 1518 2675; x_wconf 81' lang='grc' dir='ltr'><strong><em>οὗ</em></strong></span> <span class='ocrx_word' id='word_1_270' title='bbox 1561 2623 1654 2676; x_wconf 89' lang='grc' dir='ltr'><strong><em>δεῖ</em></strong></span> <span class='ocrx_word' id='word_1_271' title='bbox 1685 2628 2035 2695; x_wconf 85' lang='grc' dir='ltr'><strong><em>περιφέρειν,</em></strong></span> <span class='ocrx_word' id='word_1_272' title='bbox 2080 2626 2139 2676; x_wconf 87' lang='grc' dir='ltr'><strong><em>ἐν</em></strong></span> <span class='ocrx_word' id='word_1_273' title='bbox 2179 2626 2335 2694; x_wconf 81' lang='grc' dir='ltr'><strong><em>πήρᾳ</em></strong></span> <span class='ocrx_word' id='word_1_274' title='bbox 2375 2642 2477 2695; x_wconf 78' lang='grc' dir='ltr'><strong><em>φυ·</em></strong></span> 
     </span>
    </p>

    <p class='ocr_par' dir='ltr' id='par_1_9' title="bbox 294 2704 2684 3034">
     <span class='ocr_line' id='line_1_30' title="bbox 294 2704 2639 2780; baseline -0.001 -19"><span class='ocrx_word' id='word_1_275' title='bbox 294 2710 363 2761; x_wconf 83' lang='grc'><strong><em>22</em></strong></span> <span class='ocrx_word' id='word_1_276' title='bbox 384 2708 654 2762; x_wconf 87' lang='grc' dir='ltr'><strong><em>λάττοντα</em></strong></span> <span class='ocrx_word' id='word_1_277' title='bbox 702 2704 852 2761; x_wconf 78' lang='grc' dir='ltr'><strong><em>αὐτό.</em></strong></span> <span class='ocrx_word' id='word_1_278' title='bbox 1033 2711 1221 2761; x_wconf 88' lang='grc' dir='ltr'><strong><em>καίτοι</em></strong></span> <span class='ocrx_word' id='word_1_279' title='bbox 1271 2713 1434 2780; x_wconf 91' lang='grc' dir='ltr'><strong><em>φέρε,</em></strong></span> <span class='ocrx_word' id='word_1_280' title='bbox 1486 2711 1535 2761; x_wconf 89' lang='grc' dir='ltr'><strong><em>εἰ</em></strong></span> <span class='ocrx_word' id='word_1_281' title='bbox 1582 2712 1676 2761; x_wconf 84' lang='grc' dir='ltr'><strong><em>καὶ</em></strong></span> <span class='ocrx_word' id='word_1_282' title='bbox 1723 2709 1833 2760; x_wconf 78' lang='grc' dir='ltr'><strong><em>τῶν</em></strong></span> <span class='ocrx_word' id='word_1_283' title='bbox 1883 2711 2091 2778; x_wconf 84' lang='grc' dir='ltr'><strong><em>ὀρνέων</em></strong></span> <span class='ocrx_word' id='word_1_284' title='bbox 2139 2710 2241 2771; x_wconf 84' lang='grc' dir='ltr'><strong><em>τὰς</em></strong></span> <span class='ocrx_word' id='word_1_285' title='bbox 2281 2711 2639 2780; x_wconf 68' lang='grc' dir='ltr'><strong><em>φωνάςωιιΜ)</em></strong></span> 
     </span>
     <span class='ocr_line' id='line_1_31' title="bbox 382 2790 2684 2864; baseline -0 -19"><span class='ocrx_word' id='word_1_286' title='bbox 382 2797 652 2862; x_wconf 89' lang='grc' dir='ltr'><strong><em>συνίεμεν,</em></strong></span> <span class='ocrx_word' id='word_1_287' title='bbox 692 2794 803 2846; x_wconf 79' lang='grc' dir='ltr'><strong><em>τῶν</em></strong></span> <span class='ocrx_word' id='word_1_288' title='bbox 840 2797 1091 2864; x_wconf 87' lang='grc' dir='ltr'><strong><em>κοράκων</em></strong></span> <span class='ocrx_word' id='word_1_289' title='bbox 1128 2796 1160 2864; x_wconf 86' lang='grc' dir='ltr'><em>ἢ</em></span> <span class='ocrx_word' id='word_1_290' title='bbox 1200 2792 1439 2846; x_wconf 84' lang='grc' dir='ltr'><strong><em>κολοιῶν</em></strong></span> <span class='ocrx_word' id='word_1_291' title='bbox 1476 2797 1570 2846; x_wconf 82' lang='grc' dir='ltr'><strong><em>καὶ</em></strong></span> <span class='ocrx_word' id='word_1_292' title='bbox 1607 2794 1718 2846; x_wconf 76' lang='grc' dir='ltr'><strong><em>τῶν</em></strong></span> <span class='ocrx_word' id='word_1_293' title='bbox 1758 2792 1942 2845; x_wconf 82' lang='grc' dir='ltr'><strong><em>ἄλλων</em></strong></span> <span class='ocrx_word' id='word_1_294' title='bbox 1982 2790 2166 2862; x_wconf 78' lang='grc' dir='ltr'><strong><em>ζῴων,</em></strong></span> <span class='ocrx_word' id='word_1_295' title='bbox 2220 2794 2341 2845; x_wconf 84' lang='grc' dir='ltr'><strong><em>οἷον</em></strong></span> <span class='ocrx_word' id='word_1_296' title='bbox 2378 2795 2478 2861; x_wconf 80' lang='grc' dir='ltr'><strong><em>βα·</em></strong></span> <span class='ocrx_word' id='word_1_297' title='bbox 2683 2795 2684 2832; x_wconf 33' lang='lat' dir='ltr'><strong><em>Q</em></strong></span> 
     </span>
     <span class='ocr_line' id='line_1_32' title="bbox 377 2877 2560 2950; baseline 0 -20"><span class='ocrx_word' id='word_1_298' title='bbox 377 2882 594 2950; x_wconf 88' lang='grc' dir='ltr'><strong><em>τράχων</em></strong></span> <span class='ocrx_word' id='word_1_299' title='bbox 631 2882 662 2950; x_wconf 85' lang='grc' dir='ltr'><em>ἢ</em></span> <span class='ocrx_word' id='word_1_300' title='bbox 703 2882 993 2948; x_wconf 88' lang='grc' dir='ltr'><strong><em>τεττίγων,</em></strong></span> <span class='ocrx_word' id='word_1_301' title='bbox 1047 2877 1213 2950; x_wconf 83' lang='grc' dir='ltr'><strong><em>δῆλον</em></strong></span> <span class='ocrx_word' id='word_1_302' title='bbox 1262 2882 1350 2930; x_wconf 81' lang='grc' dir='ltr'><strong><em>ὅτι</em></strong></span> <span class='ocrx_word' id='word_1_303' title='bbox 1386 2881 1479 2930; x_wconf 86' lang='grc' dir='ltr'><strong><em>καὶ</em></strong></span> <span class='ocrx_word' id='word_1_304' title='bbox 1515 2884 1642 2941; x_wconf 88' lang='grc' dir='ltr'><strong><em>ταῖς</em></strong></span> <span class='ocrx_word' id='word_1_305' title='bbox 1678 2881 1892 2930; x_wconf 89' lang='grc' dir='ltr'><strong><em>τούτων</em></strong></span> <span class='ocrx_word' id='word_1_306' title='bbox 1934 2883 2154 2949; x_wconf 89' lang='grc' dir='ltr'><strong><em>φωναῖς</em></strong></span> <span class='ocrx_word' id='word_1_307' title='bbox 2191 2879 2258 2929; x_wconf 86' lang='grc' dir='ltr'><strong><em>ἂν</em></strong></span> <span class='ocrx_word' id='word_1_308' title='bbox 2297 2894 2474 2948; x_wconf 87' lang='grc' dir='ltr'><strong><em>προσ·</em></strong></span> <span class='ocrx_word' id='word_1_309' title='bbox 2511 2890 2560 2930; x_wconf 80' lang='lat'><strong><em>30</em></strong></span> 
     </span>
     <span class='ocr_line' id='line_1_33' title="bbox 379 2954 2479 3034; baseline -0.001 -18"><span class='ocrx_word' id='word_1_310' title='bbox 379 2966 625 3031; x_wconf 89' lang='grc' dir='ltr'><strong><em>είχομεν,</em></strong></span> <span class='ocrx_word' id='word_1_311' title='bbox 677 2966 734 3016; x_wconf 89' lang='grc' dir='ltr'><strong><em>τί</em></strong></span> <span class='ocrx_word' id='word_1_312' title='bbox 772 2962 919 3032; x_wconf 86' lang='grc' dir='ltr'><strong><em>λέγει</em></strong></span> <span class='ocrx_word' id='word_1_313' title='bbox 957 2966 1090 3034; x_wconf 83' lang='grc' dir='ltr'><strong><em>περὶ</em></strong></span> <span class='ocrx_word' id='word_1_314' title='bbox 1125 2963 1280 3032; x_wconf 79' lang='grc' dir='ltr'><strong><em>ἡμῶν</em></strong></span> <span class='ocrx_word' id='word_1_315' title='bbox 1320 2966 1351 3015; x_wconf 84' lang='grc' dir='ltr'>ὁ</span> <span class='ocrx_word' id='word_1_316' title='bbox 1387 2962 1612 3026; x_wconf 89' lang='grc' dir='ltr'><strong><em>κολοιὸς</em></strong></span> <span class='ocrx_word' id='word_1_317' title='bbox 1650 2966 1682 3016; x_wconf 82' lang='grc' dir='ltr'><em>ὁ</em></span> <span class='ocrx_word' id='word_1_318' title='bbox 1719 2967 2030 3030; x_wconf 88' lang='grc' dir='ltr'><strong><em>πετόμενος</em></strong></span> <span class='ocrx_word' id='word_1_319' title='bbox 2067 2954 2100 3034; x_wconf 78' lang='grc' dir='ltr'><em>ἢ</em></span> <span class='ocrx_word' id='word_1_320' title='bbox 2139 2964 2198 3014; x_wconf 89' lang='grc' dir='ltr'><strong><em>τί</em></strong></span> <span class='ocrx_word' id='word_1_321' title='bbox 2237 2978 2411 3034; x_wconf 91' lang='grc' dir='ltr'><strong><em>φησιν</em></strong></span> <span class='ocrx_word' id='word_1_322' title='bbox 2448 2968 2479 3032; x_wconf 82' lang='grc' dir='ltr'><strong><em>ή</em></strong></span> 
     </span>
    </p>
   </div>
   <div class='ocr_carea' id='block_1_5' title="bbox 278 3167 2480 3583">
    <p class='ocr_par' dir='ltr' id='par_1_10' title="bbox 379 3167 2480 3517">
     <span class='ocr_line' id='line_1_34' title="bbox 522 3167 2480 3232; baseline 0.002 -16"><span class='ocrx_word' id='word_1_323' title='bbox 522 3176 546 3216; x_wconf 89' lang='grc'><strong>2</strong></span> <span class='ocrx_word' id='word_1_324' title='bbox 578 3169 849 3229; x_wconf 83' lang='grc' dir='ltr'><strong><em>δικάζουσιν</em></strong></span> <span class='ocrx_word' id='word_1_325' title='bbox 880 3173 917 3216; x_wconf 93' lang='grc' dir='ltr'>Β</span> <span class='ocrx_word' id='word_1_326' title='bbox 1003 3176 1031 3217; x_wconf 90' lang='grc'>4</span> <span class='ocrx_word' id='word_1_327' title='bbox 1060 3167 1293 3220; x_wconf 79' lang='grc' dir='ltr'><strong><em>ἀπολύσει</em></strong></span> <span class='ocrx_word' id='word_1_328' title='bbox 1324 3172 1480 3228; x_wconf 79' lang='lat' dir='ltr'>MPH3</span> <span class='ocrx_word' id='word_1_329' title='bbox 1511 3171 1702 3217; x_wconf 87' lang='lat' dir='ltr'>offendit</span> <span class='ocrx_word' id='word_1_330' title='bbox 1734 3185 1949 3217; x_wconf 81' lang='lat' dir='ltr'>numerus</span> <span class='ocrx_word' id='word_1_331' title='bbox 1980 3171 2218 3228; x_wconf 81' lang='lat' dir='ltr'>singularis</span> <span class='ocrx_word' id='word_1_332' title='bbox 2316 3176 2342 3217; x_wconf 89' lang='grc'>6</span> <span class='ocrx_word' id='word_1_333' title='bbox 2370 3171 2480 3232; x_wconf 78' lang='grc' dir='ltr'><strong><em>μήτι</em></strong></span> 
     </span>
     <span class='ocr_line' id='line_1_35' title="bbox 379 3233 2480 3305; baseline 0.001 -14"><span class='ocrx_word' id='word_1_334' title='bbox 379 3240 483 3291; x_wconf 86' lang='grc' dir='ltr'><strong><em>τινὰ</em></strong></span> <span class='ocrx_word' id='word_1_335' title='bbox 513 3243 554 3288; x_wconf 91' lang='lat' dir='ltr'>U</span> <span class='ocrx_word' id='word_1_336' title='bbox 671 3248 693 3287; x_wconf 83' lang='lat'><strong>7</strong></span> <span class='ocrx_word' id='word_1_337' title='bbox 727 3240 912 3301; x_wconf 81' lang='grc' dir='ltr'><strong><em>ἶταμῶν</em></strong></span> <span class='ocrx_word' id='word_1_338' title='bbox 940 3244 1064 3288; x_wconf 79' lang='lat' dir='ltr'><strong>malit</strong></span> <span class='ocrx_word' id='word_1_339' title='bbox 1094 3243 1226 3301; x_wconf 83' lang='lat' dir='ltr'><strong>Emp.</strong></span> <span class='ocrx_word' id='word_1_340' title='bbox 1346 3238 1426 3290; x_wconf 82' lang='grc' dir='ltr'><strong><em>οἷα</em></strong></span> <span class='ocrx_word' id='word_1_341' title='bbox 1459 3243 1608 3300; x_wconf 84' lang='lat' dir='ltr'><strong>Emp.‚</strong></span> <span class='ocrx_word' id='word_1_342' title='bbox 1641 3233 1736 3289; x_wconf 76' lang='grc' dir='ltr'><strong><em>ὅσα</em></strong></span> <span class='ocrx_word' id='word_1_343' title='bbox 1766 3243 1871 3287; x_wconf 86' lang='lat' dir='ltr'><strong>libri</strong></span> <span class='ocrx_word' id='word_1_344' title='bbox 2018 3246 2043 3287; x_wconf 87' lang='lat'>8</span> <span class='ocrx_word' id='word_1_345' title='bbox 2073 3241 2322 3304; x_wconf 77' lang='grc' dir='ltr'><strong><em>ἐσπάθησε</em></strong></span> <span class='ocrx_word' id='word_1_346' title='bbox 2352 3244 2480 3305; x_wconf 76' lang='grc' dir='ltr'><strong><em>ῥῆμα</em></strong></span> 
     </span>
     <span class='ocr_line' id='line_1_36' title="bbox 379 3309 2478 3375; baseline -0 -16"><span class='ocrx_word' id='word_1_347' title='bbox 379 3315 512 3360; x_wconf 86' lang='lat' dir='ltr'><strong><em>UBM</em></strong></span> <span class='ocrx_word' id='word_1_348' title='bbox 541 3314 637 3370; x_wconf 83' lang='lat' dir='ltr'><strong>(sed</strong></span> <span class='ocrx_word' id='word_1_349' title='bbox 665 3314 740 3359; x_wconf 82' lang='lat' dir='ltr'><strong><em>hic</em></strong></span> <span class='ocrx_word' id='word_1_350' title='bbox 769 3320 879 3368; x_wconf 86' lang='grc' dir='ltr'><strong><em>-ισε)</em></strong></span> <span class='ocrx_word' id='word_1_351' title='bbox 909 3315 945 3359; x_wconf 89' lang='lat' dir='ltr'>P</span> <span class='ocrx_word' id='word_1_352' title='bbox 976 3310 1239 3370; x_wconf 75' lang='grc' dir='ltr'><strong><em>εὐπαθείας</em></strong></span> <span class='ocrx_word' id='word_1_353' title='bbox 1268 3311 1419 3375; x_wconf 75' lang='grc' dir='ltr'><strong><em>ἔρημα</em></strong></span> <span class='ocrx_word' id='word_1_354' title='bbox 1447 3316 1491 3360; x_wconf 90' lang='grc' dir='ltr'>Η</span> <span class='ocrx_word' id='word_1_355' title='bbox 1512 3312 1746 3374; x_wconf 80' lang='grc' dir='ltr'><strong><em>(ἐπαφῆκε</em></strong></span> <span class='ocrx_word' id='word_1_356' title='bbox 1768 3314 1822 3372; x_wconf 89' lang='grc' dir='ltr'><strong><em>Τ,</em></strong></span> <span class='ocrx_word' id='word_1_357' title='bbox 1852 3328 1960 3372; x_wconf 86' lang='lat' dir='ltr'><strong>mrg.</strong></span> <span class='ocrx_word' id='word_1_358' title='bbox 1981 3315 2038 3369; x_wconf 84' lang='lat' dir='ltr'><strong><em>U)</em></strong></span> <span class='ocrx_word' id='word_1_359' title='bbox 2154 3318 2179 3359; x_wconf 88' lang='grc'>9</span> <span class='ocrx_word' id='word_1_360' title='bbox 2213 3309 2349 3362; x_wconf 80' lang='grc' dir='ltr'><strong><em>οὐδὲν</em></strong></span> <span class='ocrx_word' id='word_1_361' title='bbox 2377 3316 2478 3361; x_wconf 77' lang='lat' dir='ltr'><strong>add.</strong></span> 
     </span>
     <span class='ocr_line' id='line_1_37' title="bbox 380 3381 2478 3447; baseline -0 -16"><span class='ocrx_word' id='word_1_362' title='bbox 380 3385 488 3431; x_wconf 88' lang='lat' dir='ltr'><strong>Wil.</strong></span> <span class='ocrx_word' id='word_1_363' title='bbox 605 3384 654 3431; x_wconf 83' lang='grc' dir='ltr'><strong><em>δὲ</em></strong></span> <span class='ocrx_word' id='word_1_364' title='bbox 683 3385 725 3429; x_wconf 88' lang='grc' dir='ltr'><strong>Η</strong></span> <span class='ocrx_word' id='word_1_365' title='bbox 875 3390 924 3430; x_wconf 86' lang='grc'><strong><em>10</em></strong></span> <span class='ocrx_word' id='word_1_366' title='bbox 954 3388 1145 3443; x_wconf 83' lang='grc' dir='ltr'><strong><em>καιρίου</em></strong></span> <span class='ocrx_word' id='word_1_367' title='bbox 1176 3387 1387 3442; x_wconf 65' lang='lat' dir='ltr'><strong>casaub„</strong></span> <span class='ocrx_word' id='word_1_368' title='bbox 1417 3388 1587 3447; x_wconf 83' lang='grc' dir='ltr'><strong><em>κυρίου</em></strong></span> <span class='ocrx_word' id='word_1_369' title='bbox 1615 3386 1721 3431; x_wconf 80' lang='lat' dir='ltr'>libri</span> <span class='ocrx_word' id='word_1_370' title='bbox 1866 3381 2073 3445; x_wconf 74' lang='grc' dir='ltr'><strong><em>ἀνῄρηκε</em></strong></span> <span class='ocrx_word' id='word_1_371' title='bbox 2112 3385 2151 3429; x_wconf 86' lang='grc' dir='ltr'><strong>Η</strong></span> <span class='ocrx_word' id='word_1_372' title='bbox 2183 3387 2245 3441; x_wconf 84' lang='lat' dir='ltr'><strong><em>(iu</em></strong></span> <span class='ocrx_word' id='word_1_373' title='bbox 2276 3386 2315 3431; x_wconf 93' lang='lat' dir='ltr'>U</span> <span class='ocrx_word' id='word_1_374' title='bbox 2346 3403 2374 3432; x_wconf 89' lang='grc' dir='ltr'><strong><em>ν</em></strong></span> <span class='ocrx_word' id='word_1_375' title='bbox 2402 3386 2478 3431; x_wconf 89' lang='lat' dir='ltr'><strong><em>fin.</em></strong></span> 
     </span>
     <span class='ocr_line' id='line_1_38' title="bbox 379 3451 2480 3517; baseline 0 -16"><span class='ocrx_word' id='word_1_376' title='bbox 379 3460 575 3510; x_wconf 77' lang='lat' dir='ltr'><strong>erasum)</strong></span> <span class='ocrx_word' id='word_1_377' title='bbox 693 3460 743 3500; x_wconf 88' lang='grc'><strong><em>16</em></strong></span> <span class='ocrx_word' id='word_1_378' title='bbox 775 3453 971 3515; x_wconf 86' lang='grc' dir='ltr'><strong><em>πτωχὸν</em></strong></span> <span class='ocrx_word' id='word_1_379' title='bbox 1000 3453 1089 3503; x_wconf 88' lang='grc' dir='ltr'><strong><em>τὸν</em></strong></span> <span class='ocrx_word' id='word_1_380' title='bbox 1119 3457 1252 3515; x_wconf 86' lang='lat' dir='ltr'><strong>Emp.</strong></span> <span class='ocrx_word' id='word_1_381' title='bbox 1284 3454 1483 3517; x_wconf 84' lang='grc' dir='ltr'><strong><em>πτωχὸν</em></strong></span> <span class='ocrx_word' id='word_1_382' title='bbox 1512 3458 1561 3504; x_wconf 82' lang='grc' dir='ltr'><strong><em>δὲ</em></strong></span> <span class='ocrx_word' id='word_1_383' title='bbox 1593 3458 1696 3502; x_wconf 85' lang='lat' dir='ltr'>libri</span> <span class='ocrx_word' id='word_1_384' title='bbox 1783 3453 2060 3504; x_wconf 80' lang='grc' dir='ltr'><strong><em>καθελόντα</em></strong></span> <span class='ocrx_word' id='word_1_385' title='bbox 2079 3456 2124 3500; x_wconf 91' lang='grc' dir='ltr'>Η</span> <span class='ocrx_word' id='word_1_386' title='bbox 2241 3461 2291 3501; x_wconf 83' lang='lat'><strong><em>17</em></strong></span> <span class='ocrx_word' id='word_1_387' title='bbox 2323 3451 2480 3516; x_wconf 80' lang='grc' dir='ltr'><strong><em>ἀναγι-</em></strong></span> 
     </span>
    </p>

    <p class='ocr_par' dir='ltr' id='par_1_11' title="bbox 278 3522 2388 3583">
     <span class='ocr_line' id='line_1_39' title="bbox 278 3522 2388 3583; baseline -0.001 -10"><span class='ocrx_word' id='word_1_388' title='bbox 278 3555 282 3559; x_wconf 90' lang='lat'><em>-</em></span> <span class='ocrx_word' id='word_1_389' title='bbox 380 3522 553 3573; x_wconf 82' lang='grc' dir='ltr'><strong><em>νώσκει</em></strong></span> <span class='ocrx_word' id='word_1_390' title='bbox 580 3526 684 3571; x_wconf 86' lang='lat' dir='ltr'><strong>libri</strong></span> <span class='ocrx_word' id='word_1_391' title='bbox 775 3531 826 3572; x_wconf 88' lang='lat'><strong><em>18</em></strong></span> <span class='ocrx_word' id='word_1_392' title='bbox 856 3523 929 3574; x_wconf 83' lang='grc' dir='ltr'><strong><em>διὰ</em></strong></span> <span class='ocrx_word' id='word_1_393' title='bbox 961 3523 1018 3574; x_wconf 86' lang='grc' dir='ltr'><strong><em>τὸ</em></strong></span> <span class='ocrx_word' id='word_1_394' title='bbox 1041 3528 1102 3582; x_wconf 91' lang='grc' dir='ltr'><strong><em>Μ,</em></strong></span> <span class='ocrx_word' id='word_1_395' title='bbox 1133 3542 1221 3574; x_wconf 81' lang='lat' dir='ltr'><strong><em>om,</em></strong></span> <span class='ocrx_word' id='word_1_396' title='bbox 1255 3529 1395 3574; x_wconf 83' lang='lat' dir='ltr'><strong>ceteri</strong></span> <span class='ocrx_word' id='word_1_397' title='bbox 1486 3533 1536 3573; x_wconf 86' lang='lat'><strong><em>19</em></strong></span> <span class='ocrx_word' id='word_1_398' title='bbox 1559 3523 1615 3583; x_wconf 77' lang='grc' dir='ltr'><strong><em>ὃς</em></strong></span> <span class='ocrx_word' id='word_1_399' title='bbox 1635 3542 1722 3573; x_wconf 88' lang='lat' dir='ltr'><strong><em>om.</em></strong></span> <span class='ocrx_word' id='word_1_400' title='bbox 1743 3527 1824 3574; x_wconf 82' lang='grc' dir='ltr'><strong><em>ΠΒ</em></strong></span> <span class='ocrx_word' id='word_1_401' title='bbox 1848 3529 1908 3574; x_wconf 82' lang='lat' dir='ltr'><strong><em>cf.</em></strong></span> <span class='ocrx_word' id='word_1_402' title='bbox 1930 3528 2061 3572; x_wconf 86' lang='lat' dir='ltr'>Hom.</span> <span class='ocrx_word' id='word_1_403' title='bbox 2086 3527 2168 3572; x_wconf 83' lang='lat' dir='ltr'><strong><em>od.</em></strong></span> <span class='ocrx_word' id='word_1_404' title='bbox 2192 3526 2388 3572; x_wconf 82' lang='lat' dir='ltr'>XVI111</span> 
     </span>
    </p>
   </div>
   <div class='ocr_carea' id='block_1_6' title="bbox 381 3595 2396 3724">
    <p class='ocr_par' dir='ltr' id='par_1_12' title="bbox 381 3595 2396 3724">
     <span class='ocr_line' id='line_1_40' title="bbox 382 3595 2396 3678; baseline 0 -37"><span class='ocrx_word' id='word_1_405' title='bbox 382 3600 438 3641; x_wconf 86' lang='lat'><strong><em>20</em></strong></span> <span class='ocrx_word' id='word_1_406' title='bbox 466 3597 658 3642; x_wconf 78' lang='lat' dir='ltr'><strong>alterum</strong></span> <span class='ocrx_word' id='word_1_407' title='bbox 685 3611 749 3643; x_wconf 86' lang='lat' dir='ltr'><strong><em>vs.</em></strong></span> <span class='ocrx_word' id='word_1_408' title='bbox 782 3611 867 3642; x_wconf 92' lang='lat' dir='ltr'><strong><em>om.</em></strong></span> <span class='ocrx_word' id='word_1_409' title='bbox 898 3597 1030 3642; x_wconf 85' lang='lat' dir='ltr'><strong><em>UBM</em></strong></span> <span class='ocrx_word' id='word_1_410' title='bbox 1165 3604 1215 3643; x_wconf 83' lang='lat'><strong><em>21</em></strong></span> <span class='ocrx_word' id='word_1_411' title='bbox 1253 3599 1458 3660; x_wconf 83' lang='grc' dir='ltr'><strong><em>Κέκροψ</em></strong></span> <span class='ocrx_word' id='word_1_412' title='bbox 1486 3600 1602 3654; x_wconf 89' lang='lat' dir='ltr'>libri,</span> <span class='ocrx_word' id='word_1_413' title='bbox 1637 3599 1854 3678; x_wconf 78' lang='grc' dir='ltr'><strong><em>Κέρκωψ</em></strong></span> <span class='ocrx_word' id='word_1_414' title='bbox 1883 3598 2065 3644; x_wconf 78' lang='lat' dir='ltr'><strong>Geelius</strong></span> <span class='ocrx_word' id='word_1_415' title='bbox 2177 3595 2333 3644; x_wconf 87' lang='grc' dir='ltr'><strong><em>κακὸν</em></strong></span> <span class='ocrx_word' id='word_1_416' title='bbox 2353 3598 2396 3642; x_wconf 88' lang='grc' dir='ltr'><em>Η</em></span> 
     </span>
     <span class='ocr_line' id='line_1_41' title="bbox 381 3659 2366 3724; baseline 0.003 -17"><span class='ocrx_word' id='word_1_417' title='bbox 381 3667 435 3707; x_wconf 88' lang='grc'><strong><em>22</em></strong></span> <span class='ocrx_word' id='word_1_418' title='bbox 464 3659 551 3711; x_wconf 82' lang='grc' dir='ltr'><strong><em>ἐὰν</em></strong></span> <span class='ocrx_word' id='word_1_419' title='bbox 578 3664 667 3721; x_wconf 81' lang='grc' dir='ltr'><strong><em>μὲν</em></strong></span> <span class='ocrx_word' id='word_1_420' title='bbox 695 3689 751 3697; x_wconf 92' lang='lat'><strong><em>—-</em></strong></span> <span class='ocrx_word' id='word_1_421' title='bbox 782 3667 835 3708; x_wconf 78' lang='lat'><strong><em>23</em></strong></span> <span class='ocrx_word' id='word_1_422' title='bbox 866 3661 1065 3724; x_wconf 69' lang='grc' dir='ltr'><strong><em>σκώψῃς</em></strong></span> <span class='ocrx_word' id='word_1_423' title='bbox 1104 3678 1191 3710; x_wconf 88' lang='lat' dir='ltr'><strong><em>om.</em></strong></span> <span class='ocrx_word' id='word_1_424' title='bbox 1222 3667 1265 3710; x_wconf 91' lang='lat' dir='ltr'>H</span> <span class='ocrx_word' id='word_1_425' title='bbox 1304 3668 1471 3724; x_wconf 80' lang='lat' dir='ltr'>(suppl.</span> <span class='ocrx_word' id='word_1_426' title='bbox 1501 3681 1557 3711; x_wconf 94' lang='lat' dir='ltr'><strong>m</strong></span> <span class='ocrx_word' id='word_1_427' title='bbox 1591 3667 1678 3712; x_wconf 83' lang='lat' dir='ltr'><strong>div.</strong></span> <span class='ocrx_word' id='word_1_428' title='bbox 1707 3667 1756 3711; x_wconf 91' lang='lat' dir='ltr'><strong><em>in</em></strong></span> <span class='ocrx_word' id='word_1_429' title='bbox 1786 3669 1911 3722; x_wconf 83' lang='lat' dir='ltr'><strong>mrg.)</strong></span> <span class='ocrx_word' id='word_1_430' title='bbox 2057 3669 2111 3710; x_wconf 86' lang='lat'><strong><em>26</em></strong></span> <span class='ocrx_word' id='word_1_431' title='bbox 2149 3665 2273 3714; x_wconf 82' lang='grc' dir='ltr'><strong><em>έπίει</em></strong></span> <span class='ocrx_word' id='word_1_432' title='bbox 2317 3668 2366 3712; x_wconf 88' lang='grc' dir='ltr'>Μ</span> 
     </span>
    </p>
   </div>
   <div class='ocr_carea' id='block_1_7' title="bbox 383 3729 2481 3798">
    <p class='ocr_par' dir='ltr' id='par_1_13' title="bbox 383 3729 2481 3798">
     <span class='ocr_line' id='line_1_42' title="bbox 383 3729 2481 3798; baseline 0.002 -19"><span class='ocrx_word' id='word_1_433' title='bbox 383 3738 435 3779; x_wconf 86' lang='grc'><strong><em>28</em></strong></span> <span class='ocrx_word' id='word_1_434' title='bbox 469 3729 585 3781; x_wconf 78' lang='grc' dir='ltr'><strong><em>αὐτὸ</em></strong></span> <span class='ocrx_word' id='word_1_435' title='bbox 617 3735 702 3781; x_wconf 87' lang='lat' dir='ltr'><strong>del.</strong></span> <span class='ocrx_word' id='word_1_436' title='bbox 734 3735 855 3788; x_wconf 67' lang='lat' dir='ltr'>wil„</span> <span class='ocrx_word' id='word_1_437' title='bbox 886 3729 1032 3794; x_wconf 78' lang='grc' dir='ltr'><strong><em>αὐτὴν</em></strong></span> <span class='ocrx_word' id='word_1_438' title='bbox 1062 3736 1102 3779; x_wconf 92' lang='grc' dir='ltr'><strong>Η</strong></span> <span class='ocrx_word' id='word_1_439' title='bbox 1246 3741 1298 3782; x_wconf 83' lang='grc'><strong><em>30</em></strong></span> <span class='ocrx_word' id='word_1_440' title='bbox 1330 3737 1652 3798; x_wconf 81' lang='grc' dir='ltr'><strong><em>προσέχωμεν</em></strong></span> <span class='ocrx_word' id='word_1_441' title='bbox 1682 3737 1763 3782; x_wconf 88' lang='grc' dir='ltr'><strong><em>ΡΗ</em></strong></span> <span class='ocrx_word' id='word_1_442' title='bbox 1936 3741 1986 3783; x_wconf 89' lang='lat'><strong><em>31</em></strong></span> <span class='ocrx_word' id='word_1_443' title='bbox 2020 3737 2144 3797; x_wconf 82' lang='grc' dir='ltr'><strong><em>λέγει</em></strong></span> <span class='ocrx_word' id='word_1_444' title='bbox 2173 3738 2219 3783; x_wconf 91' lang='lat' dir='ltr'><strong><em>in</em></strong></span> <span class='ocrx_word' id='word_1_445' title='bbox 2250 3751 2409 3783; x_wconf 81' lang='lat' dir='ltr'><strong>rasura</strong></span> <span class='ocrx_word' id='word_1_446' title='bbox 2441 3740 2481 3782; x_wconf 90' lang='lat' dir='ltr'>H</span> 
     </span>
    </p>
   </div>
  </div>
 </body>
</html>
