2684 4140
951 316 1177 364 ORATIO
1206 314 1459 362 xxxvm.
2174 316 2239 365 35

0 475 141 516 ⁵9311)
165 460 368 524 παῖδες
404 464 545 532 ὑπὲρ
585 469 695 514 τῶν
733 467 992 532 πατέρων
1032 463 1108 524 ὡς
1145 463 1243 513 ἐπὶ
1267 466 1388 523 τοῖς
1412 462 1700 528 μεγίστοις
1724 464 1929 522 κακοῖς.
2003 461 2237 514 ἐπειδὰν
2259 464 2325 515 20

166 549 266 613 μὲν
295 548 389 599 οὖν
416 546 612 614 λοιμὸς
636 549 668 618 ἢ
699 550 929 613 σεισμὸς
955 551 1199 616 γένηται,
1237 551 1358 608 τοῖς
1383 547 1548 608 θεοῖς
1573 543 1922 613 ἐγκαλοῦμεν,
1962 548 2038 608 ὡς
2062 554 2242 600 κακῶν

168 637 508 699 παρέχουσιν
545 637 665 694 τοῖς
710 633 1046 701 ἀνθρώποις
1095 632 1307 695 αἰτίας,
1352 633 1446 682 καὶ
1498 631 1563 681 οὔ
1611 648 1794 701 φαμεν
1846 632 2047 694 αὐτούς
2097 633 2244 687 εἶναι

170 714 419 778 δικαίους
446 714 572 768 οὐδὲ
602 714 1066 787 φιλανθρώπους,
1097 714 1221 766 οὐδὲ
1249 717 1316 766 ἂν
1343 716 1410 765 τὰ
1436 713 1682 780 μάλιστα
1709 719 1840 785 ἡμῖν
1865 719 2244 787 ἡμαρτηκόσιν

106 810 130 851 5
169 802 479 866 ἐπιτιμῶσι
519 802 616 852 σὺν
653 807 721 870 τῇ
760 799 908 869 δίκῃ·
963 806 1232 850 τοσοῦτον
1280 802 1448 865 μῖσός
1486 801 1609 850 ἐστι
1647 802 1792 867 πρὸς
1839 800 1907 849 τὰ
1958 803 2244 868 αὐτόματα

166 890 275 935 τῶν
311 891 506 936 κακῶν.
591 883 839 951 πόλεμον
880 882 965 948 δέ,
1017 887 1173 946 ὅστις
1212 885 1307 948 οὐχ
1344 884 1509 954 ἧττον
1557 881 1869 934 ἀπόλλυσιν
1916 886 1947 954 ἢ
1998 890 2245 953 σεισμός,

168 970 327 1021 αὐτοὶ
363 971 798 1040 προαιρούμεθα
835 970 928 1020 καὶ
963 973 1085 1030 τοῖς
1112 970 1320 1029 αἰτίοις
1346 970 1558 1019 τούτων
1586 969 1924 1037 ἀνθρώποις
1957 972 2053 1022 οὐκ
2090 974 2246 1039 ἐγκα-

169 1052 366 1120 λοῦμεν
406 1053 579 1118 οὐδέν,
621 1056 812 1124 ὥσπερ
849 1056 991 1123 ὑπὲρ
1030 1055 1253 1104 ἐκείνων
1280 1057 1401 1114 τοῖς
1433 1053 1614 1116 θεοῖς,
1655 1050 1795 1103 ἀλλὰ
1833 1056 2066 1117 τούτους
2102 1055 2250 1108 εἶναι

165 1141 257 1190 καὶ
297 1137 643 1209 φιλοδήμους
670 1137 935 1204 δοκοῦμεν
959 1140 1053 1189 καὶ
1080 1136 1349 1205 λεγόντων
1386 1135 1590 1207 ἥδιστα
1625 1139 1898 1202 ἀκούομεν
1938 1141 2118 1192 αὐτῶν
2155 1142 2249 1192 καὶ

91 1232 140 1275 10
178 1222 616 1290 συμβουλεύουσι
652 1224 1005 1289 πειθόμεθα,
1043 1224 1137 1273 καὶ
1174 1224 1365 1283 πάσας
1404 1215 1598 1282 αὐτοῖς
1625 1226 1941 1292 παρέχομεν
1980 1225 2104 1275 ἀντὶ
2140 1231 2251 1276 τῶν

171 1315 350 1360 κακῶν
389 1302 484 1359 οὐκ
521 1309 788 1374 ἀμοιβάς·
826 1308 1062 1374 ἀμοιβαὶ
1087 1307 1189 1375 γάρ
1219 1304 1279 1369 ἐξ
1306 1305 1444 1357 ἴσων
1471 1307 1538 1356 ἂν
1566 1308 1848 1374 ἐγίγνοντο
1877 1310 2022 1377 πρὸς
2050 1303 2254 1370 αὐτοὺς

171 1400 374 1444 κακῶν·
412 1390 551 1443 ἀλλὰ
585 1394 820 1460 χάριτας
856 1394 949 1442 καὶ
973 1392 1142 1456 τιμὰς
1167 1393 1260 1442 καὶ
1285 1392 1583 1453 ἐπαίνους·
1626 1393 1770 1443 ὥστε
1799 1390 2021 1461 σφόδρα
2049 1393 2116 1444 ἂν
2144 1392 2254 1444 εἷεν

174 1481 402 1547 ἀνόητοι
439 1483 548 1527 τῶν
586 1479 684 1527 ἐπὶ
719 1481 841 1538 τοῖς
876 1481 1068 1537 κακοῖς
1104 1477 1190 1527 ἔτι
1221 1478 1385 1546 χάριν
1424 1474 1658 1528 εἰδότων
1699 1474 2043 1547 φειδόμενοι.
2190 1479 2252 1528 τὸ
2274 1480 2336 1532 21

173 1565 273 1627 μὲν
301 1562 395 1612 οὖν
422 1567 664 1630 πρῶτον,
692 1559 890 1631 ἀνδρες
909 1559 1269 1631 Νικομηδεῖς,
1296 1563 1398 1623 τὰς
1426 1563 1614 1623 αἰτίας
1639 1569 1738 1633 τῆς
1761 1564 2012 1624 στάσεως
2033 1560 2255 1628 ἴδωμεν.

97 1657 146 1698 15
182 1649 233 1698 εἰ
268 1649 369 1713 μὲν
405 1647 507 1715 γὰρ
547 1644 847 1716 τηλικαῦτά
886 1648 1066 1710 ἐστιν,
1117 1640 1256 1697 ὥστ’
1310 1644 1470 1709 ἀξιον
1517 1646 1664 1698 εἶναι
1701 1644 1971 1712 πολεμεῖν
2010 1646 2258 1714 πόλεμον

178 1732 240 1782 ού
281 1734 569 1798 σύντομον,
610 1731 730 1793 οἶος
768 1733 835 1782 ἂν
872 1736 994 1793 τοῖς
1031 1729 1233 1793 ὅπλοις
1270 1733 1512 1799 ἐγίγνετο
1539 1734 1632 1783 καὶ
1656 1733 2008 1802 παρηγορίαν
2046 1731 2158 1798 εἶχε
2195 1735 2259 1784 τὸ

177 1819 343 1882 τάχος
381 1824 478 1887 τῆς
530 1814 888 1885 διακρίσεως,
939 1814 1080 1866 ἀλλὰ
1130 1819 1341 1886 μακρὸν
1390 1819 1484 1868 καὶ
1529 1818 1850 1881 ἄπαυστον,
1901 1819 2046 1868 ὥστε
2094 1819 2261 1869 αὐτὸν

0 1911 152 1954 [0311)
175 1899 602 1952 ὑπολείπεσθαι
637 1903 730 1953 καὶ
766 1906 888 1963 τοῖς
927 1903 1097 1953 παισὶ
1120 1903 1214 1952 καὶ
1238 1906 1359 1963 τοῖς
1385 1904 1632 1969 ἐκγόνοις
1667 1903 1761 1953 καὶ
1796 1899 2084 1972 μηδέποτε
2112 1907 2262 1968 σχεῖν

178 1984 382 2037 ἐλπίδα
420 1984 793 2057 καταλλαγῆς·
833 1983 1240 2054 ἀγωνιζώμεθα
1278 1989 1371 2038 καὶ
1412 1983 1799 2053 στασιάζωμεν
1827 1989 1921 2038 καὶ
1959 1990 2261 2057 πράγματα

0 2068 1 2121 ἰ
98 2078 147 2120 20
183 2076 511 2141 παρέχωμεν
540 2069 818 2142 ἀλλήλοις,
857 2075 961 2123 ὅσα
989 2073 1172 2123 ἔνεστι
1199 2076 1481 2139 παρέχειν,
1521 2073 1833 2138 ἀχθόμενοι
1873 2070 2022 2123 διότι
2057 2074 2130 2142 μὴ
2170 2074 2264 2124 καὶ

0 2124 1 2160 ¹
177 2154 354 2207 πλείω
395 2154 701 2222 δυνάμεθα.
778 2158 828 2207 εἰ
868 2154 926 2207 δὲ
964 2154 1210 2222 μάλιστα
1247 2159 1349 2223 μὲν
1390 2155 1548 2208 οὐδέν
1574 2159 1698 2207 ἐστι
1735 2159 1798 2208 τὸ
1839 2154 2022 2207 ἆθλον
2061 2160 2262 2208 τούτου

175 2247 277 2291 τοῦ
317 2247 512 2304 κακοῦ,
562 2242 630 2291 τὰ
681 2239 739 2292 δὲ
792 2239 1058 2292 δοκοῦντα
1109 2241 1255 2293 εἶναι
1303 2244 1397 2293 καὶ
1432 2244 1602 2312 μικρά
1642 2244 1766 2293 ἐστι
1812 2244 1906 2293 καὶ
1946 2241 2133 2312 φαῦλα
2172 2245 2266 2294 καὶ

176 2318 296 2376 οὐδ’
340 2323 573 2388 ἰδιώτας
609 2328 751 2396 ὑπὲρ
792 2327 972 2378 αὐτῶν
1014 2323 1335 2389 στασιάζειν
1361 2323 1519 2388 ἄξιόν
1546 2329 1716 2391 ἐστιν,
1759 2320 1857 2392 οὐχ
1883 2329 2041 2389 ὅπως
2069 2326 2267 2390 πόλεις

175 2407 533 2479 τηλικαύτας·
590 2413 663 2482 μὴ
717 2413 1021 2477 πάσχωμεν
1070 2414 1268 2478 ὅμοιόν
1318 2430 1374 2463 τι
1421 2416 1544 2473 τοῖς
1595 2413 1813 2483 ἄφροσι
1864 2418 1975 2463 τῶν
2025 2411 2267 2477 παίδων,

97 2502 147 2544 25
186 2496 389 2557 οἵτινες
426 2493 750 2562 αἰδούμενοι
786 2499 858 2566 μὴ
902 2495 1111 2549 δοκῶσι
1146 2499 1326 2567 μάτην
1365 2494 1697 2566 ὀργίζεσθαι
1743 2501 1865 2559 τοῖς
1912 2500 2197 2567 πατράσιν
2234 2499 2265 2568 ἢ

177 2584 301 2641 ταῖς
337 2583 614 2651 μητράσιν
665 2572 728 2632 οὗ
776 2579 1076 2648 βούλονται
1122 2579 1616 2633 καταλλάττεσθαι
1666 2580 1893 2652 ῥᾳδίως.
1980 2584 2122 2652 ὑπὲρ
2160 2584 2261 2648 μὲν
2283 2588 2350 2639 22

180 2665 274 2715 οὖν
312 2672 410 2735 γῆς
434 2667 466 2735 ἢ
495 2663 786 2736 θαλάττης
814 2665 940 2718 οὐδὲ
966 2669 1287 2734 μαχόμεθα,
1328 2665 1469 2718 ἀλλὰ
1496 2665 1789 2738 θαλάττης
1820 2670 1922 2733 μὲν
1951 2660 2073 2718 οὐδ’
2118 2669 2268 2719 ἀντι-

29 2758 85 2794 175
106 2758 157 2800 Μ)
183 2756 480 2801 ποιοῦνται
509 2753 653 2820 πρὸς
677 2753 817 2818 ὑμᾶς
845 2754 900 2803 οἱ
924 2755 1175 2817 Νικαεῖς,
1217 2746 1344 2803 ἀλλ’
1387 2751 1583 2823 ἡδέως,
1621 2754 1765 2804 ὥστε
1791 2751 2070 2822 μηδεμίαν
2097 2756 2269 2822 παρέ-

177 2852 295 2899 χειν
332 2837 528 2905 μάχην,
568 2834 957 2906 διακέκρινται.
1030 2840 1125 2889 καὶ
1160 2840 1268 2909 μὴν
1308 2831 1437 2889 οὐδὲ
1475 2839 1619 2905 ὑπὲρ
1659 2836 1962 2907 προσόδων
2002 2833 2265 2903 ἀγωνιζό-

101 2923 149 2965 30
183 2920 364 2984 μεθα,
415 2918 555 2972 ἀλλά
604 2925 862 2985 ἑκάστοις
911 2924 1128 2994 ἀπόχρη
1180 2924 1248 2974 τὰ
1300 2925 1505 2974 οἰκεῖα’
1553 2925 1647 2974 καὶ
1695 2929 1869 2973 ταῦτα
1920 2920 1977 2972 δὲ
2017 2923 2271 2988 τυγχάνει

184 3001 546 3074 διωρισμένα,
583 3009 676 3058 καὶ
712 3010 820 3078 μήν
863 3024 923 3075 γε
971 3010 1065 3059 καὶ
1112 3006 1287 3059 τᾶλλα
1336 3010 1552 3070 πάντα,
1605 3008 1796 3076 ὥσπερ
1835 3008 1894 3057 ἐν
1944 3007 2131 3075 εἰρήνῃ
2179 3007 2273 3056 καὶ

186 3086 366 3157 φιλίᾳ.
428 3093 522 3142 καὶ
556 3098 788 3161 καρπῶν
827 3094 972 3143 εἰσιν
1011 3090 1330 3153 ἀντιδόσεις
1354 3093 1448 3143 καὶ
1483 3093 1676 3158 γάμων
1715 3088 2004 3156 ἐπιμιξίαι
2029 3091 2122 3140 καὶ
2159 3083 2266 3139 ἀπ>

187 3165 368 3223 αὐτῶν
404 3176 497 3225 καὶ
537 3180 846 3242 συγγένειαι
873 3173 1084 3227 πολλαί
1109 3193 1258 3237 τινες
1282 3174 1386 3245 ἤδη
1417 3179 1802 3245 γεγενημέναι·
1840 3177 1934 3226 καὶ
1972 3172 2273 3244 προξενίας

331 3352 356 3393 6
389 3343 475 3408 οὐχ
507 3364 592 3396 om.
613 3351 696 3398 UT
728 3353 825 3406 (sed
852 3353 900 3397 in
927 3351 970 3398 U
1000 3354 1148 3411 suppl.
1176 3353 1222 3398 in
1241 3368 1381 3411 marg.
1411 3367 1524 3412 sup„
1556 3365 1584 3398 a
1613 3366 1671 3397 m.
1703 3366 1772 3410 pr.
1802 3354 1850 3399 ni
1869 3353 2019 3408 fallor)
2108 3358 2131 3398 7
2164 3351 2273 3402 τού-

193 3434 289 3465 των
319 3420 539 3477 pluralem
569 3426 679 3479 puto
710 3424 916 3468 excusari
945 3436 1081 3481 posse
1170 3429 1222 3469 10
1250 3428 1328 3471 καὶ
1359 3421 1632 3482 πειθόμεθα
1669 3424 1749 3470 UT
1869 3428 1916 3469 11
1951 3421 2120 3485 ἀμιβαὶ
2151 3424 2189 3469 Τ

192 3489 304 3545 ἴσως
334 3492 380 3534 Μ
475 3495 525 3537 12
555 3496 699 3540 κακαὶ
729 3497 894 3540 κακῶν
922 3495 1133 3542 Reiskius
1226 3501 1272 3540 15
1306 3491 1371 3550 ὡς
1400 3493 1535 3551 ἀξιον
1565 3496 1603 3541 Τ
1694 3500 1744 3541 16
1777 3489 1885 3543 οὐδὲ
1914 3495 1963 3538 Μ
2051 3492 2123 3551 οἷς
2153 3498 2190 3541 Β

191 3559 251 3609 ἂν
270 3562 401 3620 Emp.
423 3561 475 3609 ἐν
494 3564 596 3609 libri
719 3570 766 3610 17
797 3563 972 3624 μικρὸν
990 3566 1032 3612 U
1180 3571 1230 3612 18
1262 3564 1384 3626 ἔχειν
1398 3567 1521 3613 UBT
1637 3571 1691 3612 20
1722 3566 1784 3626 μὴ
1815 3569 1897 3613 καὶ
1925 3568 2073 3624 Emp.‚
2101 3570 2184 3613 καὶ
2210 3566 2273 3626 μὴ

189 3634 290 3678 libri
405 3637 460 3678 24
489 3627 545 3693 ἦν
573 3649 656 3693 pro
685 3633 746 3694 μὴ
779 3637 827 3680 Μ
943 3635 1191 3697 πάσχομεν
1221 3639 1262 3685 U
1377 3641 1431 3684 26
1460 3634 1847 3686 καταλάττεσθαι
1867 3638 1905 3682 Τ
2001 3643 2052 3683 27
2084 3641 2168 3698 γῆς
2195 3639 2276 3684 καὶ

193 3703 432 3764 θαλάττης
454 3706 489 3749 Β
606 3703 636 3765 ἢ
665 3705 906 3767 θαλάττης
926 3721 1011 3753 om.
1034 3709 1114 3754 UT
1260 3712 1314 3754 28
1347 3709 1581 3763 νικεεῖςΜ
1710 3713 1764 3754 29
1795 3708 2084 3770 διακέκριται
2114 3708 2163 3752 Μ

193 3769 459 3834 προσαίδων
487 3777 539 3822 Μ
653 3773 981 3839 ἀγονιζόμεθα
1013 3780 1051 3824 Τ
1197 3785 1250 3826 30
1280 3781 1430 3826 malim
1460 3780 1511 3840 δὴ
1542 3793 1626 3838 pro
1656 3780 1705 3828 δὲ

1877 3853 1936 3895 3*
