2684 4140
435 292 500 338 66
1190 267 1392 313 DIONIS
1420 262 1704 308 POLITICA

352 437 414 486 10
433 427 689 481 τάναντία
745 421 829 480 οἷς
875 417 1058 468 ἐποίει
1115 411 1424 477 Σωκράτης.
1518 406 1682 469 ἐτίμα
1733 420 1792 453 τε
1850 402 1952 469 γάρ
2008 402 2139 460 τούς
2187 401 2362 462 θεοὺς
2419 403 2495 462 ὡς

431 509 606 568 οὐδεὶς
643 503 808 564 ἄλλος
842 502 934 551 καὶ
971 501 1180 548 παιᾶνα
1219 493 1484 560 ἐποίησεν
1522 491 1603 550 εἰς
1631 490 1726 539 τὸν
1760 481 2021 538 Ἀπόλλω
2059 486 2154 535 καὶ
2178 487 2277 555 τήν
2305 477 2494 554 ’Ἀρτε-

425 610 545 659 μιν,
596 586 808 656 [τοῦτον
855 584 916 634 ὃν
953 581 1057 648 ἐγώ
1097 584 1189 629 νῦν
1228 569 1394 645 ᾄδω,]
1442 575 1536 624 καὶ
1582 574 1713 634 τούς
1762 576 1919 632 νέους
1969 567 2172 621 ἐκώλυε
2224 567 2494 639 διαφθεί-

425 675 630 743 ρεσθαι
668 671 729 720 οὐ
765 670 950 733 μόνον,
990 660 1128 713 ἀλλὰ
1165 661 1258 712 καὶ
1293 660 1423 719 τοὺς
1461 657 1874 725 πρεσβυτέρους
1900 650 2186 717 ὀνειδίζων
2223 657 2317 705 καὶ
2354 670 2493 724 προ-

426 762 607 828 φέρων
654 754 866 814 αὐτοῖς,
916 748 973 799 εἴ
1013 764 1098 807 τις
1145 741 1434 812 ἄπληστος
1483 743 1514 811 ἢ
1564 738 1875 801 ἀκόλαστος
1920 742 1953 810 ἢ
2006 740 2074 790 τά
2123 746 2221 810 τῆς
2265 737 2487 801 πόλεως
2546 748 2571 788 5

420 837 736 910 ἠργολάβει,
775 836 902 894 τοὺς
937 834 1037 898 μὲν
1075 826 1338 880 ἀπολύων
1375 819 1472 877 ἐπ’
1514 827 1789 895 ἀργυρίῳ,
1829 827 1960 886 τούς
2004 823 2062 875 δὲ
2110 830 2490 894 συκοφαντῶν,

419 926 546 984 τοὺς
606 920 663 972 δὲ
723 920 1000 989 νησιώτας
1061 916 1191 975 τούς
1250 910 1648 980 ταλαιπώρους
1707 908 1988 980 λεηλατῶν
2045 912 2144 961 ἐπὶ
2199 911 2493 979 προφάσει

421 1011 608 1079 φόρων
643 1007 676 1075 ἢ
713 1001 988 1070 καταλογῇ
1027 1003 1410 1068 στρατιωτῶν,
1469 997 1660 1065 ὥσπερ
1700 997 1844 1047 ἔνιοι
1882 1002 2119 1047 ποιοῦσι
2157 988 2298 1063 παρ’
2341 998 2489 1064 ἡμῖν.

339 1093 395 1141 11
422 1091 513 1143 διὰ
551 1096 721 1141 ταῦτα
757 1093 1047 1154 μισοῦντες
1086 1084 1250 1133 αὐτὸν
1288 1082 1508 1151 ἔφασαν
1548 1079 1913 1152 διαφθείρειν
1952 1083 2083 1143 τούς
2121 1085 2295 1141 νέους.
2357 1084 2389 1150 ή
2432 1073 2486 1130 δ’

417 1178 516 1246 ἐμή
555 1176 736 1244 γραφή
788 1168 987 1238 μείζων
1033 1170 1126 1219 καὶ
1172 1170 1527 1236 γενναιοτέρα
1582 1164 1777 1232 σχεδὸν
1826 1164 1919 1237 ἦν,
1967 1167 2216 1237 κρυφαία
2255 1183 2369 1229 τις,
2418 1167 2495 1226 ὡς
2533 1170 2578 1213 10

418 1263 618 1312 ἔοικεν·
662 1251 875 1310 Ἀδικεῖ
901 1257 1082 1317 Δίων,
1122 1254 1252 1313 τοὺς
1289 1254 1390 1317 μὲν
1428 1253 1604 1314 θεοὺς
1640 1255 1714 1323 μή
1759 1258 1937 1318 τιμῶν
1974 1243 2104 1322 μήτ’
2160 1254 2218 1302 έν
2256 1252 2494 1313 θυσίαις

417 1340 547 1415 μήτ’
590 1347 646 1395 ἐν
683 1345 892 1408 ὕμνοις,
929 1336 1216 1390 καταλύων
1244 1338 1344 1398 τὰς
1372 1338 1647 1403 πατρίους
1686 1339 1898 1407 ἑορτάς,
1939 1338 2255 1398 ἀναπείσας
2283 1335 2341 1387 δὲ
2372 1341 2494 1407 ἠγε-

417 1433 557 1495 μόνα
595 1430 837 1497 πονηρὸν
876 1427 1016 1476 ὥστε
1056 1425 1150 1474 τὸν
1188 1424 1288 1488 μὲν
1330 1420 1504 1492 δῆμον
1542 1423 1852 1489 βασανίσαι
1888 1423 1982 1473 καὶ
2027 1419 2291 1485 ἐξελάσαι
2327 1425 2495 1484 ὅσους
2565 1443 2568 1446 ·

418 1516 483 1565 ἀν
512 1512 737 1583 δύνηται
763 1509 1074 1572 πλείστους,
1114 1510 1298 1569 ένίους
1323 1505 1382 1558 δὲ
1408 1509 1502 1559 καὶ
1528 1509 1877 1571 ἀποκτεῖναι,
1919 1508 2227 1574 παρασχὼν
2255 1508 2493 1575 ἀνάγκην

418 1600 604 1659 αὐτοῖς
641 1597 903 1656 ἑκουσίως
940 1594 1258 1644 ἀποθανεῖν
1299 1590 1392 1643 διὰ
1431 1595 1493 1642 τὸ
1531 1595 1604 1663 μή
1649 1591 1934 1644 δύνασθαι
1972 1593 2295 1660 πρεσβύτας
2323 1593 2488 1651 ὄντας
2527 1592 2676 1662 15(ῑ>08Ι

420 1686 608 1752 φυγεῖν
643 1679 781 1750 μηδὲ
819 1682 1116 1745 ὑπομένειν
1153 1675 1486 1736 καταλιπεῖν
1534 1681 1632 1748 τήν
1683 1675 1960 1746 πατρίδα·
2015 1679 2390 1746 συμπράττων
2431 1675 2489 1727 δὲ
2680 1732 2681 1737 ,

415 1769 505 1817 καὶ
541 1772 632 1817 νῦν
671 1767 891 1815 ἅπαντα
938 1762 1015 1831 τῴ
1064 1754 1465 1832 τυραννήσαντι
1515 1769 1618 1814 τοῦ
1652 1764 1883 1826 ἔθνους,
1930 1763 2025 1813 καὶ
2072 1765 2230 1823 ὅπως
2277 1763 2487 1822 ἐκεῖνος
2512 1757 2683 1807 (19331'

414 1850 593 1912 καλῶς
629 1853 950 1918 ἀγωνιεῖται
994 1850 1087 1900 καὶ
1131 1849 1271 1899 κατὰ
1319 1850 1522 1915 κράτος
1570 1845 1979 1918 παραλήψεται
2027 1848 2128 1909 τὰς
2165 1844 2365 1907 πόλεις
2401 1847 2495 1897 καὶ

416 1939 543 1997 τούς
582 1934 785 2005 δήμους
834 1929 1281 1997 κατασκευάζων,
1331 1935 1464 1984 ὅσον
1513 1935 1666 1984 ἐστὶν
1705 1927 1805 1984 ἐπ’
1850 1931 1999 2000 αὐτῷ
2038 1927 2494 1993 κατασκευάζειν·
2669 1987 2679 2001 ι,

339 2018 400 2067 15
424 2020 773 2090 διαφθείρων
822 2017 879 2070 δὲ
926 2020 1018 2070 καὶ
1065 2020 1159 2069 τὸν
1199 2016 1373 2088 δῆμον
1425 2018 1592 2080 αὐτὸς
1637 2020 2016 2088 ἐφιστάμενος
2051 2018 2359 2087 κατήγορος
2400 2017 2494 2070 καὶ
2528 2021 2577 2064 20
2676 2051 2679 2063 ,

418 2110 536 2166 τοῖς
574 2106 742 2155 αὑτοῦ
786 2106 995 2173 ῥήμασι
1040 2105 1132 2154 καὶ
1179 2110 1247 2172 τῇ
1294 2101 1508 2172 γλώττῃ
1561 2110 1907 2170 παρανομῶν
1947 2104 2029 2164 εἰς
2066 2105 2198 2164 τοὺς
2236 2100 2496 2165 πολίτας,

421 2193 499 2252 εἰς
547 2192 675 2251 τοὺς
724 2187 990 2259 δημότας,
1039 2191 1133 2240 καὶ
1179 2186 1365 2239 πολλὰ
1413 2191 1574 2257 ἕτερα
1629 2195 1836 2252 ποιῶν,
1892 2191 1926 2238 ἀ
1955 2189 2303 2254 ,αἰσχύνομαι
2349 2178 2491 2238 καθ’

420 2279 647 2326 ἕκαστον
687 2273 884 2341 λέγειν·
923 2276 1166 2343 πονηρὸν
1208 2272 1265 2324 δὲ
1305 2272 1666 2344 παράδειγμα
1708 2279 1970 2343 παρέχων
2011 2275 2209 2324 ἑαυτὸν
2233 2274 2328 2324 καὶ
2364 2290 2496 2324 νεω-

421 2365 603 2429 τέροις
625 2362 717 2411 καὶ
742 2361 1137 2429 πρεσβυτέροις
1164 2361 1407 2421 ἀπονίας
1432 2361 1526 2411 καὶ
1551 2367 1767 2430 τρυφῆς
1792 2361 1887 2410 καὶ
1913 2360 2213 2420 ἀπιστίας·
2255 2354 2496 2420 δεκάζων

423 2442 568 2495 δὲτὸ
597 2442 834 2514 πλῆθος,
875 2445 962 2495 ἵνα
987 2442 1180 2514 μηδεὶς
1207 2444 1357 2512 αὐτῷ
1395 2449 1656 2515 προφέρῃ
1696 2445 1764 2504 τὰ
1804 2448 1931 2496 τότε
1958 2445 2308 2514 πραχθέντα,
2348 2441 2488 2494 ἀλλὰ
2526 2444 2575 2486 25

422 2535 521 2579 τοῦ
554 2529 751 2594 μίσους
787 2531 878 2579 καὶ
914 2536 1010 2597 τῆς
1046 2528 1352 2601 ἐπιβουλῆς
1391 2527 1574 2601 λήθην
1614 2530 1739 2581 τινὰ
1791 2532 2163 2600 ποιήσωνται.
2254 2533 2390 2600 φέρε
2430 2526 2493 2599 δὴ

424 2615 565 2682 πρὸς
612 2620 780 2663 ταῦτα
820 2612 1275 2685 ἀπολογήσομαι,
1326 2614 1368 2665 ὦ
1409 2613 1607 2683 ἄνδρες
1645 2617 1994 2682 Προυσαεῖς,
2043 2616 2144 2666 κᾶν
2196 2613 2331 2684 δοκῇ
2367 2617 2497 2681 ὑμῖν

424 2699 718 2761 ἀκούσασι,
755 2701 1234 2769 κατεψηφίσασθέ
1269 2713 1405 2767 μου·
1456 2703 1548 2752 καὶ
1585 2701 1689 2771 γὰρ
1729 2708 1832 2752 τοῦ
1864 2703 2196 2770 Σωκράτους
2235 2702 2292 2750 οἱ
2323 2693 2497 2769 Ἀθη-

421 2787 570 2832 ναῖοι
608 2783 939 2845 ἀκούσαντες
976 2787 1458 2856 κατεψηφίσαντο.

563 2965 580 3004 1
617 2978 668 3008 τε
695 2975 782 3008 om.
812 2963 849 3007 T
956 2968 981 3008 2
1011 2960 1099 3011 τὸν
1127 2979 1209 3022 pro
1240 2965 1324 3024 τὴν
1354 2966 1392 3010 Τ
1482 2970 1506 3010 3
1538 2970 1715 3013 τοῦτον
1745 2992 1799 2999 -
1831 2964 1930 3030 ᾅδω
1962 2966 2147 3012 seclusit
2166 2967 2316 3026 Emp.‚
2346 2968 2499 3015 defen-

421 3031 531 3074 dunt
558 3031 661 3101 W-il.
689 3034 734 3077 et
761 3034 918 3089 Bethe,
949 3035 1024 3091 qui
1049 3035 1188 3095 (καὶ)
1214 3040 1299 3084 -νῦν
1413 3041 1441 3082 4
1473 3038 1626 3082 malim
1667 3032 1754 3084 οὐκ
1781 3033 2020 3095 (αὐτοὺς)
2043 3035 2205 3094 ’μόνον
2293 3044 2317 3085 5
2349 3038 2496 3101 ἄπλη-

423 3115 535 3153 στος
553 3102 676 3182 ,(ἠν)
703 3102 808 3148 Wil.
924 3109 948 3148 6
979 3100 1230 3154 ἀπολλύων
1261 3108 1341 3154 UB
1427 3106 1480 3155 ἐν
1510 3103 1724 3169 ἀργυρίῳ
1752 3108 1870 3162 libri,
1901 3121 2019 3154 corr.
2040 3107 2260 3154 >Valesius
2363 3114 2386 3153 7
2419 3127 2498 3156 τα-

424 3171 734 3227 λαιπορουςῐ]
747 3185 806 3218 m.
825 3187 892 3230 pr.
982 3181 1032 3220 10
1052 3180 1258 3237 κρυφαία
1279 3195 1349 3233 τις
1370 3179 1488 3225 UBT
1508 3176 1668 3240 κρύφα
1689 3196 1759 3234 τις
1777 3180 1844 3236 Μ,
1863 3180 2108 3238 κορυφαία
2129 3196 2200 3233 τις
2218 3177 2433 3237 impressi

428 3242 479 3291 12
497 3238 827 3319 καταλύοντας
854 3248 1082 3305 πατρίους
1109 3248 1159 3291 Μ
1249 3254 1298 3294 14
1328 3252 1520 3305 πλείους
1547 3251 1680 3297 MUT
1783 3254 1836 3296 16
1866 3251 2176 3297 καταλείπειν
2205 3250 2254 3294 Μ
2341 3251 2391 3299 δὲ
2418 3254 2499 3299 καὶ

426 3305 603 3389 lieiffkffi
634 3325 686 3357 τε
712 3314 793 3357 καὶ
819 3313 922 3358 libri
1064 3322 1112 3361 17
1144 3322 1231 3366 τοῦ
1259 3318 1428 3375 ἔθνους
1455 3323 1632 3379 scripsi,
1663 3317 1776 3376 τοὺς
1805 3317 1952 3376 θεοὺς
1980 3321 2084 3366 libri
2266 3325 2317 3367 21
2351 3319 2499 3369 αὐτοῦ

427 3375 543 3459 libri,
565 3391 686 3459 forr.
716 3380 844 3438 Emp.
959 3388 1013 3428 24
1042 3380 1248 3445 ἀπορίας
1275 3390 1391 3445 libri,
1422 3386 1630 3446 ἀπονίας
1661 3392 1842 3437 Geelius
1938 3444 1940 3447 v
1965 3393 2145 3450 τρυφῆς
2174 3391 2357 3446 ΒΘῘΒῙΞΕ,
2389 3381 2495 3452 29⁰⁵·

428 3462 518 3506 φης
547 3448 649 3492 hbr1
763 3455 812 3494 27
846 3446 906 3499 ἂν
933 3453 982 3497 Μ
1095 3461 1146 3501 28
1176 3463 1583 3519 καταψηψίσασθε
1613 3467 1655 3518 (ε
1686 3476 1714 3507 a
1743 3467 1879 3518 corr.)
1905 3462 1947 3508 U

1546 3621 1619 3628 -ω-
