2684 4140
347 243 450 292 234
794 233 1001 279 DIONIS
1029 232 1115 278 DE
1147 228 1500 278 SERVITUTE
1530 229 1613 275 ET
1642 228 2003 275 LIBERTATE

340 384 470 453 γυνὴ
514 379 573 431 δὲ
604 373 1047 446 Ἀγαμέμνονος,
1097 376 1172 446 μὴ
1221 377 1396 442 μόνον
1436 367 1809 442 Ἀγαμέμνονι
1860 379 2107 427 συνεῖναι
2151 375 2230 444 τῷ
2277 380 2446 450 αὐτῆς

341 464 519 532 ἀνδρί,
559 460 700 513 ἀλλά
738 462 832 512 καὶ
858 457 1339 530 ἀποδημήσαντος
1365 460 1578 510 ἐκείνου
1604 458 1881 528 Αἰγίσθῳ
1926 463 2315 529 συγγενέσθαι,
2353 467 2447 517 καὶ

335 545 580 619 Ἀερόπη
621 551 652 617 ἡ
688 540 933 615 Ἀτρέως
970 547 1101 615 γυνὴ
1143 547 1242 615 τὴν
1286 543 1538 596 Θυέστου
1579 542 2021 614 προσδέξασθαι
2059 544 2312 613 ὁμιλίαν,
2352 541 2447 600 καὶ

337 632 506 685 ἄλλαι
555 629 767 683 πολλαὶ
813 631 908 682 καὶ
951 627 1135 680 πάλαι
1186 631 1281 681 καὶ
1328 635 1423 680 νῦν
1472 627 1714 693 ἐνδόξων
1760 632 1855 682 καὶ
1898 629 2190 683 πλουσίων
2228 630 2446 704 ἀνδρῶν

336 722 590 788 γυναῖκες
628 720 844 786 ἑτέροις
885 716 1288 784 συγγίγνεσθαι
1325 716 1420 766 καὶ
1456 712 1673 777 παῖδας
1711 717 1890 768 ἐνίοτε
1918 714 1979 779 ἐξ
2003 712 2229 769 ἐκείνων
2256 722 2440 770 ποιεῖ·
2478 729 2503 771 5

338 805 510 855 σθαι·
549 803 615 872 ἢν
656 800 715 853 δὲ
757 803 822 852 σύ
863 798 1042 869 λέγεις
1066 801 1435 870 θεράπαιναν
1464 802 1643 862 οὕτως
1681 803 1830 852 πάνυ
1859 802 2103 871 ἀκριβῶς
2142 801 2445 872 φυλάττειν
2464 816 2656 866 (447311)

336 890 405 939 τοὶ
445 889 592 958 πρὸς
629 889 726 938 τὸν
765 884 941 956 ἄνδρα
982 887 1080 937 τὸν
1109 888 1296 957 αὐτῆς,
1339 887 1485 937 ὥστε
1509 888 1582 956 μὴ
1613 887 1681 938 ἂν
1707 890 1877 957 ἑτέρῳ
1910 889 2299 955 συγγενέσθαι.
2645 872 2650 881 ’

267 985 296 1035 7
336 975 422 1025 ἔτι
462 971 521 1024 δὲ
559 974 654 1024 καὶ
691 974 825 1042 περὶ
853 977 1065 1023 σαυτοῦ
1097 973 1193 1023 καὶ
1224 973 1359 1042 περὶ
1384 973 1525 1038 ἐμοῦ
1550 969 1882 1040 διαβεβαιοῖ
1901 974 1978 1034 ὡς
2005 975 2266 1043 ἑκάτερος
2290 978 2445 1043 ἡμῶν

333 1062 458 1111 ἐστι
495 1066 594 1131 τῆς
643 1057 916 1128 δοκούσης
963 1059 1058 1109 καὶ
1105 1054 1405 1127 λεγομένης
1452 1060 1680 1127 μητρός.
1754 1059 1943 1109 καίτοι
1992 1056 2240 1121 πολλοὺς
2272 1052 2446 1131 Ἀθη-

263 1182 266 1183 ⁷
332 1147 507 1197 ναίων
546 1146 696 1212 ἔχοις
735 1146 802 1195 ἂν
843 1146 1028 1195 εἰπεῖν
1065 1145 1159 1194 καὶ
1196 1149 1308 1194 τῶν
1347 1145 1496 1194 πάνυ
1530 1144 1842 1212 γνωρίμων,
1885 1145 1942 1194 οἳ
1965 1146 2257 1214 ἐφάνησαν
2282 1146 2441 1197 ύστε-
2482 1153 2527 1195 10

333 1249 431 1303 ρον
474 1233 537 1282 ού
575 1234 749 1299 μόνον
777 1233 1012 1299 πατρός,
1056 1227 1200 1280 ἀλλὰ
1239 1230 1333 1281 καὶ
1369 1232 1598 1299 μητρός,
1641 1229 1737 1295 οΰχ
1774 1230 1841 1300 ἧς
1867 1226 2141 1297 ἐλέγοντο,
2179 1229 2451 1298 ὑποβολι-

335 1319 505 1385 μαῖοί
542 1317 732 1368 ποθεν
759 1319 1084 1386 τραφέντες.
1159 1317 1253 1366 καὶ
1289 1321 1464 1365 ταῦτα
1500 1309 1610 1383 [σύ]
1652 1317 1918 1366 ἑκάστοτε
1947 1314 2083 1386 ὁρᾷς
2124 1313 2447 1383 δεικνύμενα

334 1405 432 1456 καὶ
473 1401 740 1471 λεγόμενα
780 1403 894 1453 ὑπὸ
935 1407 1047 1452 τῶν
1084 1398 1685 1468 κωμῳδοδιδασκάλων
1721 1403 1816 1452 καὶ
1852 1403 1910 1452 ἐν
1937 1405 2063 1462 ταῖς
2089 1399 2448 1472 τραγῳδίαις,

334 1491 430 1543 καὶ
466 1491 618 1555 ὅμως
659 1485 819 1538 οὐδὲν
846 1487 1013 1558 ἦττον
1054 1482 1312 1556 ἰσχυρίζῃ
1350 1487 1446 1537 καὶ
1483 1487 1618 1556 περὶ
1646 1493 1857 1538 σαυτοῦ
1877 1488 1972 1538 καὶ
2008 1489 2141 1557 περὶ
2179 1489 2331 1553 ἐμοῦ,
2373 1489 2450 1549 ὡς
2475 1498 2619 1542 (23711)
2683 1539 2684 1547 ἵ

266 1582 297 1634 8
337 1574 402 1625 εὖ
437 1572 604 1635 εἰδὼς
642 1576 801 1635 ὅπως
837 1575 1139 1640 γεγόναμεν
1176 1574 1271 1623 καὶ
1308 1574 1368 1622 ἐκ
1404 1573 1589 1623 τίνων.
1667 1573 1763 1622 ούκ
1803 1571 2007 1636 οἶσθα,
2054 1573 2182 1642 ἔφη,
2223 1575 2311 1623 ὅτι
2346 1590 2441 1623 κα-
2480 1576 2527 1621 15

333 1661 601 1729 κηγορίας
654 1655 889 1709 δίδωσιν
943 1659 974 1707 ό
1021 1659 1193 1722 νόμος
1242 1658 1592 1726 γράψασθαι
1638 1663 1864 1721 τοῦτον,
1915 1657 1977 1718 ὃς
2025 1658 2092 1708 ἂν
2138 1655 2450 1729 βλασφημῇ

332 1762 460 1796 τινα
505 1745 600 1794 οὐκ
641 1744 781 1809 ἔχων
809 1739 1117 1805 ἀποδεῖξαι
1142 1744 1278 1811 περὶ
1316 1741 1392 1792 ὧν
1421 1739 1569 1810 λέγει
1610 1744 1791 1813 σαφὲς
1830 1739 2022 1804 οὐδέν,·
2057 1743 2152 1793 καὶ
2189 1745 2265 1806 ὅς,
2297 1736 2449 1794 Ἐπί-

335 1844 548 1896 σταμαι
595 1831 727 1898 γάρ,
780 1829 918 1898 ἔφη,
969 1830 1058 1878 ὅτι
1109 1829 1170 1878 αἱ
1215 1829 1318 1894 μὲν
1369 1824 1671 1892 ἐλεύθεραι
1723 1830 1977 1895 γυναῖκες
2026 1825 2451 1894 ὑποβάλλονται

336 1912 616 1976 πολλάκις
663 1906 746 1965 δι’
792 1911 1099 1978 ἀπαιδίαν,
1151 1915 1284 1964 ὅταν
1333 1915 1407 1984 μὴ
1452 1911 1728 1965 δύνωνται
1768 1914 1933 1964 αὐταὶ
1968 1920 2198 1983 κυῆσαι,
2251 1911 2450 1980 βουλο-

329 2004 467 2071 μένη
520 2004 819 2065 κατασχεῖν
873 2001 1077 2069 ἑκάστη
1128 2001 1225 2050 τὸν
1264 1996 1441 2069 ἄνδρα
1480 2001 1577 2050 τὸν
1617 2003 1817 2069 ἑαυτῆς
1854 2000 1948 2050 καὶ
1985 2000 2082 2049 τὸν
2121 1997 2301 2064 οἷκον,
2349 2001 2444 2050 καὶ
2479 2007 2528 2048 20

333 2088 450 2152 ἅμα
495 2087 592 2136 οὐκ
631 2087 956 2155 ἀποροῦσαι
983 2085 1204 2135 ὁπόθεν
1243 2086 1375 2146 τοὺς
1413 2082 1629 2146 παῖδας
1655 2085 1975 2154 θρέψουσι’
2015 2085 2117 2146 τὰς
2157 2082 2215 2136 δὲ
2246 2081 2451 2147 δούλας

341 2173 698 2234 τούναντίον,
741 2171 843 2232 τάς
880 2172 982 2236 μὲν
1021 2172 1134 2239 πρὸ
1173 2176 1277 2220 τοῦ
1311 2172 1475 2220 τόκου
1518 2167 2004 2239 διαφθειρούσας,
2054 2171 2156 2231 τάς
2195 2168 2254 2221 δὲ
2296 2172 2450 2222 ὕστε-

333 2274 469 2326 ρον,
523 2258 621 2307 ἐὰν
672 2254 949 2307 δύνωνται
998 2253 1228 2319 λαθεῖν,
1277 2258 1341 2306 τὸ
1380 2258 1693 2322 γενόμενον,
1733 2257 1913 2306 ἐνίοτε
1950 2257 2044 2306 καὶ
2080 2262 2191 2306 τῶν
2231 2253 2449 2326 ἀνδρῶν

339 2340 701 2406 συνειδότων,
749 2344 907 2403 ὅπως
944 2343 1017 2411 μὴ
1061 2343 1366 2411 πράγματα
1406 2342 1578 2407 ἔχωσι
1617 2339 2035 2412 παιδοτροφεῖν
2074 2338 2446 2409 ἀναγκαζόμε-

265 2432 297 2482 9
337 2447 432 2480 ναι
457 2431 603 2498 πρὸς
639 2435 707 2498 τῇ
748 2425 989 2496 δουλείᾳ.
1053 2429 1171 2478 Ναὶ
1207 2427 1286 2493 μὰ
1311 2428 1444 2491 Δία,
1485 2428 1613 2497 ἔφη,
1655 2425 1801 2497 πλήν
1838 2443 1898 2495 γε
1937 2435 2035 2498 τῆς
2068 2426 2297 2490 Οἰνέως,
2337 2433 2441 2478 τοῦ
2474 2435 2522 2476 25

332 2511 682 2577 Πανδίονος,
735 2512 889 2576 εἷπε,
939 2513 1118 2563 νόθου
1160 2510 1397 2574 παιδός·
1451 2514 1481 2562 ὁ
1517 2514 1621 2582 γὰρ
1662 2514 1873 2564 ἐκείνου
1912 2515 2114 2579 νομεύς
2154 2515 2185 2563 o‘
2222 2515 2280 2564 ἐν
2318 2517 2446 2575 ταῖς

330 2590 687 2669 Ἐλευθεραῖς
712 2600 805 2649 καὶ
831 2602 862 2669 ἡ
891 2600 1020 2668 γυνὴ
1051 2602 1082 2668 ἡ
1112 2605 1215 2648 τοῦ
1250 2602 1465 2664 νομέως
1505 2600 1567 2648 ού
1593 2602 1766 2665 μόνον
1802 2599 1897 2649 οὐκ
1924 2596 2256 2661 ἐξετίθεσαν
2284 2600 2444 2652 αὐτοὶ
2459 2606 2655 2651 (448311)

332 2686 723 2755 γεννήσαντες,
774 2682 915 2734 ἀλλά
959 2686 1053 2735 καὶ
1102 2682 1371 2754 ἀλλότρια
1412 2686 1665 2753 εὑρόντες
1704 2686 1762 2735 ἐν
1800 2691 1869 2754 τῇ
1908 2682 2019 2751 6δῷ
2061 2683 2296 2750 παιδία,
2348 2687 2444 2737 οὐκ

333 2768 550 2831 εἰδότες
589 2773 718 2820 ὅτου
761 2772 901 2820 ποτὲ
941 2767 1100 2839 ἦσαν,
1141 2767 1470 2836 ἀνελόμενοι
1508 2771 1746 2840 ἔτρεφον
1798 2771 1874 2831 ὡς
1923 2771 2131 2833 αὐτῶν,
2180 2772 2274 2822 καὶ
2314 2770 2441 2823 οὐδὲ

476 2941 492 2979 1
531 2929 674 2994 αὐτῆς
704 2935 746 2980 U
921 2938 946 2978 2
978 2935 1180 2994 αἰγίστω
1223 2936 1272 2980 Μ
1448 2940 1471 2980 5
1506 2937 1812 2995 συγγίνεσθαι
1853 2935 1889 2977 Β
2065 2940 2090 2980 6
2133 2926 2258 2982 οὕτω
2288 2936 2327 2979 Β

329 3012 352 3051 7
386 3003 531 3066 αὐτῆς
560 3009 653 3054 UM
772 3013 796 3052 8
828 3011 1101 3068 διαβεβαιοῖ
1122 3008 1160 3053 U
1192 3009 1462 3067 ὁιαβεβαίοι
1483 3009 1531 3052 Μ
1563 3011 1859 3068 διαβεβαιοῑς
1888 3008 1926 3051 Β
2018 3011 2068 3051 12
2101 3005 2157 3054 σύ
2189 3007 2355 3052 seclusi

331 3083 383 3123 13
413 3077 936 3143 κωμῳδιοδιδασκάλων
970 3080 1051 3125 UB
1188 3084 1241 3124 14
1275 3081 1503 3140 ἰσχυρίζει
1532 3080 1572 3124 Β
1700 3083 1751 3123 15
1783 3075 1872 3138 ἔφη
1900 3079 1994 3123 noli
2025 3080 2206 3124 credere
2235 3080 2310 3124 hic
2340 3092 2440 3125 esse

330 3163 553 3208 personae
581 3155 783 3196 mutatae
814 3152 988 3206 signum
1131 3152 1425 3212 κακηγορίας
1455 3151 1684 3205 Reiskius,
1715 3151 2011 3210 κατηγορίας
2041 3150 2143 3195 libri
2291 3154 2342 3196 16
2373 3153 2438 3198 δί-

328 3225 462 3267 δοσιν
491 3222 542 3266 Μ
661 3227 710 3266 17
745 3217 967 3278 ἀποδέξαι
996 3222 1044 3265 Μ
1164 3227 1215 3268 18
1246 3221 1516 3279 ἐλευθερίαι
1547 3223 1597 3267 Μ
1718 3226 1769 3266 19
1801 3218 1875 3269 διὰ
1908 3224 2103 3269 παιδίαν
2131 3222 2173 3267 U
2297 3215 2436 3270 αὗται

329 3292 370 3337 U
400 3287 518 3352 αὐτῆ
547 3294 595 3337 Μ
685 3298 734 3338 21
768 3294 1007 3354 θρέψουσι
1038 3295 1160 3351 Wil.‚
1188 3295 1410 3356 θρέψωσι
1440 3295 1544 3339 libri
1661 3298 1714 3338 22
1747 3296 2096 3354 διαφθαρείσας
2115 3294 2166 3338 Μ
2281 3297 2335 3338 23
2367 3290 2436 3340 δύ-

329 3380 498 3410 νονται
528 3364 567 3408 U
682 3358 944 3423 γενόμενος
973 3367 1023 3410 Μ
1159 3367 1314 3414 ἐνίοτε
1343 3369 1424 3412 καὶ
1457 3366 1591 3411 Dind.
1625 3361 1691 3412 ἔτι
1721 3368 1802 3411 καὶ
1831 3366 1950 3420 libri,
1982 3363 2077 3412 εἴτε
2105 3369 2186 3413 καὶ
2215 3366 2347 3421 Emp.

329 3439 384 3479 24
415 3431 799 3494 ἀναγκαζόμενοι
831 3450 945 3482 corr.
976 3437 1019 3482 U
1154 3442 1206 3483 25
1238 3441 1320 3497 τῆς
1351 3434 1550 3496 οἰήσεως
1583 3437 1673 3490 UB,
1706 3440 1787 3495 τῆς
1820 3436 1994 3491 Οἰνέως
2023 3436 2120 3482 scil.
2153 3433 2319 3495 δούλης

329 3509 384 3550 26
416 3508 688 3560 πανδίωνος
709 3507 745 3549 Β
863 3504 995 3554 εἶπεν
1016 3509 1063 3551 Μ
1095 3505 1198 3556 εἷπε
1227 3514 1334 3566 post
1363 3506 1467 3569 ἔφη,
1496 3513 1708 3565 pergente
1738 3509 1936 3554 eiusdem
1965 3520 2186 3564 personae
2215 3507 2432 3562 oratione,

329 3578 503 3624 addidit
531 3583 583 3622 ut
612 3579 682 3623 his
714 3579 862 3623 verbis
893 3579 1062 3635 aliquid
1090 3582 1302 3625 momenti
1330 3581 1479 3625 inesse
1510 3579 1792 3624 sentiremus.
1925 3582 1978 3622 27
2010 3576 2284 3638 ἐλευθέραις
2311 3577 2431 3633 UM;

330 3663 387 3695 ex
417 3650 647 3706 Euripidis
675 3650 876 3705 Antiopa
906 3651 1019 3695 haec
1050 3654 1230 3707 sumpta
1261 3664 1360 3696 esse
1390 3651 1499 3696 vidit
1527 3650 1820 3697 Valckenaar
1964 3652 2018 3693 28
2047 3648 2238 3695 παιδεία
2270 3647 2318 3690 M

328 3725 383 3766 29
414 3715 575 3769 αὐτῶν
602 3721 708 3765 libri
736 3723 917 3777 praeter
947 3721 986 3764 Τ
