2684 4140
354 251 457 300 186
1104 246 1311 293 DIONIS
1339 246 1425 290 DE
1457 244 1686 290 HABITU
2607 22 2670 323 s

349 399 600 453 νοοῦσιν,
647 393 725 451 ὡς
760 395 1253 459 καταφρονοῦντας
1291 391 1473 440 αὐτῶν
1509 392 1602 440 καὶ
1637 391 2190 457 καταγιγνώσκοντας
2229 389 2442 462 πολλὴν

349 477 608 542 ἀμαθίαν
645 475 738 525 καὶ
777 471 1091 538 δυστυχίαν,
1128 475 1222 524 καὶ
1259 476 1348 525 ὅτι
1375 481 1634 544 φανερῶς
1667 477 1768 540 μὲν
1797 475 1858 524 ού
1885 472 2282 542 καταγελῶσιν,
2324 475 2443 545 ἰδίᾳ

349 559 410 612 δὲ
460 552 603 628 παρ’
657 560 850 619 αὐτοῖς
888 559 1066 619 οὕτως
1114 559 1362 623 ἔχουσιν,
1415 560 1492 621 ὡς
1539 562 1758 621 πάντας
1807 557 2049 621 ἀθλίους
2100 562 2263 622 ὄντας
2313 563 2444 623 τοὺς

347 642 753 706 ἀπαιδεύτους,
812 640 1157 713 ἀρξαμένους
1205 645 1321 695 ἀπὸ
1371 651 1482 696 τῶν
1533 643 1823 696 πλουσίων
1883 643 1946 716 δὴ
2005 648 2100 697 καὶ
2152 648 2442 716 μακαρίων

346 728 686 792 δοκούντων,
737 730 832 790 οὓς
871 730 1032 780 αὐτοὶ
1069 725 1299 799 ζηλοῦσι
1334 732 1428 782 καὶ
1467 733 1699 800 σμικρὸν
1739 729 2032 801 διαφέρειν
2072 731 2292 783 οἴονται
2327 738 2439 784 τῶν
2476 744 2500 784 5

345 814 501 864 θεῶν
540 810 900 879 εὐδαιμονίας
947 816 1154 865 ἕνεκεν·
1202 816 1297 866 καὶ
1341 817 1430 866 ὅτι
1467 812 1805 882 ἀτιμάζουσι
1841 818 1936 867 καὶ
1975 814 2278 884 διαγελῶσι
2314 819 2446 878 τοὺς

348 895 671 960 πολυτελῶς
709 900 1016 961 ἐσθίοντάς
1053 916 1113 950 τε
1149 902 1244 951 καὶ
1271 901 1541 963 πίνοντας
1565 903 1659 953 καὶ
1683 900 1987 953 καθεύδειν
2013 900 2279 968 μαλακῶς
2316 904 2444 970 βου-

347 981 613 1049 λομένους
659 986 752 1035 καὶ
798 986 939 1051 μετὰ
987 992 1260 1052 γυναικῶν
1309 989 1574 1038 ἑκάστοτε
1623 988 1848 1055 ὡραίων
1896 989 1991 1039 καὶ
2040 985 2264 1039 παίδων
2314 989 2445 1039 ἀνα-

346 1070 643 1120 παύεσθαι
690 1065 785 1121 καὶ
834 1068 1020 1122 πολλοὶ
1064 1074 1322 1142 χρήματα
1372 1074 1515 1138 ἔχειν
1562 1075 1656 1124 καὶ
1713 1069 2126 1139 θαυμάζεσθαι
2182 1075 2294 1124 ὑπὸ
2346 1079 2449 1124 τοῦ

282 1170 284 1172 ’
346 1152 565 1206 πολλοῦ
598 1153 763 1221 ὄχλου
802 1159 895 1208 καὶ
934 1156 1421 1225 περιβλέπεσθαι·
1463 1158 1538 1210 ὧν
1579 1157 1738 1210 οὐδὲν
1775 1163 2043 1230 ἡγοῦνται
2080 1155 2271 1225 μεῖζον
2309 1157 2438 1210 οὐδὲ
2482 1167 2525 1208 10

275 1239 306 1290 8
343 1237 585 1291 κάλλιον.
655 1239 750 1292 διὰ
791 1239 853 1312 δὴ
894 1245 1100 1313 ταύτην
1137 1245 1236 1314 τήν
1262 1245 1523 1312 ὑποψίαν
1552 1242 1980 1314 δυσχεραίνουσι
2005 1246 2137 1306 τούς
2162 1246 2234 1315 μὴ
2265 1245 2440 1295 ταύτὰ
2459 1255 2655 1299 (385311)

349 1326 519 1395 σφίσι
555 1322 956 1391 θαυμάζοντας
993 1326 1133 1398 μηδὲ
1173 1335 1454 1394 τιμῶντας
1490 1327 1631 1400 μηδὲ
1671 1331 1769 1400 τήν
1810 1331 1979 1400 αὐτὴν
2030 1331 2163 1399 περὶ
2200 1335 2311 1380 τῶν
2348 1347 2444 1396 με·

343 1411 552 1477 γίστων
591 1412 820 1476 ἔχοντας
859 1410 1131 1465 διάνοιαν.
1211 1414 1404 1465 οὐκοῦν
1444 1412 2088 1484 προκαταλαμβάνουσιν
2129 1416 2291 1467 αὐτοὶ
2330 1413 2443 1466 λοι-

343 1492 640 1566 δοροῦντες
675 1499 768 1548 καὶ
805 1494 1187 1562 τωθάζοντες,
1226 1501 1304 1560 ὡς
1343 1497 1584 1561 ἀθλίους
1620 1501 1714 1551 καὶ
1752 1501 2049 1570 ἀνοήτους,
2102 1498 2317 1563 εἰδότες
2355 1503 2443 1552 ὅτι

340 1582 392 1631 εἰ
429 1583 530 1647 μὲν
569 1584 802 1644 τούτους
850 1584 1250 1653 ἀποφανοῦσιν
1300 1586 1556 1655 ἄφρονας
1601 1588 1695 1637 καὶ
1741 1590 2142 1652 μαινομένους,
2193 1588 2308 1652 ἅμα
2345 1588 2439 1638 καὶ
2476 1592 2523 1634 15

343 1669 545 1728 αὐτούς
583 1665 955 1730 ἀποδείξουσι
996 1676 1430 1739 σωφρονοῦντας
1466 1672 1560 1722 καὶ
1597 1677 1725 1722 νοῦν
1763 1672 2019 1736 ἔχοντας·
2067 1673 2118 1722 εἰ
2156 1670 2218 1724 δὲ
2258 1689 2443 1741 παρα-

333 1754 714 1822 χωρήσουσιν,
768 1755 844 1815 ὡς
891 1756 1105 1805 τούτων
1144 1756 1179 1804 ἃ
1222 1757 1324 1826 χρή
1375 1759 1795 1823 γιγνωσκόντων
1842 1758 1937 1807 καὶ
1984 1754 2203 1807 πολλοῦ
2249 1755 2439 1821 ἀξίων,

339 1839 453 1903 ἅμα
490 1839 584 1889 καὶ
623 1839 825 1900 αὐτούς
863 1837 1277 1910 ὁμολογήσουσι
1316 1838 1605 1906 δυστυχεῖς
1629 1843 1724 1892 καὶ
1749 1842 2137 1911 ἀναισθήτους
2161 1844 2255 1893 καὶ
2282 1841 2442 1896 οὐδὲν

272 1923 304 1973 9
343 1921 567 1985 εἰδότας
593 1921 791 1986 ἁπλῶς
818 1923 895 1976 ὧν
934 1927 1209 1996 προσήκει
1248 1927 1596 1996 ἀνθρώπους
1622 1925 1958 1993 ἐλευθέρους
1986 1926 2211 1979 εἰδέναι.
2357 1931 2441 1981 ἔτι
2467 1937 2612 1981 (63οΜ)

340 2006 398 2060 δὲ
438 2010 535 2060 ἐὰν
572 2014 672 2075 μέν
711 2028 836 2062 τινα
878 2008 1077 2063 ἴδωσιν
1116 2013 1194 2074 ὡς
1220 2014 1424 2082 ναύτην
1451 2010 1807 2079 ἐσταλμένον,
1849 2012 2009 2065 ἴσασι
2045 2020 2243 2065 τοῦτον
2269 2011 2436 2066 πλευ·
2474 2022 2523 2062 20

343 2097 632 2160 σούμενον,
670 2097 771 2147 κᾶν
811 2098 888 2158 ὡς
925 2099 1167 2166 γεωργὸν
1205 2100 1424 2168 ἕτερον,
1461 2100 1883 2169 γεωργήσοντα·
1932 2101 2029 2150 τόν
2067 2116 2128 2167 γε
2163 2101 2271 2171 μὴν
2311 2116 2441 2151 ποι-

340 2183 508 2245 μένος
546 2181 742 2246 ἔχοντα
783 2180 985 2254 στολήν
1026 2182 1187 2234 ἴσασι
1223 2186 1318 2235 καὶ
1354 2190 1553 2236 τοῦτον
1583 2187 1671 2236 ὅτι
1697 2186 1931 2236 ἄπεισιν
1957 2186 2056 2236 ἐπὶ
2082 2186 2150 2236 τοὶ
2179 2187 2441 2256 πρόβατα

339 2266 434 2316 καὶ
472 2268 605 2335 περὶ
642 2268 823 2318 ἐκεῖνα
865 2265 1185 2338 διατρίψει,
1238 2271 1382 2321 ὥστε
1419 2263 1521 2321 ὑπ’
1578 2267 1804 2332 οὐδενὸς
1844 2267 2189 2336 λυπούμενοι
2223 2273 2441 2322 τούτων

339 2351 511 2402 ἐῶσιν
551 2343 781 2413 αὐτούς·
830 2356 963 2404 ὅταν
1001 2352 1065 2404 δέ
1101 2372 1227 2405 τινα
1267 2353 1436 2407 ἴδωσι
1473 2357 1537 2407 τὸ
1580 2362 1760 2426 σχῆμα
1800 2356 1996 2420 ἔχοντα
2034 2357 2098 2406 τὸ
2137 2363 2240 2407 τοῦ
2276 2354 2440 2427 φιλο-

342 2440 543 2507 σόφου,
585 2434 901 2505 λογίζονται
938 2443 1026 2491 ὅτι
1066 2439 1227 2502 οὗτος
1268 2442 1393 2493 οὔτε
1432 2444 1578 2511 πρὸς
1614 2444 1678 2492 τὸ
1718 2439 1882 2493 πλεῖν
1911 2436 2104 2510 [ἐστιν]
2133 2442 2258 2492 οὔτε
2290 2444 2435 2511 πρὸς
2472 2449 2520 2489 25

338 2525 611 2594 γεωργίαν
652 2525 777 2575 οὔτε
816 2527 1119 2594 προβάτων
1158 2529 1336 2579 ἕνεκεν
1376 2529 1553 2589 οὕτως
1590 2525 1875 2592 ἔσταλται,
1912 2519 2040 2578 ἀλλ’
2085 2520 2184 2578 ἐπ’
2213 2528 2439 2596 ἀνθρώ-

341 2625 486 2670 πους
526 2612 1006 2679 παρεσκεύασται,
1058 2614 1134 2673 ὡς
1173 2614 1535 2684 νουθετήσων
1573 2631 1632 2664 τε
1669 2615 1763 2664 καὶ
1800 2611 2097 2682 ἐξελέγξων
2145 2614 2239 2664 καὶ
2279 2606 2438 2663 οὐδέν

339 2713 396 2745 τι
433 2696 757 2747 θωπεύσων
798 2690 997 2748 οὐδένα
1038 2689 1219 2749 αὐτῶν
1259 2692 1387 2749 οὐδὲ
1428 2701 1767 2769 φεισόμενος
1806 2693 2061 2764 οὐδενός,
2113 2692 2438 2749 τούναντίον

340 2778 400 2832 δὲ
439 2779 695 2833 κολάσων
735 2784 812 2844 ὡς
851 2784 917 2834 ἂν
957 2781 1189 2854 δύνηται
1216 2778 1418 2846 αὐτούς
1442 2782 1690 2850 μάλιστα
1717 2783 1796 2852 τῷ
1825 2783 1966 2852 λόγῳ
2005 2787 2099 2836 καὶ
2135 2780 2438 2846 ἐπιδείξων

490 2954 507 2992 1
540 2952 933 3009 καταφρονοῦσιν
962 2950 1000 2994 Β
1115 2946 1568 3009 καταγινώσκοντας
1599 2949 1721 2994 UHB
1809 2953 1834 2994 2
1863 2953 2192 3009 καταγελῶσιν
2220 2949 2265 2994 Η
2293 2967 2436 2997 κατα·

337 3024 510 3080 γελῶσι
540 3020 575 3063 Ρ
604 3024 911 3084 καταγελῷεν
940 3022 1072 3067 UBM
1189 3026 1213 3065 5
1244 3021 1420 3081 μικρόν
1451 3021 1488 3066 U
1578 3026 1603 3065 6
1634 3018 1774 3068 ἕνεκα
1807 3021 1843 3063 Β
1873 3017 2034 3068 ἕνεκεν
2064 3033 2120 3064 ex
2149 3017 2288 3067 ἕνεκα
2318 3021 2355 3065 Ρ

339 3088 623 3149 ἀτιμάζουσι
651 3096 733 3139 καὶ
761 3095 1012 3152 διαγελῶσι
1041 3092 1275 3143 Reiskiu83
1317 3087 1596 3150 ἀτιμάζοιεν
1632 3096 1713 3139 καὶ
1754 3094 2012 3154 διαγελῷεν
2049 3090 2153 3135 libri
2325 3088 2438 3147 τοὺς

339 3164 515 3220 scripsi,
547 3162 612 3218 ὡς
631 3165 737 3209 libri
823 3169 846 3208 7
879 3167 1152 3219 πολυτελῶς
1172 3190 1225 3197 -
1248 3182 1300 3212 τε
1326 3167 1406 3211 καὶ
1435 3178 1522 3210 om.
1544 3164 1677 3210 PHM
1764 3163 2090 3223 βουλομένους
2109 3175 2196 3207 om.
2220 3160 2351 3207 UBM

342 3237 367 3278 8
399 3230 741 3294 ἀναπάβεσθαι
771 3236 807 3279 Ρ
925 3239 950 3279 9
981 3239 1138 3283 ποτοῦ
1165 3240 1271 3293 post
1298 3235 1393 3283 ὑπὸ
1427 3239 1514 3284 τοῦ
1543 3236 1644 3280 add.
1672 3235 1722 3280 M
1813 3240 1857 3280 11
1894 3229 2043 3282 ταύτὰ
2075 3236 2189 3293 φησὶ
2219 3234 2256 3278 Β
2286 3229 2435 3282 ταύτά

344 3306 479 3363 σφίσι
509 3309 589 3360 (ασ
618 3308 664 3351 et
695 3307 712 3351 ι’
742 3319 770 3350 a
802 3320 945 3362 corr.;
976 3307 1062 3352 hoc
1093 3307 1183 3352 fuit
1211 3312 1255 3368 η)
1286 3308 1322 3353 U
1355 3302 1504 3355 ταύτὰ
1537 3308 1671 3367 φίσιν
1702 3309 1766 3361 (at
1794 3307 1842 3350 in
1871 3306 2025 3359 litura)
2055 3306 2106 3350 M
2231 3310 2283 3349 15
2314 3301 2435 3352 ἀπο-

341 3379 578 3434 φανοῦσιν
596 3389 715 3421 corr.
740 3377 779 3422 U
796 3376 944 3433 Emp.,
966 3373 1322 3436 ἀποφαίνουσιν
1340 3379 1447 3424 libri
1529 3383 1574 3422 17
1598 3375 1937 3437 γινωσκόντων
1957 3377 2037 3421 ΗΡ
2115 3370 2277 3431 ἀξίους
2298 3375 2379 3422 UB

344 3451 396 3491 18
430 3441 601 3501 αὐτοὺς
629 3447 666 3490 Ρ
778 3450 832 3491 20
863 3446 1191 3505 πλευσόμενον
1219 3463 1277 3494 ex
1306 3446 1661 3507 πλευσούμενον
1690 3449 1726 3493 Ρ
1843 3452 1894 3492 21
1927 3451 2009 3494 καὶ
2037 3461 2120 3505 pro
2148 3442 2242 3495 κᾶν
2270 3447 2349 3491 ΡΗ

345 3521 399 3561 22
418 3514 609 3564 ἵστασιν
627 3518 678 3563 Μ
765 3522 819 3562 23
841 3521 1083 3578 διατρίψω
1101 3520 1216 3574 libri,
1238 3534 1353 3567 corr.
1374 3521 1542 3567 Reiske
1629 3523 1806 3567 τοῦτον
1825 3519 1906 3565 UB
1995 3523 2050 3564 24
2071 3513 2219 3565 αὐτοῦ
2238 3517 2319 3563 ΠΒ

342 3589 399 3635 τὸ
431 3602 516 3634 om.
547 3589 629 3633 PH
745 3593 798 3634 25
829 3587 955 3650 πρὸς
983 3594 1055 3651 τῷ
1083 3595 1220 3638 πλεῖν
1250 3592 1298 3636 Μ
1440 3590 1572 3638 ἐστιν
1602 3591 1781 3647 seclusi,
1811 3592 1963 3647 potest
1988 3589 2173 3645 servari,
2203 3589 2243 3633 si
2270 3587 2432 3635 ἐσταλ-

340 3660 485 3717 μένος
513 3661 740 3705 scribatur
824 3659 950 3718 πρὸς
979 3664 1189 3726 γεωργίᾳ
1215 3663 1268 3708 Μ
1363 3667 1414 3708 27
1448 3660 1841 3723 παρασκεύασται
1870 3661 1906 3706 Ρ
1993 3677 2071 3707 ται
2101 3674 2184 3718 pro
2214 3677 2267 3707 τε
2297 3661 2346 3705 Μ

340 3730 547 3791 ἐλέγχων
578 3742 700 3788 (mrg.
731 3749 804 3791 γρ.
836 3730 1109 3792 ἐξελέγχων)
1139 3733 1182 3777 Η
