2684 4140
1040 254 1267 301 ORATIO
1297 254 1459 299 LXVI.
2197 253 2299 301 155

208 397 606 469 χαλεπωτέρας
645 395 862 468 πληγὰς
899 405 1009 450 τῶν
1049 400 1130 460 εἰς
1180 401 1242 449 τὸ
1295 405 1456 465 σῶμα
1503 401 1692 450 καίτοι
1740 401 1871 461 τοὺς
1916 402 2018 466 μὲν
2067 401 2301 466 ἀτίμους
2348 436 2350 438 ψ

217 485 311 534 οὐκ
348 485 415 535 ἂν
453 485 607 553 εὕροι
643 501 731 545 τις
768 481 980 552 ῥᾳδίως
1015 485 1130 534 ὑπό
1167 500 1320 546 τινος
1346 490 1510 535 τοῦτο
1539 486 1888 549 πάσχοντας·
1927 487 1990 535 τὸ
2018 486 2120 553 γὰρ
2149 501 2301 550 νεμε-

219 570 386 637 σητὸν
425 570 480 619 οἱ
518 565 721 619 πολλοὶ
756 570 850 619 καὶ
885 570 981 618 τὸν
1009 568 1231 638 φθόνον
1257 565 1622 628 εὐλαβοῦνται
1657 570 1750 620 καὶ
1787 571 1850 619 τὸ
1888 567 2206 621 τελευταῖον
2244 571 2304 620 ἐκ

218 658 328 703 τῶν
367 654 792 722 ἀσθενεστέρων
831 653 1023 714 αὐτοῖς
1063 650 1246 713 οὐδείς
1283 654 1407 703 ἐστι
1442 650 1710 715 κίνδυνος.
1796 660 1898 704 τοῦ
1934 651 1992 705 δὲ
2048 652 2302 724 βλασφη-

160 749 183 788 5
218 742 344 803 μεῖν
378 735 623 803 μάλιστα
661 739 792 798 τούς
831 735 1130 798 δοκοῦντας
1167 734 1427 800 ἐνδόξους
1467 735 1648 799 οὐδεὶς
1698 736 1956 808 φείδεται
2006 736 2132 789 οὐδὲ
2172 736 2302 789 ἀδύ-

215 838 380 884 νατος
411 815 594 882 οἰδεὶς
616 816 869 888 (οὕτως),
907 823 1063 882 ὅστις
1091 813 1188 871 οὐκ
1213 822 1280 872 ἂν
1308 822 1535 886 ἰσχύσαι
1561 825 1711 893 ῥῆμα
1738 824 1936 874 εἰπεῖν.
2002 829 2297 892 τοιγαροῦν
2323 823 2387 874 16

212 909 440 975 μέτριός
475 924 562 967 τις
598 912 709 956 τῶν
747 907 992 975 ἀρχαίων
1032 911 1270 970 συνεχῶς
1306 923 1459 968 τινος
1487 900 1636 974 αὐτῷ
1663 912 2092 978 προσφέροντος
2118 909 2302 958 τοιού-

22 999 189 1040 354311)
213 1007 343 1051 τους
383 988 593 1057 λόγους,
633 991 702 1040 Ec
736 992 810 1059 μὴ
853 992 1042 1058 παύσῃ
1081 996 1263 1051 κακῶς
1301 992 1517 1041 ἀκούων
1544 993 1686 1061 ὑπὲρ
1716 994 1866 1057 ἐμοῦ,
1902 995 2070 1060 κάγώ,
2112 1006 2303 1063 φησιν,

211 1075 354 1141 ὑπὲρ
395 1079 499 1123 σοῦ
519 1079 700 1134 κακῶς
727 1075 1056 1139 ἀκούσομαι.
1137 1071 1360 1140 βέλτιον
1399 1072 1459 1125 δὲ
1500 1074 1640 1136 ἴσως
1676 1073 1741 1145 ἦν
1777 1076 1917 1147 μηδὲ
1957 1079 2008 1128 εἰ
2036 1076 2182 1146 λέγει
2207 1079 2305 1148 τὴν

137 1165 182 1207 10
218 1158 388 1227 ἀρχὴν
426 1158 902 1225 προσποιεῖσθαι.
1049 1159 1146 1208 τὸν
1174 1159 1391 1227 οἰκέτην
1419 1156 1693 1222 πολλάκις
1727 1163 2016 1227 ἀνειμένον
2041 1165 2135 1214 καὶ
2172 1164 2304 1213 παί-

213 1238 375 1305 ζοντα
415 1243 447 1292 ὁ
485 1240 766 1311 δεσπότης
804 1243 1133 1311 περιπεσὼν
1180 1240 1394 1293 κλαίειν
1431 1245 1697 1313 ἐποίησε·
1746 1247 1844 1295 τὸν
1897 1243 1955 1296 δὲ
2003 1255 2102 1317 τῆς
2141 1244 2306 1316 δόξης

211 1328 414 1396 ἥττονα
454 1328 485 1376 ὁ
520 1323 859 1393 βουλόμενος
897 1327 980 1377 ἑνὶ
1015 1327 1224 1396 ῥήματι
1264 1326 1628 1380 συνέστειλεν.
1693 1327 1752 1380 εἴ
1782 1347 1869 1390 τις
1907 1329 2136 1398 ἐπῳδὰς
2174 1332 2305 1400 ἠπί-

215 1426 384 1463 στατο
423 1414 690 1473 τοιαύτας
727 1412 884 1480 παρὰ
922 1418 1021 1482 τῆς
1047 1409 1311 1482 Μηδείας
1347 1413 1555 1478 μαθὼν
1592 1415 1624 1484 ἢ
1666 1415 1822 1484 παρὰ
1850 1421 1961 1466 τῶν
1991 1413 2305 1479 Θετταλῶν,

214 1498 357 1548 ὥστε
398 1498 785 1566 φθεγγόμενος
822 1503 933 1547 τῶν
980 1497 1308 1567 ἀνθρώπων
1360 1499 1456 1560 οὓς
1505 1496 1679 1568 ἤθελε
1729 1504 1920 1551 ποιεῖν
1966 1498 2179 1552 κλαίειν
2215 1502 2309 1551 καὶ

136 1588 182 1629 Ιδ
219 1579 533 1632 ὀδυνᾶσθαι
567 1579 806 1651 μηδενὸς
841 1588 1013 1632 κακοῦ
1047 1584 1357 1651 παρόντος,
1410 1577 1507 1633 οὐκ
1545 1585 1612 1635 ἂν
1650 1582 1833 1636 ἐδόκει
1868 1587 2124 1654 τυραννὶς
2161 1585 2308 1637 εἶναι

214 1671 244 1737 ἡ
284 1669 483 1717 τούτου
525 1665 791 1732 δύναμις,·
827 1669 972 1736 πρὸς
1012 1667 1107 1718 οὖν
1145 1669 1242 1718 τὸν
1281 1669 1381 1718 ἐπὶ
1420 1666 1552 1738 δόξῃ
1590 1674 2004 1737 κεχαυνωμένον
2033 1664 2129 1721 οὐκ
2155 1672 2307 1721 ἔστιν

217 1745 398 1813 οὐδεὶς
435 1752 498 1813 ὃς
537 1745 634 1802 οὐκ
671 1753 786 1817 ἔχει
809 1754 1015 1821 ταύτην
1042 1754 1140 1822 τὴν
1168 1753 1341 1817 ἰσχύν.
1407 1751 1505 1803 δύο
1532 1755 1635 1823 γὰρ
1661 1756 1693 1825 ἢ
1723 1757 1850 1824 τρία
1877 1757 2098 1825 ῥήματα
2126 1757 2304 1806 εἰπὼν
2329 1757 2391 1806 17

216 1837 298 1897 εἰς
338 1838 632 1906 συμφορὰν
668 1839 762 1888 καὶ
801 1835 981 1906 λύπην
1019 1835 1292 1904 ἐνέβαλεν.
1447 1842 1541 1890 καὶ
1576 1842 1684 1910 μὴν
1723 1839 1782 1891 εἴ
1811 1845 1873 1908 γέ
1908 1859 1996 1902 τις
2036 1843 2213 1902 οὕτως
2251 1843 2309 1892 ἐκ

220 1917 512 1985 δαιμονίου
551 1923 703 1982 τινὸς
740 1922 859 1986 ἔχοι
896 1923 958 1971 τὸ
1013 1927 1200 1987 σῶμα,
1252 1923 1396 1973 ὥστε
1448 1924 1515 1973 ἄν
1567 1941 1654 1985 τις
1704 1918 1858 1992 αὐτῷ
1904 1929 2307 1996 καταράσηται,

138 2012 186 2054 20
222 2012 560 2076 παραχρῆμα
599 2010 891 2075 πυρέττειν
929 2007 960 2075 ἢ
1010 2009 1109 2077 τὴν
1157 2005 1405 2077 κεφαλὴν
1456 2006 1668 2075 ἀλγεῖν,
1720 2008 1884 2071 οὗτος
1918 2007 2045 2078 <ἂν>
2094 2009 2310 2061 ἀθλιώ-

218 2107 376 2160 τερος
414 2092 624 2161 ὑπῆρχε
662 2097 772 2141 τῶν
810 2089 1189 2160 τρισαθλίων·
1230 2093 1281 2142 εἰ
1321 2090 1382 2142 δέ
1419 2110 1506 2154 τις
1546 2095 1723 2155 οὕτως
1755 2096 2018 2156 ἀσθενῶς
2058 2097 2172 2160 ἔχει
2210 2097 2308 2165 τὴν

220 2174 504 2240 διάνοιαν,
545 2177 688 2226 ὥστε
727 2175 785 2226 εἴ
815 2194 903 2237 τις
939 2173 1299 2246 ἐλοιδόρησεν
1340 2171 1534 2241 αὐτόν,
1585 2176 1930 2241 ἐξίστασθαι
1969 2187 2309 2250 παραχρῆμα

217 2264 314 2332 τὴν
351 2263 560 2332 ψυχήν,
609 2267 734 2322 πῶς
773 2256 893 2326 ούχὶ
929 2260 1007 2328 τῷ
1046 2264 1283 2329 τοιούτῳ
1328 2266 1564 2332 φευκτὸς
1618 2266 1647 2314 ὁ
1684 2266 1840 2331 βίος,·
2035 2267 2085 2316 εἰ
2127 2264 2188 2316 δέ
2225 2283 2312 2326 τις

217 2348 461 2417 κρίνοιτο
500 2337 639 2397 καθ’
682 2348 918 2416 ἑκάστην
954 2350 1166 2417 ἡμέραν
1205 2349 1338 2417 περὶ
1374 2350 1503 2398 ὅτου
1545 2347 1784 2418 δήποτε,
1838 2352 1869 2421 ἢ
1913 2353 2046 2420 περὶ
2081 2358 2184 2401 τοῦ
2219 2346 2312 2421 ζῆν

140 2436 187 2476 25
222 2433 252 2500 ἢ
294 2433 425 2500 περὶ
460 2437 569 2482 τῶν
603 2433 917 2501 χρημάτων,
957 2424 1049 2500 ἀρ’
1095 2425 1214 2497 οὐχὶ
1251 2431 1329 2499 τῷ
1369 2435 1541 2484 παντὶ
1564 2432 1786 2500 βέλτιον
1813 2431 1979 2486 ἐᾶσαι
2017 2443 2181 2486 τοῦτο
2219 2436 2312 2485 καὶ

222 2519 416 2586 μηκέτι
452 2518 514 2566 τὸ
545 2514 746 2567 λοιπὸν
783 2514 1134 2581 κινδυνεύειν,
1179 2512 1310 2586 [καὶ]
1350 2520 1400 2569 εἰ
1441 2521 1542 2584 μὲν
1570 2522 1703 2590 περὶ
1735 2524 2052 2591 χρημάτων,
2091 2522 2159 2571 τά
2182 2522 2312 2590 χρή-

223 2619 400 2666 ματα,
451 2603 501 2652 εἰ
550 2599 608 2652 δὲ
658 2603 790 2670 περὶ
835 2609 937 2652 τοῦ
982 2598 1102 2674 ζῆν,
1151 2605 1247 2654 τὸν
1285 2604 1443 2670 βίον,·
1490 2607 1548 2655 τί
1597 2606 1722 2668 οὖν,
1771 2608 1802 2656 ό
1839 2609 1971 2677 περὶ
2006 2613 2104 2677 τῆς
2144 2603 2309 2675 δόξης
2334 2604 2396 2655 18

136 2742 138 2744 ,
225 2687 371 2753 ἀγὼν
412 2678 507 2737 οὐκ
546 2688 634 2738 ἀεὶ
660 2681 797 2755 [τοῖς
836 2684 1192 2757 ἀνθρώποις]
1233 2694 1354 2751 τοῖς
1393 2691 1656 2761 ἀνοήτοις
1693 2693 1996 2762 ἐνέστηκεν,
2039 2685 2101 2742 οὗ
2139 2694 2312 2757 μόνον
2388 2710 2390 2712 ’

14 2817 122 2854 „mm
224 2769 379 2834 ἅπαξ
414 2779 511 2842 τῆς
547 2776 772 2842 ἠμέρας,
815 2770 955 2823 ἀλλὰ
995 2771 1284 2837 πολλάκις,
1327 2768 1454 2826 οὐδὲ
1495 2769 1595 2846 ἐφ’
1639 2778 1975 2846 ὡρισμένοις
2003 2775 2310 2841 δικασταῖς,

13 2833 119 2896 ’3563
139 2858 188 2901 30
226 2853 365 2906 ἀλλὰ
415 2862 588 2908 πᾶσιν
637 2855 863 2921 ἁπλῶς,
910 2860 1004 2909 καὶ
1052 2861 1276 2920 τούτοις
1326 2861 1642 2925 ἀνωμότοις
1688 2863 1782 2912 καὶ
1831 2863 1970 2931 μήτε
2017 2862 2312 2929 μαρτύρων

365 3011 390 3051 2
421 3008 671 3065 νεμεσιτὸν
700 3010 734 3052 Ρ
878 3013 906 3053 4
938 3004 1042 3055 οὐδ’
1074 3006 1174 3056 ἔστι
1204 3010 1283 3053 PH
1427 3011 1476 3056 δὲ
1506 3024 1591 3055 om.
1626 3011 1707 3055 PH
1854 3017 1877 3055 5
1910 3013 2121 3069 φείδεται
2152 3015 2239 3066 (ειδ
2265 3012 2312 3057 in

223 3082 399 3131 rasura)
429 3078 472 3121 H
623 3083 648 3123 6
681 3071 832 3132 οὕτως
861 3080 962 3125 add.
996 3080 1156 3132 Dind.,
1197 3083 1380 3124 secutus
1410 3081 1671 3136 Emperium
1816 3086 2075 3141 τοιγαροῦν
2114 3086 2145 3136 (ι
2176 3085 2222 3126 et
2252 3100 2314 3141 αρ

223 3150 270 3192 in
300 3149 478 3205 rasura)
509 3150 551 3193 H
725 3154 746 3192 7
779 3150 988 3208 μετρίως
1014 3150 1108 3193 ΜΗ
1138 3163 1196 3193 m.
1227 3163 1294 3206 pr.
1432 3154 1455 3193 S
1486 3151 1516 3194 i.
1545 3163 1583 3194 e.
1617 3151 1656 3195 si
1685 3151 1913 3196 hominum
1943 3153 2178 3197 maledicta
2205 3153 2315 3196 mihi

224 3219 390 3263 referre
418 3219 583 3276 pergis,
612 3232 693 3275 ego
727 3232 904 3276 quoque
931 3220 1016 3263 tibi
1043 3221 1267 3275 narrabo,
1306 3232 1421 3277 quae
1452 3222 1506 3266 de
1534 3224 1581 3266 te
1609 3222 1812 3268 homines
1842 3223 1960 3267 male
1989 3224 2201 3268 locuntur

229 3293 279 3333 12
311 3286 537 3343 ἕπαοιδὸς
565 3288 813 3336 ἐπίσταιτο
847 3289 935 3334 UM
967 3286 1192 3344 ἐπαοιδὰς
1221 3288 1468 3337 ἐπίσταιτο
1500 3293 1537 3336 Β
1696 3290 1922 3339 ἐπίστατο
1956 3294 1990 3337 P
2140 3298 2188 3338 13
2220 3311 2314 3340 τοι·

227 3363 347 3406 αὕτα
378 3361 424 3403 Μ
542 3356 572 3419 ἢ
601 3356 734 3417 παρὰ
764 3361 843 3404 PH
931 3362 1227 3407 θετταλίδων
1258 3360 1456 3406 Cobetus
1575 3366 1627 3407 14
1658 3362 1993 3422 φθεγκόμενος
2013 3366 2048 3408 Ρ
2179 3369 2226 3409 16
2258 3368 2316 3423 τῇ

226 3429 336 3488 δόξῃ
368 3430 496 3475 UBM
616 3435 665 3475 18
696 3429 893 3491 ἐνέβαλε
922 3431 965 3474 Η
1081 3423 1208 3477 οὕτω
1238 3431 1294 3485 Η,
1325 3444 1411 3477 om.
1445 3432 1482 3476 U
1513 3447 1569 3478 m.
1601 3448 1668 3490 pr.
1790 3437 1840 3478 19
1872 3431 1968 3493 ἔχει
2001 3436 2033 3478 P
2170 3439 2224 3479 20
2255 3431 2315 3482 ἄν

227 3502 328 3550 add.
359 3500 520 3558 Pflugk
609 3505 657 3545 21
692 3496 905 3560 ὑπῆρχεν
934 3502 969 3545 Ρ
1057 3497 1152 3560 ἔχει
1183 3502 1361 3559 scripsi,
1392 3499 1494 3561 ἔχοι
1521 3504 1626 3548 libri
1722 3510 1774 3549 22
1806 3502 2109 3566 ἐλοιδόρησεν
2139 3506 2314 3563 scripsi,

227 3569 545 3631 λοιδορήσειεν
573 3572 678 3616 libri
762 3576 842 3618 καὶ
871 3575 1163 3631 παραχρῆμα
1196 3572 1325 3616 UBM
1412 3577 1465 3618 24
1497 3574 1547 3621 δέ
1577 3591 1697 3623 ποτε
1728 3576 1763 3620 Ρ
1881 3579 1934 3620 26
1963 3580 2044 3622 καὶ
2073 3577 2237 3621 seclusi

229 3645 281 3685 28
313 3650 413 3696 τοῖς
444 3637 722 3703 ἀνθρώποις
752 3644 836 3689 del.
868 3643 974 3688 Wil.
1095 3642 1140 3688 οἳ
1172 3639 1228 3689 οὗ
1256 3639 1413 3700 μόνον
1442 3637 1573 3701 ἅπαξ
1593 3647 1670 3691 ΡΗ
1699 3644 1857 3704 μόνον
1888 3644 1970 3703 οὐχ
1992 3639 2122 3702 ἅπαξ
2141 3646 2227 3690 ΒΜ
2260 3638 2316 3692 οὗ

229 3708 381 3767 μόνον
412 3708 497 3772 οὐχ
527 3706 659 3768 ἅπαξ
686 3715 724 3760 U
841 3717 894 3757 29
927 3709 1155 3767 πολλάκις
1184 3709 1466 3762 εὖθὺνονται
1497 3717 1574 3760 PH
1607 3718 1664 3763 cf.
1696 3720 1789 3763 not.
1821 3719 2030 3775 praeced.
