2684 4140
881 280 917 320 1.
947 274 1190 321 NOMINA
1219 275 1665 324 GEOGRAPHICA.
2199 282 2299 331 341

282 407 528 470 ἐξαίρετον
565 407 756 471 ἔχοντες
793 414 837 458 11
869 418 936 468 52,
967 419 992 460 8
1021 415 1244 460 Prusaen-

283 482 398 525 sium
421 473 597 539 ὅμοροι
617 487 698 530 καὶ
720 478 1047 544 ἀστυγείτονες
1066 485 1170 529 ibid.
1200 489 1244 530 11

281 552 445 596 multas
474 553 642 597 habent
671 566 772 598 cum
800 554 957 600 iisdem
996 553 1249 613 ἐπιγαμίας

282 621 387 666 ibid.
414 624 480 665 13.
523 647 575 653 —-
615 622 802 669 δέονται
840 626 921 682 τῆς
960 622 1084 683 παρ’
1115 619 1248 683 ἡμῶν

281 690 394 743 (scil.
416 690 575 745 Prusa)
603 683 713 750 ῧλης
741 695 821 738 καὶ
851 692 1028 753 ἑτέρων
1057 697 1248 740 πολλῶν

279 759 327 803 II
358 763 425 818 54,
450 763 515 803 13.
542 786 596 792 —
618 758 823 808 πιστεύω
853 766 922 824 τῷ
951 767 1033 822 τῆς
1062 756 1249 817 πόλεως

282 826 404 886 ἤθει,
435 831 646 886 νομίζων
677 829 732 878 ού
763 832 974 892 σκληρὸν
1004 829 1111 880 οὐδὲ
1131 827 1248 890 ἀμα-

281 898 386 953 θές,
427 894 546 947 ἀλλὰ
587 904 659 962 τῷ
698 897 801 948 ὄντι
830 899 1024 963 γνήσιον
1052 900 1250 949 ἐκείνων

282 971 379 1012 τῶν
395 963 582 1028 ἀνδρῶν
597 974 676 1017 καὶ
695 975 777 1030 τῆς
791 975 1032 1033 μακαρίας
1049 970 1249 1026 πόλεως,

280 1032 370 1094 ὕφ’
414 1040 467 1097 ἡς
518 1044 655 1102 δεῖ-ρο
704 1041 979 1102 ἐπέμφθητε
1026 1045 1156 1101 φίλοι
1197 1039 1248 1100 δὴ

207 1116 210 1118 ’
283 1105 414 1167 παρὰ
445 1112 608 1166 φίλους
641 1108 916 1170 οικήσοντες
945 1113 989 1156 11
1011 1117 1078 1165 59,
1100 1116 1167 1156 31.
1195 1136 1250 1143 --

282 1179 531 1235 complures
569 1182 887 1226 Prusaensium
933 1185 1013 1228 καὶ
1052 1182 1252 1233 πολίτας

1348 420 1443 460 tum
1471 416 1640 462 habent
1669 421 1741 474 84,
1767 420 1835 462 21.
1866 443 1921 451 -
1952 420 2101 478 capite
2128 421 2310 467 damna-

1347 490 1495 531 torum
1524 487 1705 532 nomina
1733 488 1870 533 deleri
1898 489 1970 534 lex
1997 490 2122 535 iubet
2151 494 2248 548 244,
2270 496 2310 539 2.

1347 580 1400 588 -—
1417 561 1586 613 mystae
1605 557 1825 602 Eleusinii
1854 562 2016 614 statua,
2048 573 2177 616 quem
2197 561 2312 607 Her-

1350 625 1493 670 culem
1521 637 1622 670 esse
1654 626 1812 671 dicunt
1841 631 1937 682 246,
1961 633 2000 674 7.
2031 655 2084 663 —
2114 631 2310 689 Lyceum

1348 697 1394 739 et
1423 695 1666 740 Academia.
1706 699 1811 753 266,
1848 701 1916 744 11.
1946 724 2002 731 -
2029 691 2200 747 Ἵππου
2227 706 2307 748 καὶ

1347 760 1494 823 κόρης
1522 761 1710 824 ἄβατον
1741 767 1858 812 unde
1887 767 2054 813 dictum
2083 774 2179 825 290,
2190 770 2236 816 6.
2255 797 2311 806 --

1349 833 1597 891 Propylaea
1626 840 1670 878 et
1698 835 1954 882 Parthenon
1983 839 2027 883 11
2057 843 2126 896 48,
2161 846 2226 886 14.
2257 868 2312 876 —

1350 902 1484 949 Στοά
1517 905 1716 963 Ποικίλη
1743 905 1787 949 ῙῙ
1817 909 1886 962 85,
1918 910 1942 951 8
1971 931 2028 942 —
2047 910 2309 968 Areopagus

1349 975 1396 1017 et
1425 975 1608 1018 senatus
1638 979 1942 1020 sescentorum
1979 978 2026 1022 II
2054 983 2125 1034 98,
2149 985 2215 1027 13.
2253 1007 2309 1014 -

1348 1036 1525 1101 Ἀττικὴ
1559 1037 1763 1090 εὐτέλεια
1797 1045 1842 1088 11
1866 1050 2051 1102 151,16.
2080 1073 2138 1083 —
2167 1050 2312 1108 Cyno-

1352 1125 1505 1168 sarges
1549 1114 1826 1170 gymnasium
1871 1115 1950 1160 ubi
2001 1111 2142 1165 νόθοι
2190 1115 2312 1168 ἀλεί-

1354 1197 1527 1238 φονται
1557 1182 1601 1224 II
1631 1185 1725 1238 233,
1756 1187 1796 1228 7.
1827 1209 1881 1216 —
1921 1179 2007 1231 οὐκ
2045 1184 2188 1235 οἶσθα
2225 1187 2313 1237 τὸν

71 1830 86 1954 ⁴1²⁴-an
75 1690 86 1816 *mxu-0..
78 1603 84 1632 Α»,
77 1515 86 1590 ‚mn-.-
76 1470 81 1499 ³„
76 1411 81 1463 ›1--w

283 1251 548 1308 πεποίησθε
568 1255 648 1298 καὶ
665 1255 840 1312 βουλῆς
855 1247 1152 1306 μετεδώκατε
1172 1253 1252 1295 καὶ

282 1314 522 1377 ἄρχοντας
561 1317 648 1368 οὐκ
691 1316 993 1381 ἀπηξιώσατε
1029 1319 1253 1379 γενέσθαι
1354 1324 1440 1365 λον
1477 1317 1739 1378 γενόμενον
1780 1317 1866 1368 ούκ
1901 1321 1959 1387 ἐᾷ
1995 1327 2206 1385 μετέχειν
2234 1334 2314 1387 τῆς

283 1382 404 1446 παρ’
434 1385 543 1445 ὑμῖν
571 1394 653 1437 καὶ
692 1394 791 1436 τῶν
828 1393 1017 1447 σεμνῶν
1054 1386 1253 1443 τούτων,
1353 1391 1598 1443 πολιτείας
1626 1390 1670 1433 11
1702 1394 1799 1448 237,
1830 1397 1869 1436 7.

282 1452 314 1503 δι’
345 1461 427 1515 τῆς
440 1454 687 1516 Ῥωμαίων
706 1459 807 1508 ἐστὶ
827 1454 1030 1513 πόλεως,
1059 1457 1252 1504 ἐκοινω-
1296 1459 1594 1504 Athenienses
1618 1464 1711 1515 105,
1734 1465 1800 1504 20.
1833 1467 1998 1518 -249,
2021 1468 2090 1510 29.
2111 1491 2165 1499 -
2186 1462 2314 1527 Ἀθη-

288 1524 465 1585 νήσατε
494 1530 628 1583 1160,
653 1534 720 1575 13.
1354 1530 1517 1582 ναίους
1546 1533 1663 1587 φασὶ
1693 1530 1918 1588 νέμεσθαι
1938 1530 2058 1580 καθ’
2090 1528 2203 1595 ο’λην
2230 1555 2316 1596 την

228 1597 400 1642 Arabes
441 1603 515 1655 63,
557 1603 626 1646 24.
675 1627 728 1634 -
781 1595 995 1661 Ἀράβων
1033 1601 1254 1659 φρύγανα
1353 1594 1559 1658 Ἀττικὴν
1588 1595 1644 1646 τὸ
1677 1597 1883 1647 παλαιὸν
1901 1606 1981 1648 καὶ
2011 1600 2199 1652 πάλιν(
2179 1600 2311 1654 ύστε-

285 1671 382 1722 305,
409 1673 474 1715 15.
508 1695 559 1701 —
590 1664 804 1731 Ἀράβων
833 1668 978 1731 στολή
1011 1675 1107 1726 332,
1139 1673 1178 1714 6.
1356 1685 1445 1725 ρον
1465 1666 1843 1729 τυραννήσαντος
1858 1673 2200 1733 Πεισιστράτου
2216 1680 2312 1734 209,

225 1737 384 1782 Aradii
423 1741 668 1797 contempti
711 1745 807 1798 309,
839 1744 863 1784 2
895 1755 1048 1787 eorum
1083 1740 1255 1785 musica
1360 1742 1428 1784 13.
1468 1764 1522 1771 —
1560 1739 1702 1784 multa
1743 1745 1935 1797 peccant
1972 1744 2129 1789 Dionis
2169 1750 2314 1791 aetate

286 1813 384 1866 309,
409 1813 474 1852 12.
1357 1811 1453 1862 253,
1486 1812 1504 1852 1
1540 1808 1807 1854 Phoenicem
1847 1814 2064 1867 quendam
2095 1812 2192 1862 ἀπὸ
2222 1813 2313 1861 κιό-

224 1879 422 1923 Arcadia
446 1875 471 1925 ὃ
489 1877 665 1927 Λάδων
685 1881 793 1939 (ῥεῖ)
814 1878 888 1929 διὰ
909 1886 991 1940 τῆς
1011 1877 1255 1937 Ἀρκαδίας
1353 1895 1440 1937 μης
1470 1876 1598 1931 τινὸς
1627 1876 1680 1924 ἐκ
1710 1882 1790 1935 τῆς
1817 1876 2029 1941 ἠπείρου,
2058 1886 2137 1927 καὶ
2165 1886 2312 1929 ταῦτα

283 1943 560 1997 ἀναστάτου
589 1952 846 2011 γενομένης
867 1956 963 2007 304,
987 1957 1054 1997 15.
1072 1977 1127 1983 —
1148 1964 1255 1996 ecus
1356 1946 1671 2004 πιττούμενον
1701 1948 1810 2004 τοὺς
1839 1953 2102 2011 βραχίονας
2123 1952 2314 2009 Olympii

284 2032 339 2063 ex
367 2021 565 2067 Arcadia
594 2022 640 2065 II
661 2025 759 2077 240,
782 2026 850 2067 26.
1358 2019 1616 2074 cognomine
1635 2019 1965 2066 honoraverunt
1983 2021 2087 2066 ibid.
2109 2027 2134 2066 4
2155 2025 2314 2078 poetae

228 2091 478 2135 Arcadicus
508 2091 669 2148 pilleus
700 2095 797 2146 335,
820 2097 860 2137 3,
1355 2087 1536 2144 pessimi
1555 2089 1682 2133 iuxta
1703 2089 1997 2134 Menandrum
2018 2095 2211 2135 statuam
2230 2104 2310 2147 po-

223 2160 378 2216 Argivi
420 2165 512 2215 116,
546 2165 613 2206 27.
649 2165 745 2215 117,
776 2166 817 2207 9.
858 2167 954 2215 264,
978 2164 1030 2205 20
1062 2160 1253 2215 saepius.
1355 2161 1470 2200 nunt
1496 2156 1602 2202 ibid.
1636 2162 1658 2200 7
1690 2171 1717 2202 a
1745 2158 1969 2204 Nicanore
1990 2161 2212 2205 Salamina
2240 2173 2314 2203 re-

1351 1245 1566 1309 Ἀθήνησι
1586 1247 1739 1307 νόμον
1758 1277 1810 1284 -—
1836 1245 1909 1298 ὅτι
1939 1252 2027 1302 τὸν
2053 1255 2189 1315 φύσει
2209 1264 2312 1306 δοῦ·

227 2231 374 2286 Argos
406 2234 501 2285 212,
533 2236 574 2276 5.

228 2301 339 2345 Asia
369 2304 438 2355 64,
462 2305 529 2347 17.
567 2328 622 2334 -
643 2298 756 2356 τοὺς
786 2301 985 2362 ἱερέας
1014 2305 1112 2348 τῶν
1133 2295 1254 2358 παρ’

284 2365 417 2427 ὑμῖν·
473 2367 585 2425 τοὺς
631 2375 896 2431 μακαρίους
944 2372 1091 2431 λέγω,
1146 2370 1258 2424 τοὺς

286 2436 514 2488 ἁπάντων
545 2439 786 2501 α’ρχοντας
815 2447 913 2490 τῶν
936 2441 1116 2502 ιερέων,
1146 2457 1258 2494 τους

285 2509 563 2569 ἐπωνύμους
583 2530 683 2559 των
705 2513 786 2559 δύο
809 2509 1022 2573 η’πείρων
1052 2515 1134 2569 τῆς
1164 2510 1258 2576 ετέ-

287 2600 372 2641 ρας
412 2575 523 2642 ὅλης
553 2586 650 2639 334,
683 2587 749 2628 14.
781 2608 833 2616 -
864 2584 1031 2628 iudicia
1067 2583 1115 2626 in
1153 2595 1257 2638 pro-

286 2654 444 2698 vinciis
465 2654 681 2698 Asiaticis
702 2653 952 2711 (Phrygia):
984 2652 1042 2699 τὸ
1066 2656 1164 2698 τῶν
1194 2655 1257 2697 δι-

285 2727 387 2769 κῶν
418 2749 471 2755 -
501 2724 692 2780 μέτεστι
723 2724 771 2771 δὲ
810 2723 959 2771 αὐτοῦ
995 2731 1098 2776 ταῖς
1128 2740 1256 2778 πρω-

286 2810 391 2848 ταις
407 2790 608 2840 πόλεσιν
628 2792 681 2840 ἐν
699 2794 833 2853 μέρει
853 2787 973 2852 παρ>
991 2790 1110 2847 ἔτος.
1142 2795 1258 2850 φασὶ

285 2865 334 2911 δὲ
363 2868 447 2911 νῦν
476 2860 674 2911 ἔσεσθαι
704 2861 777 2912 διὰ
808 2866 1034 2918 πλείονος
1060 2859 1255 2923 χρόνου.

285 2938 381 2989 336,
416 2939 481 2979 11.
522 2959 577 2966 —
615 2935 848 2991 provincia
883 2934 1112 2979 Romana:
1160 2934 1258 2978 τῶν

285 3003 428 3062 ἱερῶν
457 3007 539 3062 τῆς
567 3000 726 3058 Ἀσίας
753 3004 974 3061 μέτεστιν
1002 2998 1111 3059 ὑμῖν
1141 3001 1251 3054 (scil.

283 3074 651 3130 Celaenensibus)
675 3076 755 3132 τῆς
776 3090 828 3120 τε
851 3070 1061 3130 δαπάνης
1091 3074 1254 3117 τοσοῦ-

282 3160 369 3189 τον
408 3135 529 3189 ὅσον
566 3141 770 3197 ἐκείναις
798 3151 902 3197 ταῖς
944 3139 1165 3195 πόλεσιν,
1203 3137 1256 3185 ἐν

283 3210 357 3267 αἷς
385 3211 485 3259 ἐστι
516 3211 573 3259 τὰ
606 3209 710 3272 ἱερά
742 3215 839 3266 336,
862 3217 930 3258 14.

228 3284 436 3328 Athenae
463 3283 769 3326 anathemata:
788 3280 1016 3327 Mardonii
1031 3280 1253 3333 acinaces,

284 3355 516 3398 Laconum
539 3365 564 3397 e
578 3353 687 3410 Pylo
708 3353 840 3408 clipei
860 3356 929 3407 23,
947 3355 1014 3396 29.
1032 3375 1087 3383 -
1104 3350 1252 3406 Olym-

285 3426 410 3482 pium
432 3425 533 3481 plus
558 3423 601 3467 X
621 3424 799 3467 milibus
820 3423 1035 3467 talentum
1052 3420 1255 3467 constitit

284 3499 352 3548 24,
377 3499 415 3539 1.
437 3520 489 3526 —
508 3490 730 3551 Ἀθήνησί
749 3508 866 3551 φασι
893 3489 981 3539 τὸν
1010 3488 1143 3550 ἱερὸν
1173 3494 1254 3549 τῆς

283 3563 446 3618 ἐλαίας
474 3561 659 3610 θαλλὸν
688 3562 739 3609 έν
767 3558 918 3627 ἡμέρᾳ
938 3565 1023 3626 μιᾷ
1049 3564 1252 3621 βλαστῆ-

287 3652 365 3683 σαι
385 3639 466 3683 καὶ
486 3635 667 3682 τέλειον
684 3633 907 3694 γενέσθαι
929 3638 997 3687 77,
1015 3637 1054 3676 9.
1079 3657 1129 3664 -
1154 3644 1253 3677 cum

284 3707 446 3752 Piraeo
479 3707 775 3751 ducentorum
817 3703 1063 3749 stadiorum
1096 3701 1255 3747 circui-

1358 2229 1580 2283 demptam
1608 2228 1836 2285 accipiunt
1866 2229 1974 2273 ibid.
1997 2233 2036 2274 9.
2070 2255 2121 2262 -
2149 2229 2315 2285 gladia-

1357 2300 1478 2343 tores
1518 2298 1565 2341 in
1603 2299 1778 2343 theatro
1817 2303 2022 2355 spectant
2056 2295 2140 2345 ὑπ’
2172 2294 2316 2356 αὐτὴν

1358 2365 1443 2427 τὴν
1473 2363 1838 2427 ἀκρόπολιν,οὑ
1869 2365 1957 2415 τὸν
1977 2368 2209 2415 Διόνυσον
2237 2367 2313 2415 ἐπὶ

1357 2455 1443 2497 την
1482 2431 1753 2499 ὀρχήστραν
1782 2439 1995 2485 τιθέασιν
2024 2443 2316 2494 254,18.—-

1356 2509 1516 2553 Dionis
1536 2514 1683 2553 aetate
1704 2523 1805 2554 cum
1819 2505 2220 2554 Lacedaemoniis
2199 2526 2316 2568 υπερ

1358 2581 1439 2636 τῆς
1455 2581 1794 2638 προπομπείας
1811 2575 2128 2639 ἀγωνίζονται
2144 2581 2262 2633 ΙΙ40,
2276 2585 2314 2625 7.

1359 2673 1413 2682 —-
1433 2641 1509 2696 ὅτ’
1530 2648 1816 2706 ἐστασίαζον
1834 2654 1913 2696 καὶ
1934 2647 2044 2704 τοὺς
2062 2652 2317 2706 πολεμίους

1358 2716 1594 2777 ἐπήγοντο
1626 2723 1706 2766 καὶ
1745 2722 2063 2778 προεδίδοσαν
2091 2713 2316 2775 ἀλλήλους

1360 2788 1405 2834 οἱ
1436 2790 1734 2849 ταλαίπωροι
1755 2790 1799 2833 II
1820 2794 1888 2842 91,
1911 2793 1978 2834 25.
2001 2814 2056 2820 -
2084 2782 2315 2846 Ἀθηναῖοι

1357 2862 1528 2905 πολλοὶ
1564 2861 1662 2904 τῶν
1707 2860 1760 2905 ἐν
1803 2860 1996 2921 Σικελίᾳ
2039 2857 2313 2915 ληφθέντων

1355 2922 1604 2975 ἐδούλευον
1637 2926 1691 2974 έν
1731 2930 1924 2982 Σικελίᾳ
1960 2930 2039 2973 καὶ
2077 2926 2128 2972 ἐν
2166 2929 2313 2972 Πελο-

1357 2995 1581 3056 ποννῄσω
1601 2995 1846 3057 ἐλεύθεροι
1870 2994 2017 3050 ὄντες.
2063 2997 2106 3040 ΙΙ
2128 3000 2223 3047 236,
2250 2999 2313 3038 18.

1355 3094 1408 3100 —-
1451 3067 1791 3127 ψηφισαμένων
1828 3064 1947 3124 μετὰ
1988 3063 2072 3124 τὴν
2107 3065 2159 3111 ἐν
2198 3068 2314 3111 Χαι-

1357 3139 1532 3201 ρωνείᾳ
1559 3135 1714 3196 μάχην
1733 3133 1843 3191 τοὺς
1870 3134 2315 3193 συμπολεμήσοντας

1355 3207 1542 3261 οἰκέτας
1571 3205 1850 3265 ἐλευθέρους
1879 3203 1998 3253 εἶναι
2018 3206 2060 3249 II
2082 3209 2176 3258 238,
2198 3210 2236 3250 9.
2262 3229 2315 3235 —-

1354 3279 1409 3323 iis
1428 3279 1591 3335 Apollo
1614 3278 1772 3323 suadet
1788 3281 2080 3337 προσλαβεῖν
2100 3278 2157 3333 τῇ
2180 3270 2315 3320 πόλει

1354 3346 1440 3407 τὴν
1471 3347 1706 3402 Σικελίαν,
1733 3345 1888 3406 λόφον
1917 3364 2021 3393 τινα
2041 3344 2177 3404 ἐγγὺς
2199 3342 2314 3390 ὅντα

1355 3422 1436 3477 τῆς
1454 3415 1656 3472 πόλεως,
1677 3419 1795 3475 quod
1814 3418 1868 3463 de
1887 3417 2035 3462 insula
2048 3416 2165 3460 falso
2180 3415 2315 3459 inter-

1353 3494 1588 3546 pretantur
1617 3489 1662 3532 II
1696 3492 1791 3540 284,
1823 3492 1892 3533 27.

1298 3560 1452 3605 Attica
1496 3563 1573 3614 95,
1614 3562 1680 3602 12.
1730 3584 1782 3590 —
1833 3561 1997 3602 natura
2047 3560 2093 3599 et
2146 3554 2315 3599 caelum

1358 3634 1426 3683 84,
1455 3634 1494 3674 5.
1525 3654 1578 3661 —
1612 3627 1657 3675 οἱ
1692 3627 1743 3675 ἐν
1781 3631 1840 3686 τῇ
1867 3622 2044 3685 Ἀττικῇ
2080 3621 2316 3680 κάνθαροι

1360 3702 1455 3754 296,
1486 3703 1552 3743 14.
