2684 4140
1029 269 1254 316 ossA-Tm
1283 269 1420 315 xnv.
2209 233 2292 313 73¹

193 421 318 479 τῶν,
360 418 436 477 ὡς
470 413 740 482 μειζόνων
777 418 809 486 ἢ
848 407 989 467 καθ’
1033 417 1201 485 αὐτὴν
1239 417 1537 485 ἐφιεμένης
1573 414 1666 464 καὶ
1692 410 2074 483 διαφερούσης
2115 408 2276 462 οὐδὲν

190 501 330 550 κατὰ
379 502 476 571 τὴν
527 502 850 571 ἀφροσύνην
899 507 1009 551 τῶν
1059 498 1283 550 παίδων
1320 505 1431 550 τῶν
1467 496 1784 565 βασιλέωνω·
1846 498 1939 548 καὶ
1976 502 2149 547 ταῦτα
2191 493 2274 546 λέ-

192 599 381 650 γοντες
422 586 518 635 οὐκ
553 578 856 654 ᾐσχύνοντο
899 583 1259 654 διασύροντες
1296 586 1394 654 τὴν
1433 585 1613 634 αὐτῶν
1652 579 1900 651 πατρίδα
1938 582 2031 632 καὶ
2065 581 2271 632 καθαι-

25 675 171 720 (515Μ)
194 674 417 735 ροῦντες
461 670 519 719 ἐν
557 673 678 731 τοῖς
725 667 911 735 λόγοις
951 670 1151 730 αὐτοὺς
1189 670 1454 738 ἀνοήτως.
1529 667 1640 719 εἴτε
1677 668 1780 735 γάρ
1821 667 1934 717 εἰσι
1970 671 2081 716 τῶν
2120 681 2274 735 πρω-

12 734 107 815 [RF.
131 758 155 798 5
193 754 466 803 τενόντων
504 755 562 804 ἐν
602 755 741 823 αὐτῇ
777 755 809 824 ἢ
849 757 1193 820 τιμωμένων,
1233 754 1434 813 αὐτοὺς
1459 753 1836 819 καθαιροῦσιν
1864 751 2145 811 ἀσθενοῦς
2182 750 2277 800 καὶ

190 834 395 899 ἀδόξου
448 835 669 899 πόλεως
721 840 1161 908 προεστηκότες·
1224 836 1335 887 εἴτε
1383 842 1494 887 τῶν
1545 838 1975 904 ἀπερριμμένων
2021 836 2133 885 εἰσὶ
2181 835 2275 885 καὶ

188 926 299 971 τῶν
324 923 592 982 ὑστάτων,
620 923 705 973 ἔτι
723 919 894 987 μείζω
915 924 1008 973 καὶ
1021 919 1422 990 χαλεπωτέραν
1443 927 1678 971 ποιοῦσι
1697 921 1795 989 τὴν
1816 920 2046 984 ἀτιμίαν
2068 920 2272 979 αὐτοῖς,

189 1006 240 1054 εἰ
259 1012 357 1074 τῆς
378 1007 614 1076 ἐσχάτης
636 1004 857 1068 πόλεως
883 1008 1111 1071 ἔσχατοι
1135 1007 1497 1072 τυγχάνουσιν
1525 1006 1693 1065 ὄντες.
1866 1004 1954 1053 ἵνα
1983 1000 2041 1053 δὲ
2068 1004 2141 1073 μὴ
2173 1000 2267 1053 διὰ
2309 1005 2338 1054 7

188 1091 319 1151 τοὺς
368 1091 760 1156 ἐμπίπτοντας
810 1089 1006 1158 λόγους
1053 1096 1156 1140 τοῦ
1201 1089 1587 1156 προτεθέντος
1643 1088 1997 1156 ἐκκρουσθῶ,
2059 1088 2272 1137 τούτων

109 1180 156 1222 10
192 1176 349 1235 ὅπως
399 1172 608 1245 δήποτε
655 1173 990 1244 ληφθέντων
1026 1175 1120 1224 καὶ
1154 1173 1546 1238 κομισθέντων
1583 1172 1858 1234 ἐνταῦθα,
1911 1174 2175 1221 σκοπεῖτε
2224 1169 2282 1221 εἴ

188 1275 264 1325 τῳ
303 1259 478 1327 βαρὺς
513 1262 708 1326 γέγονα
747 1264 858 1308 τῶν
896 1255 1147 1308 πολιτῶν
1184 1258 1216 1326 ἢ
1255 1250 1380 1307 κατ’
1435 1253 1586 1306 ἰδίαν
1637 1257 1780 1323 ὑπὲρ
1820 1257 2066 1320 ἐμαυτοῦ
2102 1253 2274 1322 λέγων

184 1343 216 1411 ἢ
267 1349 426 1412 κοινῇ
463 1346 768 1412 προφέρων
805 1344 898 1393 καὶ
936 1337 1221 1404 ὀνειδίζων
1254 1343 1490 1410 χάριτας
1526 1341 1558 1409 ἢ
1609 1341 1948 1406 προαγαγών
1998 1356 2158 1400 τινας
2198 1338 2273 1389 ὧν

184 1424 518 1496 ἐβουλόμην·
565 1427 596 1496 ἢ
648 1427 971 1477 τούναντίον
1022 1426 1118 1476 οὐκ
1165 1423 1396 1476 ἔλαττον
1445 1426 1641 1476 ἑκατὸν
1690 1421 2003 1491 βουλευτῶν
2041 1421 2273 1474 καταλε-

183 1514 387 1577 γέντων
426 1514 608 1579 ἕτεροι
631 1513 733 1577 μὲν
759 1512 1053 1581 εἰσήγαγον
1082 1507 1284 1580 φίλους
1322 1511 1504 1561 αὐτῶν
1541 1511 1635 1561 καὶ
1661 1510 2088 1579 παρεσκεύασαν
2116 1510 2275 1568 ὅπως

101 1601 147 1643 15
185 1592 374 1658 ἕξουσι
422 1597 553 1657 τούς
601 1592 1142 1664 συναγωνιζομένους
1177 1597 1271 1646 καὶ
1315 1596 1674 1665 βοηθοῦντας
1725 1594 1810 1655 οἷς
1849 1595 1916 1644 ἄν
1955 1609 2097 1644 ποτε
2142 1593 2273 1643 ἐθέ-

187 1677 384 1731 λωσιν·
425 1682 530 1748 ἐγὼ
576 1679 634 1732 δὲ
677 1674 796 1731 οὔτ’
841 1682 1087 1750 ἐποίησα
1126 1687 1384 1731 τοιοῦτον
1412 1678 1572 1731 οὐδὲν
1600 1680 1726 1730 οὔτε
1766 1676 2062 1749 διελέχθην
2088 1684 2274 1728 τοιοῦ-

184 1780 306 1828 τον,
358 1766 434 1826 ὡς
472 1767 598 1831 ἐμοὶ
634 1762 873 1832 (μᾶλλον
912 1763 1009 1830 ἂν>
1057 1766 1495 1831 προσθεμένων,
1548 1766 1598 1816 εἰ
1647 1762 1988 1833 ἐβουλόμην,
2037 1765 2069 1833 ἢ
2122 1760 2271 1830 ἄλλῳ

184 1850 311 1900 τινί.
386 1848 632 1915 μάλιστα
670 1852 771 1916 μὲν
808 1851 911 1920 γὰρ
949 1848 1140 1920 ἠξίουν
1176 1848 1316 1919 μηδὲ
1356 1852 1544 1918 ἕτερον
1580 1847 1792 1920 μηδένα
1831 1855 2088 1900 τοιοῦτον
2127 1849 2267 1909 ἔθος
2308 1851 2339 1903 8

189 1934 432 2001 εἰσάγειν
468 1932 607 2004 μηδὲ
634 1928 775 1986 καθ’
819 1936 1101 2005 ἑταιρείας
1127 1932 1541 1986 πολιτεύεσθαι
1566 1927 1702 2004 μηδ’
1746 1935 1828 1995 εἰς
1852 1937 1991 2003 μέρη
2023 1931 2274 1985 διασπᾶν

102 2029 150 2070 20
187 2020 285 2088 τὴν
323 2017 518 2071 πόλιν·
595 2022 645 2071 εἰ
686 2014 739 2071 δ’
785 2021 906 2084 οὖν,
958 2021 1125 2081 αὐτὸς
1173 2021 1498 2085 ἀπέχεσθαι
1544 2025 1654 2070 τῶν
1703 2021 1977 2070 τοιούτων
2027 2020 2275 2088 ἁμαρτη-

185 2106 392 2168 μάτων,
433 2106 483 2155 εἰ
519 2107 613 2156 καὶ
650 2107 878 2156 πάντων
916 2103 1147 2156 ἔλαττον
1186 2107 1396 2170 ἰσχύειν
1423 2102 1654 2170 ἔμελλον
1679 2106 1773 2155 καὶ
1807 2102 2048 2173 μηδενὸς
2086 2101 2274 2167 ἀξιοῦ-

189 2191 332 2241 σθαι
371 2188 549 2258 λόγου.
635 2192 693 2241 τί
742 2191 836 2241 οὖν
874 2192 1122 2260 ἥμαρτον
1160 2191 1218 2241 ἐν
1255 2192 1479 2252 τούτοις
1514 2192 1608 2241 καὶ
1644 2191 1702 2240 τί
1738 2186 2104 2259 παρελείφθη
2144 2206 2245 2254 μοι
2256 2209 2276 2252 ,-

187 2273 403 2336 δίκαιός
442 2277 556 2341 εἰμι
598 2277 743 2343 πρὸς
779 2277 923 2341 ὑμᾶς
963 2272 1256 2343 ὁμολογεῖν
1295 2277 1383 2326 ὅτι
1419 2276 1558 2345 μήτε
1598 2275 1766 2336 αὐτὸς
1791 2272 1965 2344 μηδὲν
1993 2275 2274 2342 ἔπραττον

0 2375 1 2421 ᾗ
186 2358 378 2411 ἄδικον
415 2362 509 2412 καὶ
547 2362 877 2429 παράνομον
915 2362 1055 2430 μήτε
1093 2362 1223 2422 τοὺς
1261 2357 1465 2421 ἄλλους
1503 2357 1760 2423 ἐκώλυον,
1799 2357 1925 2423 ἐξὸν
1952 2361 2035 2411 ἑνὶ
2065 2361 2276 2430 ῥήματι

18 2428 90 2513 ’ἷῐῗ
106 2454 154 2495 25
190 2443 437 2496 κωλῦσαι
497 2447 590 2496 καὶ
647 2448 1000 2496 καταστάντα
1066 2439 1193 2514 [καὶ]
1254 2452 1499 2515 μηνῦσαι
1562 2447 1625 2496 τὸ
1689 2447 2012 2513 γιγνόμενον
2070 2446 2275 2511 καίπερ

188 2531 399 2584 εἰδόσιν
437 2535 566 2599 ὑμῖν
602 2534 697 2583 καὶ
732 2536 853 2593 τοῖς
889 2533 1170 2602 ἡγεμόσιν.
1235 2532 1286 2581 εἰ
1315 2529 1372 2581 δὲ
1411 2532 1549 2601 μήτε
1586 2532 1745 2596 ὑμεῖς
1783 2531 2112 2599 προσείχετε
2138 2531 2278 2599 μήτε

74 2672 78 2675 ,
188 2624 297 2669 τῶν
335 2621 618 2688 ἡγεμόνων
654 2619 718 2667 τὸ
760 2622 984 2686 πρᾶγμα
1023 2618 1260 2686 ἥπτετο,
1313 2617 1375 2666 οὐ
1418 2613 1668 2681 χαλεπὸν
1716 2612 1782 2685 ἦν
1832 2613 2156 2666 ἐπιστεῖλαι
2194 2614 2278 2682 τῷ

186 2705 566 2772 αὐτοκράτορι.
654 2708 818 2752 τοῦτο
869 2701 963 2752 οὖν
1009 2698 1075 2770 ἦν
1124 2703 1186 2752 τὸ
1227 2708 1475 2771 ποιῆσαν
1523 2702 1620 2766 ἐμὲ
1670 2703 1767 2771 τὴν
1813 2701 2048 2771 ἡσυχίαν
2096 2701 2267 2767 ἄγειν,
2308 2704 2339 2755 9

189 2790 276 2840 ἵνα
326 2791 398 2858 μὴ
452 2786 593 2838 δοκῶ
642 2790 968 2856 κατηγορεῖν
1017 2804 1184 2838 τινων
1233 2784 1373 2856 μηδὲ
1425 2783 1748 2853 διαβάλλειν
1787 2787 1885 2855 τὴν
1925 2782 2095 2835 πόλιν
2132 2777 2270 2854 μηδ’

2 3321 5 3359 Ι

329 3029 353 3068 2
386 3025 693 3070 scribendum:
725 3027 823 3070 τῶν
852 3024 1038 3070 παίδων
1066 3026 1164 3070 τῶν
1191 3020 1521 3079 (παιζόντων)
1550 3021 1776 3081 βασιλέας
1806 3022 1864 3066 cf.
1896 3035 1959 3066 or.
1989 3021 2054 3066 IV
2076 3024 2101 3076 ξ
2123 3025 2178 3065 47

189 3098 213 3138 3
249 3089 405 3141 αὐτῶν
435 3094 514 3138 UT
707 3099 733 3138 4
766 3089 939 3147 αὑτοὺς
968 3092 1150 3149 scripsi,
1190 3083 1343 3146 οὕτως
1369 3092 1474 3137 libri
1658 3092 1747 3138 εἰσι
1783 3092 1971 3147 Reiske‚
2010 3090 2089 3139 ἐπὶ
2125 3091 2272 3148 MUT,

187 3177 277 3208 om.
308 3165 345 3208 B
462 3169 486 3207 5
519 3158 691 3218 αὐτοὺς
717 3164 852 3210 UMT
969 3167 995 3207 6
1025 3159 1418 3223 οἷπεῤῥειμμένων
1446 3162 1496 3206 M
1526 3157 1858 3222 άπερριμένων
1889 3162 1926 3207 U
2053 3167 2077 3207 7
2109 3159 2274 3219 αὑτοῖς

185 3233 227 3278 U
255 3247 312 3279 m.
345 3246 451 3289 sec„
483 3228 645 3288 αὐτοῖς
671 3247 729 3278 m.
759 3247 829 3291 pr.
861 3237 907 3278 et
937 3233 1076 3278 ceteri
1194 3237 1244 3279 10
1277 3232 1568 3292 λειφθέντων
1597 3233 1718 3279 UBT
1833 3236 1913 3280 καὶ
1938 3234 2274 3291 κομισθέντων

186 3304 276 3348 huc
303 3307 530 3361 transpos.
558 3303 704 3360 Emp.‚
735 3306 840 3360 post
869 3311 1095 3350 σκοπεῖτε
1124 3303 1294 3348 habent
1321 3304 1425 3349 libri
1569 3307 1620 3349 13
1652 3299 1740 3352 οὐκ
1770 3300 1971 3351 ἔλαττον
2001 3301 2178 3353 ἑκατὸν
2206 3307 2271 3350 ita

185 3380 411 3430 transpos.
442 3374 622 3429 Reiske,
654 3371 854 3420 ἔλαττον
885 3367 971 3432 οὐχ
1002 3370 1177 3420 ἑκατὸν
1205 3374 1333 3418 ΒΜΤ
1363 3373 1576 3421 ἐλαττῶν
1606 3369 1692 3434 οὐχ
1723 3372 1899 3422 ἑκατὸν
1928 3376 1969 3421 U
2110 3380 2161 3421 14
2192 3372 2271 3423 αὖ·

186 3448 285 3490 τῶν
312 3445 418 3489 libri
536 3452 584 3491 15
617 3442 728 3499 τοὺς
757 3459 843 3491 om.
874 3445 954 3490 UT
1099 3449 1149 3489 17
1181 3447 1366 3501 μᾶλλον
1396 3446 1591 3491 addebat
1619 3446 1801 3504 Reiske,
1833 3442 1893 3494 ἄν
1922 3449 2044 3504 (post
2073 3452 2272 3505 προσθ.)

188 3512 423 3568 Pflugkius
573 3517 622 3557 19
651 3513 768 3572 μήτε
797 3506 917 3558 καθ’
949 3509 1159 3571 ἑταιρίας
1187 3512 1238 3556 Μ
1396 3513 1516 3575 μέρη
1550 3519 1592 3573 (η
1621 3527 1648 3559 a
1678 3520 1814 3570 corr.)
1843 3515 1882 3560 U
2027 3521 2081 3561 23
2110 3518 2269 3563 immo:

190 3580 370 3637 δίκαιός
400 3584 493 3641 εἰμι
524 3583 648 3644 πρὸς
676 3580 807 3639 ὑμῶν
840 3577 1183 3642 ὁμολογεῖσθαι
1355 3587 1408 3629 25
1437 3582 1745 3632 καταστάντα
1795 3590 1996 3646 μηνῦσαι
2025 3588 2272 3646 Wyttenb„

188 3654 519 3708 καταστάντας
548 3658 628 3701 καὶ
656 3657 857 3713 μηνῦσαι
884 3653 987 3698 libri
1127 3655 1299 3714 καίπερ
1327 3656 1503 3712 scripsi,
1532 3659 1613 3702 καὶ
1642 3651 1764 3716 παρ’
1794 3658 1898 3703 libri
2023 3662 2077 3704 26
2108 3661 2273 3720 προεί-

188 3740 298 3781 χετε
327 3725 498 3771 UBMT
616 3728 666 3769 27
700 3719 850 3786 ἥπετο
881 3725 930 3768 Μ
1046 3722 1306 3772 ἐπιστεῖλαι
1333 3725 1512 3782 Reiske,
1542 3727 1809 3775 ἐπιτελέσαι
1837 3729 1940 3774 libri
