2684 4140
382 267 488 315 354
1179 315 1181 318 ,
1324 265 1585 312 INDICES.

439 403 600 453 τάτων
636 404 760 451 κατὰ
793 399 879 463 τὴν
910 399 1069 450 Ἀσίαν
1097 405 1178 451 καὶ
1209 406 1424 464 τηλικοῦ·
1527 406 1614 451 bus
1651 407 1857 464 permisit
1896 412 1948 453 ut
1988 410 2244 457 contionem
2283 412 2504 460 haberent

441 492 528 522 τον
556 471 734 533 ἐχούσῃ
777 475 965 520 δίκαιον
1004 469 1131 533 πρὸς
1167 469 1256 521 τὸν
1287 470 1424 522 αὐτο·
1527 476 1572 520 11
1603 481 1672 533 87,
1703 481 1757 522 22
1790 477 1981 538 ζητήσει
2019 478 2114 539 γὰρ
2154 477 2301 537 αὐτὸς
2337 479 2397 531 τὰ
2428 487 2502 543 δη-

439 541 677 604 κροὲτορα,
696 547 786 592 τοῦ
801 548 923 592 θεοῦ
943 538 1067 603 παρ’
1087 541 1289 601 ἐκείνοις
1307 564 1422 603 μαν-
1524 539 1674 603 μόσια
1703 547 1750 592 II
1781 551 1851 605 88,
1882 552 1907 594 9
1939 553 2022 597 νῦν
2055 551 2144 608 μὲν
2185 549 2344 600 ἄπεισι
2381 551 2502 612 μετὰ

441 615 736 672 τευσαμένου
753 618 835 662 καὶ
855 611 1180 676 προειπόντος
1201 613 1288 676 τὴν
1314 613 1422 677 ἥγε·
1524 617 1612 676 τὴν
1639 614 1850 679 τήμερον
1870 617 1985 675 ἴσως
2005 616 2202 683 ἡμέραν,
2233 618 2502 682 ἀφικνεῖται

435 687 613 744 μονίαν
659 680 791 748 αὐτῷ
844 689 926 733 καὶ
979 682 1180 744 πρώτου
1226 684 1423 735 πάντων
1524 687 1574 734 δὲ
1607 683 1776 747 ὀλίγον
1806 681 2011 748 ὕστερον
2028 691 2139 739 ibid.
2165 697 2217 739 14
2248 688 2355 741 ἄλλ’
2389 694 2503 750 ἴσως

436 755 626 804 ἐκείνου
655 761 880 817 φανερῶς
902 751 1055 805 αὐτὸν
1074 749 1420 814 ἀποδείξαντος
1521 763 1830 821 μακρολογῶ,
1861 761 1970 808 δέον
1998 765 2211 822 βαδίζειν
2240 769 2320 811 καὶ
2345 783 2502 825 παρα-

437 831 536 875 τῶν
569 819 698 875 ὅλων
726 824 896 887 κύριον
925 828 972 872 ΙΙ
1002 831 1071 885 72,
1102 832 1143 874 4.
1519 833 1685 877 καλεῖν
1715 827 1804 877 τὸν
1834 825 2049 891 ἡγεμόνα
2079 832 2125 878 11
2154 838 2223 888 92,
2256 840 2324 880 22.

377 900 590 945 Varenus
619 899 869 955 proconsul
889 899 1130 957 Bithyniae
1151 898 1417 944 Prusaensi-

974 1186 1023 1238 4.
1080 1184 1428 1240 HISTORIA
1466 1184 1898 1241 FABULARIS.

375 1336 551 1383 Achaei
589 1349 692 1382 cum
730 1336 855 1382 MCC
893 1337 1083 1383 navibus
1121 1337 1303 1383 Troiam
1342 1338 1439 1384 ve-'
1519 1344 1615 1397 145,
1638 1344 1704 1384 14.
1737 1365 1791 1372 -
1814 1341 1911 1386 eius
1942 1341 1998 1387 de
2028 1341 2212 1386 dearum
2241 1343 2496 1399 pulchritu—

434 1408 568 1454 niunt
601 1412 696 1463 130,
729 1412 769 1453 8,
810 1432 865 1441 -
904 1411 1174 1465 tempestate
1212 1422 1268 1453 ex
1304 1410 1415 1454 Asia
1517 1410 1622 1455 dine
1650 1411 1866 1456 iudicium
1897 1413 2118 1457 somnium
2159 1413 2302 1458 fuisse
2331 1417 2496 1461 mentis

432 1479 629 1537 profecti
677 1478 798 1536 apud
846 1478 1083 1524 Euboeam
1129 1479 1415 1537 naufragium
1515 1481 1782 1527 libidinosae
1814 1496 1881 1528 or.
1903 1482 1992 1527 XX
2014 1486 2038 1539 ξ
2065 1487 2246 1529 19-23.
2269 1484 2314 1529 11
2335 1489 2432 1543 264,
2453 1491 2494 1533 4.

437 1550 611 1595 faciunt
644 1553 741 1606 148,
773 1553 842 1594 26.
1215 1581 1217 1583 ·
1460 1552 1662 1597 Aloadae
1691 1552 1738 1596 II
1772 1557 1868 1611 170,
1900 1557 1968 1598 23.

375 1622 577 1666 Achilles
611 1624 680 1675 19,
715 1624 783 1664 11.
825 1645 882 1653 —
919 1620 977 1665 ab
1008 1621 1206 1667 Hectore
1237 1621 1415 1667 occisus
1458 1623 1664 1668 Amazon
1685 1623 1743 1668 ab
1761 1623 1957 1669 Hercule
1977 1635 2237 1680 compressa
2254 1628 2298 1670 et
2315 1625 2494 1671 deserta

432 1707 477 1749 p.
502 1695 580 1737 139
598 1705 665 1747 sq.
684 1716 735 1723 —
755 1691 852 1736 eius
870 1704 972 1736 cum
988 1692 1185 1736 Chirone
1200 1691 1414 1747 magistro
1520 1697 1615 1749 101,
1633 1696 1701 1737 30.
1723 1718 1777 1725 -—
1800 1707 1902 1738 cum
1921 1694 2098 1739 Achille
2118 1695 2306 1741 mirifica
2320 1697 2495 1753 proelia

433 1763 637 1820 dialogus
669 1762 724 1806 de
754 1765 853 1807 arte
890 1762 1125 1819 sagittaria
1166 1775 1231 1807 or.
1263 1762 1414 1807 LVIII
1516 1763 1739 1809 commisit
1772 1767 1868 1821 123,
1901 1767 1971 1808 25.

428 1835 475 1878 II
508 1836 604 1878 129.
637 1857 693 1866 -
732 1837 776 1876 et
805 1832 1043 1878 Patroclus
1085 1845 1219 1878 verae
1259 1832 1413 1877 amici-
1456 1833 1710 1879 Amazones
1742 1838 1811 1891 67,
1844 1838 1912 1878 31.
1944 1860 1999 1867 -
2030 1847 2087 1880 ex
2115 1835 2262 1881 Ponto
2285 1836 2493 1882 Troianis

430 1905 522 1949 tiae
552 1904 807 1960 exemplum
838 1904 882 1948 II
912 1907 1010 1960 201,
1043 1907 1111 1949 28.
1514 1904 1683 1950 auxilio
1713 1905 1900 1950 veniunt
1934 1908 2028 1961 144,
2066 1908 2130 1949 18.

374 1978 580 2020 Actaeon
609 1987 638 2020 a
669 1975 858 2020 canibus
887 1977 1113 2020 laceratus
1148 1978 1243 2031 108,
1275 1978 1345 2020 21.
1433 1975 1684 2045 'Amphion
1706 1975 1804 2020 eius
1824 1976 1956 2021 liberi
1976 1978 2034 2021 ab
2052 1977 2263 2033 Apolline
2284 1981 2330 2022 et
2345 1978 2493 2024 Diana

375 2047 545 2091 Adonis
574 2045 638 2091 nil
668 2045 756 2091 nisi
786 2045 976 2103 pulcher
1005 2046 1051 2090 II
1082 2050 1179 2100 290,
1212 2049 1281 2090 22.
1512 2047 1735 2091 necantur
1768 2051 1863 2103 117,
1893 2050 1962 2092 24.

373 2117 599 2162 Adrastus
632 2115 762 2161 Talai
791 2117 911 2161 filius
940 2117 986 2160 ΙΙ
1020 2120 1114 2172 121,
1146 2119 1186 2161 3.
1454 2117 2110 2173 Antenor129,26.—Venetos
2128 2120 2489 2176 subigitterram-

371 2191 550 2233 Aeneas
566 2187 623 2233 ab
635 2187 832 2232 Hectore
846 2188 1011 2232 missus
1022 2187 1199 2231 ltaliam
1217 2190 1411 2243 occupat
1511 2201 1598 2245 que
1628 2187 1795 2232 Adriae
1823 2189 2015 2233 vicinam
2048 2194 2143 2246 150,
2176 2194 2244 2234 31.

433 2263 528 2315 150,
557 2262 622 2303 17.
654 2283 709 2290 -
742 2257 837 2302 eius
866 2258 1105 2314 progenies
1136 2253 1272 2316 ἄρξει
1301 2254 1408 2303 {xoe-
1453 2258 1725 2303 Antilochus
1757 2258 1916 2303 caedes
1948 2259 2005 2303 ab
2036 2259 2235 2306 Homero
2266 2275 2357 2307 non
2387 2276 2488 2307 nar·

430 2329 572 2389 τέρας
602 2331 684 2386 τῆς
712 2324 931 2387 ἠπείρου,
960 2323 1042 2386 ἐφ’
1076 2320 1197 2375 ὅσον
1221 2323 1284 2375 ἄν
1314 2325 1408 2375 σώ·
1509 2333 1611 2374 rata
1644 2333 1740 2385 123,
1768 2333 1835 2374 23.
1854 2354 1909 2361 —
1943 2343 1972 2373 a
2000 2330 2241 2376 Memnone
2272 2333 2488 2378 occiditur

431 2403 566 2460 ζηται
596 2395 654 2445 τὸ
686 2398 826 2456 γένος
859 2403 955 2455 151,
987 2402 1055 2443 22.
1515 2405 1608 2456 145,
1641 2403 1679 2445 8.

372 2472 543 2516 Aeolus
574 2465 733 2528 πατὴρ
764 2464 958 2528 εὐτυχής
987 2469 1031 2513 ΙΙ
1066 2473 1161 2526 149,
1198 2474 1261 2515 11.
1429 2454 1709 2528 ΞΑειγαηαΧ,
1753 2470 2030 2515 Graecorum
2062 2472 2311 2531 decretum,
2350 2477 2401 2519 ut
2431 2475 2487 2520 de

371 2543 553 2600 Aerope
593 2541 722 2586 Atrei
763 2553 879 2585 uxor
922 2553 1022 2585 cum
1068 2540 1268 2598 Thyesta
1313 2553 1407 2586 rem
1508 2541 1625 2585 turri
1652 2541 1979 2597 praecipitetur
2012 2546 2108 2596 154,
2139 2547 2178 2588 9.

426 2613 589 2658 habuit
618 2612 662 2656 ΙΙ
693 2614 791 2666 234,
823 2614 861 2654 3.
1451 2613 1617 2656 Atreus
1652 2612 1747 2667 117,
1781 2615 1846 2656 10.
1879 2637 1932 2644 -
1959 2615 2055 2666 128,
2078 2616 2146 2658 29.
2178 2638 2234 2647 —
2255 2615 2312 2660 ab
2335 2615 2484 2674 Eury-

371 2687 546 2730 Aethra
568 2683 736 2730 Thesei
764 2687 908 2728 mater
929 2695 957 2728 a
976 2682 1211 2728 Dioscuris
1233 2683 1281 2726 in
1312 2695 1406 2727 ser·
1509 2683 1638 2728 stheo
1676 2683 1824 2738 Argos
1869 2682 1915 2726 in
1960 2683 2094 2728 fidem
2139 2685 2333 2742 accepit,
2383 2699 2485 2731 cum

426 2758 614 2800 vitutem
636 2754 834 2800 abducta
859 2756 953 2810 126,
972 2757 1039 2800 30.
1055 2779 1111 2786 -
1127 2753 1298 2798 Pitthei
1316 2753 1409 2798 filia
1507 2753 1714 2797 Athenas
1744 2752 2110 2809 proficisceretur
2137 2755 2182 2799 II
2217 2759 2313 2809 189,
2336 2759 2404 2801 21.
2429 2782 2480 2789 -

429 2831 534 2882 130,
566 2830 619 2871 26
672 2839 774 2870 011111
821 2825 996 2870 Helena
1035 2825 1217 2869 Troiam
1274 2825 1408 2869 ivisse
1507 2824 1664 2868 fratris
1694 2823 1811 2867 filios
1842 2822 2010 2867 occidit
2038 2824 2083 2867 11
2116 2828 2211 2880 196,
2246 2830 2314 2871 16.

429 2898 593 2942 dicitur
622 2897 730 2941 ibid.
1451 2896 1639 2940 Atridae
1677 2891 1792 2947 τοὺς
1829 2892 1919 2949 μὲν
1956 2895 2227 2948 Πελοπίδας
2265 2911 2318 2941 τε
2361 2892 2484 2943 εἶναι

371 2971 648 3024 Agamemno
683 2971 751 3023 19,
786 2972 854 3013 11.
886 2992 942 2999 —-
965 2978 1046 3011 rex
1076 2979 1167 3011 non
1196 2966 1299 3021 fuit,
1329 2966 1407 3012 sed
1506 2967 1587 3011 καὶ
1617 2961 1847 3024 ἐπήλυδας
1877 2967 1958 3023 τῆς
1981 2959 2205 3019 Ἑλλάδος
2235 2965 2280 3009 11
2314 2970 2408 3019 140,
2442 2971 2481 3012 2.

427 3039 613 3083 Nestori
649 3032 918 3092 ὑπεύθυνος
955 3051 1021 3083 or.
1060 3037 1166 3083 LVI
1204 3040 1229 3092 ξ
1267 3040 1406 3081 8—-16
1450 3038 1631 3091 Augeas
1666 3039 1759 3090 102,
1794 3038 1860 3079 17.

424 3109 469 3152 II
504 3112 598 3165 123,
629 3113 669 3153 3.
704 3135 760 3143 -
805 3111 863 3155 ab
901 3108 1120 3165 Aegistho
1152 3109 1332 3153 occisus
1362 3107 1405 3151 11
1448 3149 1826 3206 Bellerophontes
1857 3150 1938 3191 275
1990 3153 2005 3191 1

370 3182 696 3294 Αἰὲίἳόἰὲᾱθε
744 3250 801 3294 ab
839 3248 1037 3294 Homero
1085 3263 1176 3294 non
1220 3252 1405 3293 narrata
1450 3182 1994 3275 Boreadaeapictoribus
2012 3219 2235 3275 quomodo
2252 3220 2481 3277 fingantur

430 3322 526 3374 123,
545 3322 614 3362 23.
631 3344 686 3351 —
708 3320 764 3364 ab
790 3320 985 3365 Hectore
1006 3320 1230 3366 occiditur
1249 3324 1344 3375 145,
1363 3324 1401 3363 7.
1503 3290 2248 3407 Egelgeffiffmssezegislgemmus
2278 3291 2324 3334 in
2355 3292 2478 3346 Argo

1960 3394 1971 3414 ,
2062 3395 2073 3405 .

425 3414 480 3421 -
510 3402 664 3445 regum
704 3390 804 3435 loco
846 3404 949 3435 oves
989 3391 1217 3447 bovesque
1257 3390 1405 3435 caedit
1545 3431 1556 3441 ,
1586 3431 1597 3441 ,
1979 3431 1990 3442 ,
2440 3435 2461 3446 ,,

431 3465 478 3503 15
485 3464 585 3516 4²6·
618 3485 672 3492 -
704 3461 878 3507 Locrus
908 3466 1096 3518 propter
1124 3461 1402 3518 impietatem
1448 3432 1622 3477 Busms
1652 3432 1711 3476 ab
1743 3431 1939 3515 Her'cule
1967 3431 2243 3513 'interfectus
2279 3434 2374 3487 101,
2410 3434 2475 3477 21.

1502 3503 1783 3562 Βουσίριδος
1814 3518 2083 3562 απογονοις
2115 3505 2211 3555 310,
2244 3504 2313 3546 28.

427 3530 613 3574 fulmine
643 3536 832 3575 necatur
862 3535 958 3584 290,
991 3535 1059 3576 25.

370 3601 627 3644 Alexander
648 3600 813 3644 Priami
844 3601 876 3645 f.
908 3603 1034 3657 regni
1053 3604 1200 3659 heres,
1233 3603 1353 3660 quod
1373 3616 1401 3647 a
1446 3603 1597 3651 Calais
1630 3607 1725 3659 100,
1759 3605 1828 3647 30.

428 3670 565 3716 Troia
593 3670 651 3715 ad
679 3670 967 3728 Aethiopiam
1002 3673 1199 3729 pertinet
1230 3678 1325 3726 128,
1358 3677 1397 3719 6.
1445 3674 1704 3719 Cassandra
1742 3672 2112 3732 θεοφορουμένη
2157 3674 2261 3723 129,
2302 3673 2370 3714 25·
2419 3696 2473 3702 -

426 3765 475 3773 —
532 3754 559 3785 a
603 3741 859 3786 Philocteta
914 3743 1078 3798 sagitta
1131 3743 1426 3789 interfectus³
1501 3742 1718 3803 παναγὴς
1746 3741 1882 3803 κόρη,
1915 3742 2138 3800 Apollinis
2169 3741 2397 3795 sacerdos,
2427 3741 2473 3784 in

2652 1219 2670 1460 Ξ
