2684 4140
374 288 440 334 10
1034 277 1241 323 DIONIS
1272 273 1807 321 BORYSTHEMTIOA

283 431 351 483 33
364 431 458 482 καὶ
494 427 835 494 ἀνθρώπων.
896 419 1203 473 κινδυνεύει
1238 420 1341 487 γὰρ
1383 403 1480 469 οὖν
1518 416 1582 489 δὴ
1611 420 1674 469 τὸ
1703 421 2000 489 ποιητικὸν
2026 423 2184 487 γένος
2212 414 2274 471 οὐ
2305 423 2451 472 πάνυ

365 515 604 574 ἄστοχον
643 506 791 558 εἶναι
825 511 938 556 τῶν
977 506 1142 572 ἱερῶν
1182 501 1358 571 λόγων
1399 494 1527 553 οὐδὲ
1568 504 1686 554 ἄπο
1728 507 1927 570 στόχου
1979 505 2346 575 φθέγγεσθαι
2382 507 2451 556 τὰ

359 599 592 646 τοιαῦτα
620 587 909 651 πολλάκις,
939 581 1003 639 οὗ
1027 591 1223 654 μέντοι
1249 581 1379 638 οὐδὲ
1404 589 1738 659 μεμυῆσθαι
1771 590 2043 659 καθαρῶς
2066 591 2207 641 κατὰ
2233 591 2454 657 θεσμὸν
2478 603 2536 643 (9ο
2556 604 2590 638 R
2614 602 2666 645 11)

357 679 451 729 καὶ
495 677 666 740 νόμον
711 679 824 725 τῶν
870 675 1199 739 μυουμένων
1245 665 1376 723 οὐδὲ
1415 670 1628 725 εἰδέναι
1676 681 1780 725 τοῦ
1817 672 2139 740 ξύμπαντος
2186 679 2321 744 πέρι
2357 682 2456 746 τῆς

359 758 636 829 ἀληθείας
676 759 857 828 σαφὲς
895 750 1072 820 οὐδέν,
1112 758 1190 818 ὡς
1227 758 1369 819 ἔπος
1406 759 1618 810 εἰπεῖν·
1656 760 1898 825 ἀτεχνῶς
1937 758 1995 811 δὲ
2035 761 2213 812 ἔοικεν
2251 764 2448 827 ὅμοιον
2485 772 2508 810 5

359 843 506 895 εἶναι
559 846 682 904 τοῖς
737 840 845 906 ἔξω
904 844 1037 911 περὶ
1091 843 1278 913 θύρας
1333 845 1644 913 ὑπηρέταις
1698 851 1810 895 τῶν
1860 842 2124 909 τελετῶν,
2186 847 2453 915 πρόθυρα

356 934 634 995 κοσμοῦσι
670 929 766 979 καὶ
799 928 1028 995 βωμούς
1064 929 1196 990 τούς
1233 930 1292 979 ἐν
1329 927 1408 996 τῷ
1451 927 1676 998 φανερῷ
1715 930 1902 980 καὶτὰ
1930 927 2073 979 ἄλλα
2111 931 2180 980 τὰ
2218 937 2454 981 τοιαῦτα

359 1009 898 1083 παρασκευάζουσιν,
929 1005 1061 1065 οὐδέ
1081 1006 1216 1064 ποτ’
1242 1011 1402 1065 ἔνδον
1423 1020 1745 1083 παριοῦσιν.
1797 1014 1935 1064 ὅθεν
1957 1011 2020 1084 δὴ
2048 1015 2143 1066 καὶ
2167 1015 2455 1083 θεράπον-

357 1117 459 1161 τας
479 1100 733 1151 Μουσῶν
759 1099 961 1160 αὐτούς
982 1095 1369 1166 ὀνομάζουσιν,
1393 1100 1455 1149 ού
1476 1101 1693 1166 μύστας
1720 1092 1849 1150 οὐδὲ
1871 1097 2008 1150 ἄλλο
2039 1101 2239 1166 σεμνὸν
2262 1101 2453 1165 ὄνομα.

274 1188 342 1240 34
364 1177 577 1248 οὐκοῦν,
616 1185 693 1245 ὡς
730 1185 890 1255 ἔφην,
926 1187 1058 1247 τούς
1082 1181 1202 1253 <τε>
1227 1181 1471 1254 πλησίον
1499 1185 2027 1255 ἀναστρεφομένους
2051 1182 2275 1255 τελετῆς
2301 1201 2454 1246 τινος
2492 1197 2538 1238 10

359 1273 505 1341 πρὸς
528 1274 654 1331 ταῖς
681 1267 931 1330 εἰσόδοις
956 1271 1105 1331 εἰκὸς
1129 1272 1195 1321 τό
1219 1286 1278 1338 γε
1304 1276 1574 1321 τοσοῦτον
1599 1267 1770 1336 <τῶν>
1797 1267 2033 1321 ἔνδοθεν
2061 1269 2457 1335 αἰσθάνεσθαί

358 1372 528 1419 τινος,
567 1356 695 1425 ἤτοι
732 1356 982 1425 ῥήματος
1021 1355 1396 1425 ἐκβοηθέντος
1434 1357 1558 1417 ἐνὸς
1600 1361 1875 1421 μυστικοῦ
1908 1356 1939 1425 ἢ
1982 1357 2162 1424 πυρὸς
2198 1356 2455 1424 ὑπερφα-

359 1444 574 1504 νέντος,
621 1441 716 1491 καὶ
762 1444 885 1501 τοῖς
933 1444 1204 1510 ποιηταῖς
1250 1441 1457 1504 ἐνίοτε,
1511 1438 1648 1508 λέγω
1701 1438 1760 1491 δὲ
1809 1445 1932 1502 τοῖς
1980 1442 2128 1491 πάνυ
2180 1440 2452 1509 ἀρχαίοις,

362 1528 519 1596 φωνή
559 1543 648 1587 τις
674 1527 733 1576 ἐκ
759 1525 1013 1575 Μουσῶν
1040 1527 1276 1594 ἀφίκετο
1314 1526 1548 1594 βραχεῖα
1584 1527 1681 1576 καί
1719 1528 1831 1576 πού
1858 1543 1946 1587 τις
1973 1526 2250 1576 ἐπίπνοια
2285 1525 2456 1585 θείας

362 1612 588 1682 φύσεώς
623 1628 684 1661 τε
720 1611 814 1661 καὶ
851 1607 1155 1679 ἀληθείας,
1201 1611 1468 1679 καθάπερ
1522 1604 1656 1681 αὐγή
1710 1613 1888 1679 πυρὸς
1926 1608 1988 1673 ἐξ
2024 1611 2278 1680 ἀφανοῦς
2318 1607 2453 1675 λάμ·
2493 1623 2538 1664 15

360 1703 606 1763 ψαντος·
666 1696 701 1744 ἃ
755 1695 1005 1760 ἔπασχον
1053 1697 1113 1745 ἐκ
1160 1696 1415 1746 Μουσῶν
1462 1697 1557 1747 καὶ
1602 1697 1923 1760 κατείχοντο
1957 1688 2203 1764 (Όμηρός
2250 1711 2310 1746 τε
2365 1690 2459 1744 καὶ

276 1772 636 1842 35‘110150609.
717 1781 774 1830 οἱ
812 1777 871 1830 δὲ
909 1773 1035 1845 μετ’
1079 1782 1322 1841 ἐκείνους
1359 1782 1592 1850 ὕστερον
1630 1782 1729 1832 ἐπὶ
1769 1781 1971 1850 σκηνάς
1995 1782 2090 1831 καὶ
2113 1781 2333 1849 θέατρα
2360 1783 2458 1850 τὴν

364 1868 546 1917 αὐτῶν
605 1867 816 1935 σοφίαν
875 1867 1175 1933 ἀγαγόντες
1224 1867 1467 1936 ἀμύητοι
1525 1867 1798 1936 ἀμυήτοις
1856 1863 2131 1926 πολλάκις
2191 1862 2457 1935 ἐξέφερον

359 1950 525 2023 ἀτελῆ
577 1949 1010 2020 παραδείγματα
1060 1951 1291 2020 ὀργίων·
1340 1947 1769 2017 θαυμαζόμενοι
1818 1949 1876 2002 δὲ
1925 1952 2038 2002 ὑπὸ
2078 1956 2190 2001 τῶν
2229 1948 2455 2002 πολλῶν
2480 1963 2670 2006 (91R11)

360 2038 685 2106 ἐπεχείρουν
725 2037 886 2088 αὐτοὶ
922 2034 1102 2087 τελεῖν
1138 2038 1237 2087 τὸν
1275 2034 1453 2102 ὄχλον,
1491 2034 1569 2104 τῷ
1610 2038 1732 2087 ὄντι
1767 2036 2040 2104 βακχείων
2066 2037 2225 2098 τινας
2253 2037 2456 2106 σκηνὰς
2493 2048 2540 2089 20

361 2120 719 2183 ἀκαλύπτους
756 2118 1076 2192 πηξάμενοι
1114 2122 1172 2172 ἔν
1209 2135 1330 2172 τισι
1366 2125 1658 2191 τραγικαῖς
1705 2120 1974 2191 τριόδοις.
2061 2121 2220 2173 οὗτοι
2259 2115 2312 2173 δ’
2365 2122 2460 2172 οὖν

360 2210 572 2269 πάντες
624 2209 680 2258 οἱ
728 2208 967 2277 ποιηταὶ
1009 2207 1151 2257 κατὰ
1201 2207 1376 2257 ταύτὰ
1426 2209 1524 2258 τὸν
1576 2213 1804 2276 πρῶτον
1858 2208 1952 2258 καὶ
2004 2210 2270 2275 μέγιστον
2320 2208 2458 2258 θεὸν

362 2296 581 2362 πατέρα
630 2290 865 2344 καλοῦσι
916 2289 1227 2362 συλλήβδην
1276 2293 1530 2354 ἅπαντος
1577 2298 1681 2342 τοῦ
1727 2289 1953 2359 λογικοῦ
1996 2296 2189 2359 γένους
2247 2293 2340 2342 καὶ
2394 2289 2456 2361 δή

276 2382 343 2434 36
362 2380 457 2431 καὶ
479 2376 736 2446 βασιλέα.
801 2378 888 2439 οἷς
913 2378 1257 2443 πειθόμενοι
1285 2378 1341 2427 οἱ
1366 2378 1674 2447 ἄνθρωποι
1698 2378 1843 2438 Διὸς
1866 2374 2147 2443 βασιλέως
2175 2374 2462 2445 ἱδρύονται

360 2466 604 2531 βωμούς,
641 2465 736 2515 καὶ
762 2461 826 2534 δὴ
854 2465 960 2530 καὶο
981 2466 1200 2532 πατέρα
1241 2463 1409 2513 αὐτὸν
1449 2463 1546 2513 οὐκ
1584 2464 1810 2513 ὀκνοῦσι
1835 2465 2277 2532 προσαγορεύειν
2308 2465 2457 2524 τινες
2494 2472 2540 2513 25

361 2552 420 2601 ἐν
456 2554 584 2611 ταῖς
622 2549 825 2615 εὐχαῖς,
865 2550 942 2610 ὡς
980 2550 1246 2618 τοιαύτης
1283 2549 1437 2609 τινὸς
1474 2548 1645 2617 ἀρχῆς
1680 2548 1775 2598 καὶ
1802 2549 2126 2609 συστάσεως
2154 2548 2323 2618 οὔσης
2361 2555 2463 2599 τοῦ

363 2637 592 2696 παντός.
670 2635 814 2685 ὥστε
851 2635 1023 2703 ταύτῃ
1063 2650 1123 2701 γε
1163 2631 1290 2684 οὐδὲ
1332 2632 1484 2684 οἶκον
1525 2631 1754 2683 δοκοῦσί
1788 2648 1889 2698 μοι
1928 2634 2158 2702 ὀκνῆσαι
2210 2634 2277 2683 ἀν
2316 2634 2458 2683 ἀπο-

365 2721 667 2791 φήνασθαι
703 2725 806 2770 τοῦ
839 2721 983 2780 Διὸς
1020 2720 1117 2769 τὸν
1158 2720 1382 2769 ἅπαντα
1420 2721 1648 2784 κόσμον,
1688 2716 1848 2786 εἴπερ
1889 2719 2011 2769 ἐστὶ
2038 2720 2223 2788 πατὴρ
2251 2725 2362 2769 τῶν
2401 2721 2458 2769 ἐν

361 2805 538 2873 αὐτῷ,
587 2806 681 2856 καὶ
717 2806 778 2875 νὴ
820 2806 935 2855 Δία
975 2801 1171 2868 πόλιν,
1223 2805 1415 2873 ὥσπερ
1464 2807 1627 2873 ήμεῖς
1676 2799 2120 2871 προσεικάζομεν
2167 2804 2308 2854 κατὰ
2360 2806 2458 2874 τήν

510 3049 523 3088 1
560 3041 817 3091 κινδυνεύει
845 3039 941 3102 γὰρ
974 3034 1061 3089 οὖν
1089 3037 1144 3099 δὴ
1175 3040 1212 3083 Β
1241 3037 1524 3088 κινδυνεύειν
1555 3037 1649 3101 γὰρ
1681 3032 1767 3088 οὖν
1797 3044 1867 3086 δεῖ
1889 3039 1939 3084 Μ
1967 3037 2251 3088 κινδυνεύειν
2279 3039 2374 3102 γὰρ
2406 3039 2457 3100 δὴ

362 3117 399 3162 U
429 3115 682 3164 κινδυνεύει
711 3111 807 3176 γὰρ
837 3111 889 3174 δὴ
921 3114 961 3159 Τ
1107 3117 1132 3158 2
1163 3110 1261 3161 ἄπο
1295 3108 1475 3172 στόχου
1505 3113 1543 3158 U
1575 3109 1674 3160 ἄπο
1706 3115 1888 3171 στοχοῦ
1917 3113 1955 3156 Β
1987 3105 2247 3171 άποστοχω
2277 3113 2329 3158 Μ
2360 3111 2457 3160 ἀπο

361 3191 639 3246 στοχασμοῦ
671 3186 709 3231 Τ
853 3185 1115 3245 φθέγγεται
1147 3185 1184 3229 Β
1330 3187 1354 3228 3
1387 3179 1444 3231 ού
1476 3185 1639 3231 τοίνυν
1667 3184 1783 3238 libri,
1816 3180 1873 3230 οὐ
1901 3183 2067 3241 μέντοι
2098 3184 2233 3242 Emp.
2378 3202 2459 3242 με·

360 3261 571 3316 μνῆσθαι
604 3258 671 3301 B?
791 3262 818 3301 4
847 3257 1151 3314 μοιουμένων
1180 3256 1218 3300 Τ
1336 3255 1444 3313 πέρι
1477 3255 1515 3301 U
1545 3258 1656 3314 περὶ
1687 3255 1827 3300 ceteri
1969 3260 1995 3300 5
2026 3255 2177 3314 σαφὲς
2207 3269 2262 3300 ex
2292 3260 2460 3315 σαφῶς

361 3343 419 3374 m.
452 3342 520 3386 pr.
550 3328 592 3374 U
735 3331 762 3372 6
792 3324 881 3383 ἔξω
910 3329 1030 3373 delet
1059 3328 1255 3373 Cobetus
1286 3327 1336 3372 O.
1370 3327 1442 3372 Cr.
1473 3341 1518 3384 p.
1542 3331 1594 3371 91
1712 3330 1812 3373 τῶν
1841 3330 2046 3374 τελετῶν
2072 3323 2326 3386 ὑπηρέταις
2355 3328 2459 3382 (hoc

363 3401 478 3454 ord.)
508 3399 547 3444 T
693 3403 719 3444 9
750 3394 925 3453 αὐτούς
953 3399 1086 3444 MUT
1253 3403 1303 3443 10
1333 3415 1387 3445 τε
1416 3398 1518 3443 add.
1549 3398 1682 3455 Emp.
1838 3403 1886 3442 11
1921 3401 2020 3445 τῶν
2048 3399 2152 3443 add.
2181 3399 2314 3455 Emp.

365 3475 418 3515 14
446 3475 558 3518 θεῖα
588 3470 639 3514 Μ
817 3475 867 3514 15
898 3464 1016 3524 αὐτὴ
1045 3469 1096 3513 Μ
1240 3474 1293 3515 16
1323 3464 1354 3516 δι’
1386 3466 1600 3528 ἔπασχον
1629 3482 1666 3516 e.
1697 3482 1739 3525 q.
1763 3483 1799 3515 s.
1830 3470 1904 3514 vix
1933 3482 2067 3523 sana3
2099 3469 2293 3514 fortasse
2322 3479 2457 3525 quae-

363 3542 467 3587 dam
494 3541 757 3590 exciderunt
785 3554 824 3586 e.
854 3554 918 3598 gr.
947 3540 1058 3598 (καὶ
1086 3548 1244 3587 ποιεῖν
1275 3537 1471 3597 ἔδοξαν)
1500 3535 1557 3598 οἳ,-
1595 3541 1775 3585 nomina
1804 3540 1987 3585 Homeri
2015 3544 2060 3584 et
2088 3538 2274 3584 Hesiodi
2302 3538 2455 3594 utique

365 3612 554 3658 delenda.
705 3614 757 3657 18
788 3606 949 3658 αὐτῶν
977 3610 1109 3656 UTM
1254 3615 1306 3655 19
1338 3605 1546 3671 ὀργείων
1575 3610 1624 3653 Μ
1775 3613 1829 3654 20
1857 3610 2076 3668 βακχίων
2105 3610 2154 3653 Μ
2183 3611 2455 3665 anapaestos

365 3683 524 3729 comici
552 3682 757 3738 agnoscit
786 3682 891 3727 Wil.
1010 3684 1064 3724 22
1093 3676 1216 3727 κατὰ
1249 3684 1399 3728 ταῦτα
1429 3681 1546 3735 libri,
1577 3693 1695 3726 corr.
1726 3679 1904 3725 Selden.
2057 3683 2111 3724 26
2141 3678 2453 3725 scribendum:

364 3758 446 3813 τῆς
475 3750 624 3814 ἀρχῆς
751 3757 806 3798 28
837 3748 996 3812 πατὴρ
1027 3746 1186 3798 αὐτῶν
1213 3750 1266 3799 ἐν
1296 3746 1427 3815 αύτῷ
1454 3751 1572 3806 libri,
1603 3764 1720 3797 corr.
1752 3750 1921 3796 Jacobs
2006 3751 2019 3761 ⁵
