2684 4140
421 289 531 339 108
966 277 1169 323 DIONIS
1197 275 1280 318 DE
1310 269 1742 317 PHILOOTETAE
1771 267 1934 314 ARCU

334 433 399 483 13
419 429 488 482 οὔ
518 431 691 479 ἕνεκεν
727 419 993 492 ἐλήλυθεν
1031 420 1113 480 εἰς
1147 419 1247 487 τὴν
1281 419 1518 486 Λῆμνον
1558 414 1703 484 φησί
1737 429 1797 464 τε
1834 413 1946 462 ὑπὸ
1986 417 2085 481 τῆς
2115 403 2362 510 Ἀθήνοῖς
2398 409 2492 483 ήλ-

412 509 709 570 λοιῶσθαι,
750 507 892 557 ὥστε
928 499 1223 567 ἐντυχόντα
1249 498 1327 567 τῷ
1357 497 1672 568 Φιλοκτήτῃ
1698 499 1772 568 μὴ
1799 496 2131 566 γνωσθῆναι
2156 489 2260 546 ὑπ’
2304 497 2492 562 αὐτοῦ’,

408 593 791 660 μιμησάμενος
826 586 965 637 κατὰ
991 591 1155 636 τοῦτο
1169 548 1433 653 Ὅμήρον
1438 611 1510 620 --
1532 585 1626 634 καὶ
1660 583 1763 651 γὰρ
1803 584 2013 643 ἐκεῖνος
2049 585 2172 643 τοῖς
2208 599 2268 632 τε
2295 579 2491 645 ἄλλοις

407 677 498 727 καὶ
543 672 620 740 τῷ
668 671 893 737 Εὐμαίῳ
944 671 1037 720 καὶ
1096 676 1164 738 τῇ
1211 665 1520 737 Πηνελόπῃ
1577 668 1887 737 πεποίηκεν
1944 668 2343 734 ἐντυγχάνοντα
2389 669 2488 719 τὸν

401 753 667 810 Ὀδυσσέα
687 753 1063 825 ἠλλοιωμένον
1082 754 1195 803 ὑπὸ
1216 759 1314 822 τῆς
1329 745 1579 822 Ἀθηνᾶς
1599 780 1667 789 -—-
1689 753 1835 822 φησί
1852 768 1913 802 τε
1933 752 2242 821 πρεσβείαν
2260 749 2483 818 μέλλειν
2521 761 2546 802 5

406 843 559 911 παρὰ
597 846 709 891 τῶν
753 841 960 905 Τρώων
999 838 1376 908 ἀφικνεῖσθαι
1414 839 1559 907 πρὸς
1596 838 1693 888 τὸν
1734 834 2110 907 Φιλοκτήτην,
2151 835 2495 908 δεησομένην

405 922 569 977 αὐτόν
607 942 666 975 τε
699 926 793 975 καὶ
827 923 895 974 τὰ
934 920 1082 974 ὅπλα
1120 923 1355 984 ἐκείνοις
1392 926 1705 990 παρασχεῖν
1730 924 1828 974 ἐπὶ
1854 929 1922 993 τῇ
1947 929 2047 993 τῆς
2076 923 2287 993 Τροίας
2323 923 2486 989 βασι·
2511 933 2681 976 (272Rn

406 1009 543 1078 λείᾳ,
582 1005 984 1075 ποικιλώτερον
1020 1009 1084 1057 τὸ
1126 1004 1310 1075 δρᾶμα
1346 1003 1771 1071 κατασκευάζων
1808 1009 1901 1059 καὶ
1931 1008 2271 1077 ἀνευρίσκων
2311 1005 2492 1076 λόγων

404 1095 680 1164 ἀφορμάς,
716 1082 853 1142 καθ’
898 1093 964 1153 ἃς
1002 1092 1083 1152 εἰς
1119 1091 1188 1142 τὰ
1217 1093 1445 1143 ἐναντία
1473 1094 1774 1162 ἐπιχειρῶν
1802 1093 2200 1162 εὐπορώτατος
2225 1095 2319 1145 καὶ
2344 1084 2487 1162 παρ’

325 1181 389 1231 14
409 1181 654 1231 ὁντινοῦν
694 1178 1033 1238 ἱκανώτατος
1071 1177 1351 1246 φαίνεται.
1416 1178 1479 1228 οὐ
1515 1175 1690 1244 μόνον
1731 1172 1833 1247 [δὲ]
1859 1179 2138 1248 πεποίηκε
2176 1170 2485 1229 τόνὈδυσ-
2523 1184 2571 1227 10

408 1268 505 1315 σέα
532 1259 1027 1332 παραγιγνόμενον,
1054 1259 1195 1312 ἀλλὰ
1221 1263 1362 1328 μετὰ
1390 1269 1492 1313 τοῦ
1512 1261 1855 1334 Διομήδους,
1883 1265 2164 1334 ὁμηρικῶς
2187 1265 2280 1316 καὶ
2306 1270 2490 1328 τοῦτο,

405 1351 497 1400 καὶ
542 1351 604 1399 τὸ
655 1345 808 1410 ὅλον,
858 1348 935 1408 ὡς
983 1348 1154 1417 ἔφην,
1190 1342 1288 1399 ’δι’
1340 1346 1471 1399 ὅλου
1522 1355 1625 1399 τοῦ
1661 1346 1948 1418 δράματος
1985 1347 2258 1419 πλείστην
2294 1349 2396 1415 μὲν
2434 1349 2493 1399 ἑν

406 1438 526 1495 τοῖς
564 1435 856 1502 πράγμασι
896 1433 1118 1483 σύνεσιν
1155 1434 1248 1484 καὶ
1275 1431 1640 1504 πιθανότητα
1668 1432 2069 1499 ἐπιδείκνυται,
2110 1436 2393 1505 ἀμήχανον
2433 1430 2492 1484 δὲ

403 1521 495 1570 καὶ
529 1519 864 1621 θαυμαστήν
903 1518 962 1568 ἐν
999 1521 1122 1579 τοῖς
1160 1514 1350 1586 λόγοις
1390 1516 1640 1585 δύναμιν,
1678 1521 1773 1571 καὶ
1810 1521 1879 1570 τά
1918 1537 1978 1571 τε
2019 1521 2250 1587 ἰαμβεῖα
2292 1523 2494 1589 σαφῶς

402 1606 494 1654 καὶ
528 1604 667 1654 κατὰ
706 1605 877 1672 φύσιν
911 1604 1006 1654 καὶ
1042 1600 1353 1666 πολιτικῶς
1390 1604 1604 1670 ἔχοντα,
1642 1607 1737 1656 καὶ
1773 1605 1842 1655 τὰ
1879 1602 2017 1675 μέλη
2062 1606 2124 1655 οὐ
2150 1598 2324 1671 μόνον
2359 1600 2489 1674 ήδο-
2526 1609 2576 1653 15

406 1691 517 1759 νήν,
557 1686 696 1739 ἀλλὰ
734 1690 829 1740 καὶ
865 1686 1081 1759 πολλὴν
1119 1691 1265 1759 πρὸς
1304 1690 1506 1761 ἀρετήν
1545 1688 1916 1761 παράκλησιν.
2518 1699 2599 1741 (552
2621 1695 2683 1741 Ην

326 1774 389 1823 15
549 1776 578 1825 ὅ
615 1792 675 1826 τε
709 1771 1002 1845 Σοφοκλῆς
1044 1778 1220 1840 μέσος
1266 1776 1447 1826 ἔοικεν
1494 1777 1711 1846 ἀμφοῖν
1750 1775 1923 1840 εἶναι,
1975 1776 2102 1827 ου’τε
2138 1744 2202 1826 τό
2243 1771 2494 1835 αὔθαδες

403 1862 495 1911 καὶ
531 1858 744 1911 ἄπλουν
782 1862 846 1911 τὸ
884 1866 987 1911 τοῦ
1022 1858 1316 1925 Αἰσχύλου
1356 1862 1496 1926 ἔχων
1537 1861 1664 1913 οὔτε
1701 1864 1765 1912 τὸ
1804 1862 2030 1932 ἀκριβὲς
2065 1862 2160 1912 καὶ
2199 1858 2366 1930 δριμὺ
2402 1860 2497 1910 καὶ

406 1942 696 1996 πολιτικὸν
743 1947 805 1996 τὸ
856 1951 958 1996 τοῦ
1001 1937 1342 2015 Ευριπίδου,
1409 1948 1613 2018 σεμνὴν
1663 1944 1725 1998 δέ
1773 1965 1899 1998 τινα
1947 1948 2043 1998 καὶ
2088 1943 2493 2015 μεγαλοπρεπῆ

407 2031 638 2099 ποίησιν
693 2032 1076 2099 τραγικώτατα
1131 2033 1224 2083 καὶ
1279 2025 1628 2083 εὐεπέστατα
1684 2033 1949 2098 ἔχουσαν,
2018 2033 2164 2083 ὥστε
2219 2028 2491 2100 πλείστην
2527 2036 2577 2078 20

409 2114 553 2165 εἶναι
597 2113 798 2186 ἡδονὴν
849 2117 989 2181 μετὰ
1037 2118 1221 2184 ὕψους
1269 2119 1362 2169 καὶ
1412 2113 1781 2188 σεμνότητος,
1839 2125 1909 2188 τῇ
1960 2135 2020 2169 τε
2071 2116 2337 2186 διασκευῇ
2385 2121 2497 2167 τῶν

409 2203 750 2268 πραγμάτων
790 2202 987 2270 ἀρίστῃ
1025 2204 1118 2253 καὶ
1157 2203 1538 2272 πιθανωτάτῃ
1576 2208 1855 2274 κέχρηται,
1895 2205 2145 2274 ποιήσας
2182 2205 2280 2254 τὸν
2304 2196 2497 2254 Ὀδυσ-

414 2289 511 2335 σέα
559 2286 697 2350 μετὰ
737 2285 1137 2354 Νεοπτολέμου
1186 2287 1699 2358 παραγιγνόμενον,
1747 2287 1945 2360 ἐπειδὴ
1998 2290 2231 2358 εἵμαρτο
2281 2284 2496 2338 ἁλῶναι

414 2372 511 2439 τὴν
543 2372 749 2439 Τροίαν
784 2370 896 2422 ὑπό
937 2390 996 2424 τε
1033 2380 1135 2423 τοῦ
1157 2372 1564 2441 Νεοπτολέμου
1589 2377 1684 2426 καὶ
1708 2381 1811 2425 τοῦ
1837 2372 2183 2445 Φιλοκτήτου
2207 2377 2495 2443 χρωμένου

412 2459 531 2516 τοῖς
561 2449 906 2525 Ἡρακλείοις
940 2455 1155 2523 τόξοις,
1208 2461 1301 2511 καὶ
1340 2451 1508 2511 αὐτὸν
1556 2462 1658 2526 μὲν
1707 2453 2241 2530 ἀποκρυπτόμενον,
2293 2459 2388 2508 τὸν
2429 2454 2487 2507 δὲ
2525 2461 2587 2504 2⁶-

413 2539 814 2606 Νεοπτόλεμον
851 2547 1150 2608 πέμποντα
1190 2547 1336 2614 πρὸς
1362 2548 1460 2597 τὸν
1492 2543 1859 2616 Φιλοκτήτην,
1897 2547 2318 2611 ὑποτιθέμενον
2346 2540 2496 2611 αὐτῷ

416 2627 449 2673 ἃ
490 2623 580 2676 δεῖ
611 2632 812 2690 ποιεῖν,
850 2630 942 2679 καὶ
978 2631 1073 2680 τὸν
1106 2632 1276 2700 χορὸν
1317 2632 1412 2696 οὐχ
1451 2632 1644 2702 ὥσπερ
1685 2633 1715 2682 ὁ
1739 2629 2033 2697 Αἰσχύλος
2066 2633 2161 2683 καὶ
2185 2626 2501 2699 Εὐριπίδης

404 2712 473 2760 ’ἐκ
511 2717 619 2761 τῶν
658 2713 974 2782 ἐπιχωρίων
1012 2717 1348 2786 πεποίηκεν,
1399 2714 1540 2767 ἀλλὰ
1589 2723 1700 2768 τῶν
1748 2719 1807 2768 ἐν
1852 2724 1921 2787 τῇ
1969 2718 2060 2787 νηὶ
2100 2712 2498 2782 συμπλεόντων
2523 2717 2678 2761 (27331

334 2791 397 2841 16
418 2794 497 2862 τῷ
529 2788 792 2848 Ὀδυσσεῖ
819 2800 911 2849 καὶ
935 2798 1011 2866 τῷ
1039 2799 1441 2869 Νεοπτολέμῳ.
1610 2804 1679 2852 τά
1706 2819 1765 2852 τε
1791 2802 1908 2872 ἤθη
1936 2802 2287 2868 θαυμαστῶς
2327 2798 2500 2865 σεμνὰ

559 3095 575 3136 1
610 3093 752 3151 φησίν
779 3086 868 3140 ΒΜ
979 3089 1241 3153 ήλλιῶσθαι
1271 3096 1322 3140 Μ
1438 3101 1463 3142 2
1493 3094 1846 3156 ἐντυγχάνοντα
1877 3097 1917 3143 U
1986 3144 1988 3146 ,
2032 3101 2060 3142 4
2090 3094 2334 3156 πενελόπῃ
2365 3098 2415 3142 Μ

418 3163 441 3202 5
471 3156 769 3219 ήλλυωμένον
788 3164 837 3211 Μ
924 3170 949 3210 6
971 3167 1268 3225 δεησομένων
1287 3168 1369 3214 BU
1389 3169 1453 3223 (in
1485 3169 1572 3214 hoc
1603 3185 1682 3227 -ην
1703 3181 1729 3214 a
1750 3172 1882 3223 corr.)
1970 3173 1993 3212 7
2027 3163 2179 3216 αὐτόν
2207 3185 2260 3215 τε
2280 3168 2416 3214 UMH

419 3233 443 3273 8
473 3228 815 3291 ποικιλώτερον
843 3235 891 3282 δὲ
922 3236 956 3279 Ρ
1099 3239 1270 3283 malhn:
1308 3242 1389 3285 καὶ
1418 3235 1514 3299 γὰρ
1544 3265 1600 3272 -
1629 3238 1888 3301 ἐπιχειρεῖν
2033 3243 2059 3284 9
2088 3237 2324 3299 ἐπιχειρεῖ
2350 3238 2386 3283 Ρ

423 3305 473 3344 10
503 3309 718 3358 φανεῖται
749 3304 852 3349 Wil.
967 3310 1047 3353 καὶ
1069 3302 1125 3355 οὗ
1147 3309 1225 3353 ΡΗ
1350 3310 1399 3357 δὲ
1421 3324 1508 3356 om.
1530 3310 1676 3355 MPH.
1727 3311 1790 3356 Et
1816 3313 1897 3357 καὶ
1927 3313 1975 3356 et
2003 3310 2071 3368 δὲ
2072 3311 2331 3356 coniectura
2360 3311 2501 3356 inser-

418 3375 535 3421 tum·
574 3372 777 3428 praefero
816 3391 869 3421 τε
1040 3372 1210 3426 όδυσέα
1248 3381 1291 3424 Η
1474 3385 1523 3427 11
1566 3379 1985 3442 παραγεινόμενον
2020 3381 2073 3426 Μ
2110 3381 2504 3442 παραγινόμενον

421 3441 557 3485 ceteri
696 3446 784 3491 τοῦ
813 3457 898 3491 om.
928 3446 964 3489 P
1123 3453 1173 3493 12
1205 3454 1291 3497 τοῦ
1320 3450 1566 3513 δράματος
1595 3467 1681 3498 om.
1712 3453 1794 3498 PH
1936 3451 1990 3500 ἐν
2017 3459 2121 3506 τοῖς
2149 3448 2355 3512 δράμασι
2383 3451 2502 3503 libri,

422 3522 535 3555 corr.
565 3511 846 3558 Valckenaar
934 3519 985 3561 13
1016 3516 1337 3579 πειθανότητα
1368 3523 1416 3567 Μ
1507 3528 1559 3568 14
1588 3520 1706 3581 ιἀμα
1735 3526 1823 3583 βία
1853 3524 1903 3569 Μ
1990 3526 2046 3568 20
2075 3518 2197 3570 εἶναι
2226 3536 2311 3567 om.
2333 3521 2414 3565 PH

421 3583 469 3624 21
506 3582 793 3640 σεμνότητος
820 3582 1143 3634 ἐνδείκνυσθαι
1173 3589 1254 3634 PH
1411 3597 1465 3638 22
1495 3595 1803 3654 πιθανωτέρα
1833 3595 1870 3640 Ρ
2027 3596 2084 3639 23
2111 3597 2199 3640 τοῦ
2227 3590 2500 3639 Νεοπτολέ-

421 3667 529 3765 ςξυ
527 3652 562 3695 P
642 3668 1059 3768 πῧθαγδίνθμῖνθν
1077 3659 1125 3703 Μ
1145 3659 1533 3720 παραγινόμενον
1553 3666 1691 3712 ceteri
1774 3663 1952 3727 ίμαρτο
1969 3664 2020 3710 Μ
2104 3668 2158 3709 24
2175 3679 2227 3710 τε
2244 3676 2330 3709 om.
2354 3661 2434 3706 PH

509 3739 534 3767 ο
566 3736 637 3767 om
