2684 4140
1084 246 1310 293 ORATIO
1340 248 1459 294 LVI.
2221 243 2321 292 121

417 531 538 598 (39)
590 527 1192 596 ΑΓΑΜΕΜΝΩΝ
1245 531 1320 596 Η
1369 528 1589 598 ΠΕΡΙ
1631 526 2154 594 ΒΑΣΙΛΕΙΑΣ.

1205 675 1363 682 ——-

371 770 438 817 A.
466 769 692 837 Πότερα
713 768 905 835 βούλει
932 755 1070 840 περί
1082 763 1492 838 Ἀγαμέμνονος
1518 772 1739 821 ἀκούειν
1768 772 2076 840 φρονίμους
2105 768 2316 837 λόγους,
2360 773 2384 822 1

229 844 336 921 ἀφ’
382 851 457 902 ὧν
507 852 661 902 ἔστιν
710 852 1084 922 ὠφεληθῆναι
1119 857 1218 925 τὴν
1259 854 1541 918 διάνοιαν,
1590 856 1621 924 ἢ
1664 852 1838 905 λυπεῖ
1869 869 1930 904 σε
1961 848 2322 922 Ἀγαμέμνων

231 937 261 986 ὁ
291 928 532 1004 Ἀτρέως
570 934 980 1003 ὀνομαζόμενος
1016 941 1074 989 έν
1100 944 1222 1000 τοῖς
1249 937 1464 1006 λόγοις,·
1504 966 1565 974 -
1602 932 1739 989 Οὐδ’
1784 940 1834 988 εἰ
1860 940 1992 1006 περὶ
2012 932 2323 1007 Ἀδράστου

229 1026 331 1070 τοῦ
358 1018 586 1071 Ταλαοῦ
609 1019 791 1089 λέγοις
826 1024 858 1092 ἢ
894 1021 1182 1074 Ταντάλου
1219 1022 1564 1093 ῆΠέλοπος,
1604 1024 1888 1092 ἀχθοίμην
1927 1025 2010 1085 ἄν,
2051 1025 2101 1074 εἰ
2138 1021 2323 1089 μέλλω

174 1117 198 1158 5
234 1101 469 1170 βελτίων
507 1106 764 1156 ἔσεσθαι.
794 1134 864 1142 -
889 1108 956 1157 Δ.
985 1108 1101 1157 Καὶ
1136 1109 1245 1177 μὴν
1283 1107 1643 1180 ἀνεμνήσθην
1681 1108 1909 1173 ἔναγχος
1936 1105 2112 1174 λόγων
2139 1113 2323 1171 τινῶν,

232 1191 326 1250 οὓς
365 1183 580 1257 λέγοιμ’
623 1191 706 1254 ἄν,
747 1189 806 1242 εἴ
833 1208 933 1257 μοι
970 1193 1253 1261 ἐρωτῶντι
1290 1188 1518 1252 ἐθέλοις
1557 1192 2001 1260 ἀποκρίνασθαι.
2053 1219 2124 1227 —-
2166 1195 2319 1259 Λέγε
2359 1194 2392 1245 2

231 1276 308 1336 ὡς
345 1276 840 1345 ἀποκρινουμένου.
880 1304 949 1312 -
977 1279 1045 1327 Δ.
1074 1278 1208 1327 Εἰσί
1242 1294 1390 1339 τινες
1428 1277 1756 1346 ἀνθρώπων
1796 1278 2059 1346 ἄρχοντες
2070 1295 2090 1338 ,·
2130 1278 2322 1340 ὥσπερ

233 1362 415 1428 ἕτεροι
462 1362 563 1425 μὲν
603 1363 804 1428 αἰγῶν,
852 1364 1034 1432 ἕτεροι
1074 1360 1132 1413 δὲ
1170 1364 1313 1426 ὑῶν,
1366 1364 1421 1412 οί
1461 1360 1522 1412 δέ
1558 1379 1706 1423 τινες
1746 1363 1972 1426 ἵππων,
2033 1363 2089 1412 οἱ
2139 1359 2198 1412 δὲ
2235 1362 2329 1412 καὶ

232 1445 398 1511 βοῶν,
439 1443 757 1511 ξύμπαντες
796 1445 953 1498 οὗτοι
993 1449 1048 1498 οἱ
1083 1445 1419 1513 καλούμενοι
1457 1454 1617 1517 κοινῇ
1655 1451 1949 1513 ποιμένες·
1999 1448 2031 1517 ἢ
2073 1447 2169 1497 οὐκ
2206 1447 2328 1496 ἀνέ-

156 1541 204 1583 10
239 1528 452 1598 γνωκας
490 1538 655 1582 τοῦτο
694 1524 756 1582 τὸ
796 1533 937 1594 ἔπος
974 1534 1289 1602 Κρατίνου·

578 1619 792 1688 ποιμὴν
829 1611 1162 1688 καθέστηκ’,
1203 1616 1426 1669 αἰπολῶ
1464 1619 1558 1669 καὶ
1595 1615 1880 1684 βουκολῶ,·

236 1728 306 1737 —
352 1701 464 1753 Οὐκ
502 1704 568 1753 ἂν
608 1703 796 1769 ἔχοιμί
834 1717 926 1754 σοι
966 1705 1165 1767 εἰπεῖν,
1206 1705 1256 1754 εἰ
1295 1708 1572 1769 ποιμένας
1599 1705 1828 1768 ἄμεινον
1861 1698 2153 1767 ὀνομάζειν
2195 1703 2329 1766 σύμτ

64 1799 218 1843 (56511)
242 1803 462 1848 παντας
501 1789 632 1848 τοὺς
669 1793 781 1838 τῶν
821 1782 976 1855 ζῴων
1013 1792 1234 1854 νομέας,
1276 1817 1350 1825 -
1384 1790 1452 1839 Δ.
1499 1787 1578 1839 Οὐ
1615 1790 1787 1853 μόνον
1834 1803 1893 1854 γε
1942 1793 2052 1837 τῶν
2092 1783 2327 1853 ἀλόγων,

237 1871 279 1921 ὦ
322 1873 533 1941 ἄριστε,
573 1870 715 1922 ἀλλὰ
752 1874 846 1924 καὶ
883 1874 1227 1942 ἀνθρώπων,
1268 1872 1326 1924 εἴ
1355 1891 1413 1924 τι
1445 1875 1545 1943 χρὴ
1574 1866 1791 1942 Ὁμήρῳ
1833 1872 2160 1922 πείθεσθαι
2198 1873 2331 1939 περὶ

21 1954 130 2038 ῧῗῇᾖῖ
152 1964 199 2007 15
236 1959 463 2008 τούτων.
529 1955 669 2007 ἀλλὰ
697 1959 754 2008 τί
781 1958 875 2007 οὐκ
902 1959 1183 2027 ἀπεκρίνω
1212 1951 1275 2008 τό
1302 1955 1364 2021 ἐξ
1389 1959 1558 2028 ἀρχῆς
1584 1959 1874 2027 ἐρώτημα,·
1910 1985 1981 1993 ——
2023 1959 2100 2007 Τὸ
2129 1959 2331 2018 ποῖον,·

234 2069 306 2076 -
341 2044 409 2093 Δ.
438 2043 600 2106 Εἰπέ,
642 2044 756 2093 εἰσί
780 2060 928 2104 τινες
955 2044 1282 2110 ἀνθρώπων
1310 2044 1603 2110 ἄρχοντες,·
1645 2072 1716 2101 -,
1740 2044 1879 2103 Πῶς
1904 2043 2006 2111 γὰρ
2048 2035 2146 2092 οἰκ
2184 2043 2327 2103 εἰσί,·
2367 2042 2399 2092 3

234 2153 304 2162 -—
339 2129 407 2177 A.
455 2128 616 2188 Τίνες
655 2125 842 2190 οὕτοι,·
892 2129 1050 2189 τίνας
1090 2120 1293 2189 αὐτοὺς
1341 2123 1745 2193 έπονομάζεις,·
1795 2125 1934 2194 λέγω
1989 2125 2048 2178 δὲ
2100 2119 2162 2177 οὗ
2202 2128 2334 2187 τοὺς

234 2213 292 2262 ἐν
330 2209 558 2279 πολέμῳ
603 2218 961 2281 στρατιωτῶν
1000 2215 1289 2281 ἄρχοντας,
1328 2214 1693 2282 (στρατηγοὺς
1729 2213 1833 2282 γὰρ
1874 2207 2168 2278 ὀνομάζειν
2207 2211 2332 2261 εἰώ-

234 2297 421 2362 θαμεν
460 2298 591 2358 τοὺς
631 2298 859 2367 ἀπάσης
898 2304 996 2367 τῆς
1036 2302 1301 2367 στρατιᾶς
1348 2298 1649 2364 ἡγεμόνας·
1701 2298 1893 2366 ὥσπερ
1943 2313 2004 2364 γε
2051 2298 2145 2347 καὶ
2191 2296 2332 2346 κατὰ

157 2391 205 2433 20
239 2386 409 2451 μέρος
448 2383 479 2432 ό
514 2385 616 2448 μὲν
655 2380 817 2447 λόχου
857 2384 1039 2451 ἄρχων
1063 2380 1318 2434 καλεῖται
1347 2380 1595 2450 λοχαγός,
1637 2383 1667 2445 ὁ
1693 2380 1751 2433 δὲ
1778 2380 1991 2445 τάξεως
2017 2379 2333 2451 ταξίαρχος,

240 2469 269 2516 ὁ
308 2465 366 2517 δὲ
405 2473 506 2517 τοῦ
540 2474 804 2518 ναυτικοῦ
836 2470 1136 2538 ναύαρχος,
1186 2470 1217 2518 ὁ
1257 2465 1315 2518 δὲ
1354 2474 1486 2534 μιᾶς
1524 2469 1785 2538 τριήρους
1832 2470 2192 2538 τριήραρχος·
2242 2468 2337 2518 καὶ

241 2549 402 2602 ἄλλοι
441 2553 583 2604 εἰσὶν
623 2554 801 2615 οὕτως
836 2551 1172 2620 καλούμενοι
1209 2551 1442 2615 πλείους
1479 2555 1537 2604 έν
1586 2558 1708 2615 τοῖς
1755 2552 2033 2620 πολέμοις
2071 2555 2336 2622 ἄρχοντες

238 2630 363 2688 κατ’
407 2635 642 2705 ὀλίγους,
682 2641 770 2689 ὅτι
806 2636 1078 2709 πλείστης
1104 2641 1379 2708 προνοίας
1404 2641 1531 2690 τότε
1556 2640 1651 2690 καὶ
1674 2641 1975 2709 ἡγεμονίας
2016 2640 2072 2688 οί
2110 2638 2337 2705 ἄνθρω-

383 2823 537 2864 notam
569 2823 621 2867 A.
650 2831 679 2863 a
707 2819 932 2875 prioribus
969 2819 1218 2865 editoribus
1254 2821 1499 2865 adhibitam
1539 2821 1729 2873 retinui,
1771 2833 1905 2876 quam
1946 2833 1974 2864 a
2012 2820 2137 2864 libris
2174 2819 2337 2864 abesse

240 2904 402 2936 moneo
551 2897 568 2935 1
603 2889 816 2951 πότερον
845 2886 1041 2952 ἀβούλει
1080 2892 1176 2946 (sed
1206 2908 1236 2938 α
1276 2894 1470 2946 erasum)
1500 2891 1536 2934 P
1679 2894 1705 2935 2
1735 2886 1864 2937 ἔστιν
1894 2892 1938 2944 (ν
1966 2903 1994 2935 a
2022 2904 2081 2935 m.
2114 2893 2155 2944 2)
2185 2890 2222 2933 P

241 2967 268 3007 4
299 2963 452 3023 λέγοις
481 2963 532 3007 Μ
562 2962 711 3021 λέγεις
741 2962 819 3006 ΡΗ
847 2962 1000 3021 λέγειν
1030 2961 1110 3007 BU
1140 2975 1197 3006 m.
1229 2975 1298 3018 pr.
1455 2957 1514 3008 ἂν
1543 2974 1630 3006 om.
1661 2961 1699 3004 B
1729 2960 1778 3004 M
1806 2973 1866 3004 m.
1897 2973 1964 3016 pr.
1995 2960 2037 3005 U
2066 2973 2122 3003 m.
2151 2972 2220 3016 pr.

243 3080 268 3120 6
301 3075 344 3122 εἰ
370 3077 431 3133 μὴ
463 3076 507 3119 Η
629 3050 982 3136 ἀποκρίνῗσθαι
1011 3075 1046 3118 Ρ
1165 3078 1188 3117 7
1221 3069 1607 3132 ἀποκρινομένου
1636 3072 1717 3119 BU
1746 3086 1804 3117 m.
1835 3085 1906 3129 pr.
2042 3077 2066 3117 8
2098 3070 2256 3132 ἕτεροι
2287 3072 2336 3120 δὲ

243 3160 325 3204 pro
358 3147 404 3194 οἶ
433 3146 482 3192 δέ
511 3162 634 3200 τινες
662 3147 706 3190 Η
792 3150 818 3190 9
850 3146 1098 3202 ποιμαίνες
1126 3145 1174 3188 Μ
1204 3158 1261 3188 m.
1293 3157 1360 3200 pr.
1449 3139 1661 3202 ἔγνωκας
1691 3143 1732 3187 Η
1834 3147 1885 3188 10
1913 3144 2171 3202 κρατείνου
2201 3143 2249 3186 Μ

244 3220 475 3278 κρατίνου
504 3230 529 3262 e
559 3217 758 3273 margine
785 3217 1020 3273 irrepsisse
1050 3215 1262 3271 suspicor
1369 3219 1416 3258 11
1449 3208 1712 3273 καθέστηκ’
1743 3213 1799 3266 Η,
1830 3227 1946 3259 corr.
1968 3214 2010 3260 U
2039 3214 2336 3274 καθέστηκεν

244 3289 280 3333 Ρ
309 3287 582 3346 καθέστηκα
612 3286 744 3331 BMU
773 3300 830 3330 m.
860 3300 928 3343 pr.
1046 3281 1231 3332 αἰπόλω
1261 3285 1303 3330 U
1331 3299 1387 3329 m.
1410 3298 1478 3342 pr.
1511 3282 1707 3331 αἰπώλω
1738 3284 1825 3328 ΒΜ
1855 3297 1913 3330 m.
1943 3298 2012 3342 pr.
2111 3282 2335 3345 βουκόλῳ

245 3359 336 3403 ΒΜ
365 3373 423 3403 m.
455 3372 521 3415 pr.
552 3358 595 3403 U
623 3371 684 3402 m.
713 3370 782 3414 pr.
815 3355 1017 3410 αἴπολος
1044 3359 1125 3403 καὶ
1153 3352 1393 3415 βούκολος
1422 3356 1515 3409 ΡΗ,
1545 3356 1643 3413 ipse
1674 3355 1848 3401 correxi
1977 3359 2045 3425 ‚12
2076 3357 2336 3413 ποιμαίνας

245 3430 295 3474 Μ
324 3443 383 3475 m.
414 3442 483 3486 pr.
600 3429 871 3486 ξύμπαντας
900 3429 949 3472 Μ
1067 3431 1118 3472 13
1147 3422 1314 3484 μόνων
1342 3426 1383 3472 U
1503 3431 1554 3471 14
1585 3420 1677 3474 ἀλὰ
1707 3427 1743 3470 Ρ
1875 3431 1927 3472 15
1957 3423 2078 3474 αλλά
2110 3443 2156 3472 τι
2184 3425 2220 3469 Ρ

247 3506 300 3547 16
322 3502 444 3548 Εἰπέ
465 3500 588 3556 Wil.‚
611 3498 744 3559 εἴπερ
764 3500 870 3544 libri
949 3500 1067 3545 εἰσίν
1087 3498 1199 3554 ΒΜ;
1231 3497 1325 3545 εἰσί
1344 3514 1467 3552 τινες
1489 3489 1624 3545 οὗτοι
1642 3497 1685 3543 U
1775 3502 1824 3542 17
1850 3492 1906 3544 οὖ
1928 3510 2015 3542 om.
2037 3496 2079 3542 U
2099 3511 2155 3541 m.
2177 3511 2247 3554 pr.

250 3577 300 3618 18
333 3569 414 3627 οὓς
444 3568 738 3632 στρατηγοὺς
767 3570 847 3615 ΡΗ
961 3566 1056 3629 γὰρ
1087 3564 1343 3625 ὀνομάζειν
1361 3568 1442 3614 UB
1473 3567 1831 3629 παρονομάζειν
1861 3568 1998 3612 ceteri
2111 3572 2160 3612 19
2193 3584 2336 3626 στρα-

246 3645 378 3699 τείας
404 3644 522 3698 libri,
552 3656 666 3688 corr.
697 3642 863 3687 Reiske
978 3646 1031 3685 20
1059 3657 1090 3698 χ
1118 3640 1167 3684 in
1196 3639 1344 3697 λόχου
1373 3651 1401 3683 a
1430 3652 1545 3686 corr.
1574 3639 1618 3685 U
1740 3644 1792 3684 22
1822 3638 1932 3696 (καὶ
1961 3633 2115 3693 κατὰ)
2144 3639 2337 3691 πλείους

246 3714 413 3759 Reiske
528 3715 777 3771 πολεμίοις
805 3714 843 3756 Β
960 3714 1013 3755 23
1043 3710 1177 3767 (καὶ)
1206 3707 1315 3756 κατ’
1347 3710 1512 3755 Reiske
