2684 4140
1113 289 1338 336 ORATIO
1369 289 1492 336 XIV.
2245 291 2348 339 229

404 427 529 486 ἀλλ’
585 434 723 496 ἴσως
772 436 994 503 ἐροῦσιν
1042 437 1131 486 ὅτι
1180 433 1338 487 οὗτοι
1386 437 1487 502 μὲν
1525 436 1624 487 ἐπὶ
1660 438 1741 502 τῷ
1779 435 1960 486 αὐτῶν
2001 438 2346 505 συμφέροντι
2384 437 2416 489 9

262 522 669 583 ὑπακούουσιν,
721 515 838 587 [ὡς]
891 521 948 570 οἱ
994 517 1261 582 πλέοντες
1307 525 1389 588 τῴ
1435 521 1735 590 κυβερνήτῃ
1779 520 1873 570 καὶ
1911 520 1968 570 οἱ
2007 526 2351 589 στρατιῶται

264 610 346 672 τῷ
384 609 691 674 στρατηγῷ,
728 606 822 654 καὶ
854 605 911 654 οἱ
946 602 1249 670 κάμνοντες
1289 602 1347 656 δὲ
1373 610 1454 672 τῷ
1480 606 1660 674 ἰατρῷ
1698 602 1792 655 διὰ
1830 610 1993 654 τοῦτο
2022 605 2348 657 πείθονται.

269 680 396 740 οὗδὲ
422 690 525 757 γὰρ
554 680 678 738 ἀλλ’
722 690 861 738 ἄττα
903 685 1356 757 προστάττουσιν
1386 688 1542 741 οὗτοι
1571 691 1603 759 5
1644 690 1712 739 τὰ
1744 693 2099 759 συμφέροντα
2140 682 2347 751 αὐτοῖς.

208 783 233 824 5
269 776 327 824 οἱ
364 772 426 824 δέ
461 789 520 841 γε
561 772 837 824 δεσπόται
873 778 994 835 τοῖς
1033 771 1257 836 δούλοις
1295 768 1358 825 οὗ
1397 781 1572 825 ταῦτα
1611 772 2012 825 ἐπιτάττουσιν
2045 775 2080 823 ἃ
2117 775 2351 836 ἐκείνοις

265 859 529 921 συνοίσει,
569 851 695 908 ἀλλ’
726 860 865 928 ὅπερ
895 861 1086 920 αὐτοῖς
1114 858 1332 910 οἴονται
1358 856 1680 910 λυσιτελεῖν.
1743 860 1802 910 τί
1838 856 1903 928 δή
1915 877 1935 921 ,·
1974 859 2081 928 ἆρά
2119 874 2178 926 γε
2212 873 2345 924 συμ-
2371 862 2435 912 10

264 949 426 1015 φέρει
472 942 551 1011 τῷ
602 941 848 1012 δεσπότῃ
900 945 963 994 τὸ
1013 944 1288 994 τεθνάναι
1336 945 1433 995 τὸν
1479 945 1695 1012 οἰκέτην
1732 944 1764 1013 5
1805 947 1991 994 νοσεῖν
2027 944 2059 1013 5
2101 945 2348 1013 πονηρὸν

262 1028 436 1091 εἶναι,·
474 1026 656 1089 οὐδεὶς
682 1029 748 1079 ἂν
774 1027 950 1091 εἴποι,
990 1026 1131 1078 ἀλλὰ
1156 1029 1480 1079 τούναντίον
1522 1027 1683 1094 οἶμαι
1719 1030 1785 1078 τό
1821 1045 1882 1078 τε
1921 1024 2014 1098 ζῆν
2039 1029 2134 1079 καὶ
2169 1028 2348 1095 ὑγιαί-

261 1131 375 1164 νειν
411 1115 505 1164 καὶ
537 1115 778 1182 χρηστὸν
818 1111 979 1164 εἶναι.
1043 1113 1112 1162 τὰ
1141 1113 1280 1162 αὐτοὶ
1312 1111 1370 1163 δὲ
1410 1119 1583 1163 ταῦτα
1618 1117 1883 1182 φανεῖται
1917 1114 2011 1164 καὶ
2045 1111 2124 1179 τῴ
2165 1114 2349 1182 οἰκέτῃ

183 1204 230 1246 10
269 1202 652 1268 συμφέροντα·
700 1199 843 1247 ὥστε
879 1199 973 1247 καὶ
1009 1196 1090 1263 τῷ
1129 1198 1311 1266 οἰκέτῃ
1354 1199 1385 1246 ὅ
1424 1195 1704 1266 δεσπότης
1743 1195 1901 1247 οὐδὲν
1938 1197 2132 1266 ἦττον,
2171 1199 2350 1265 ἄνπερ

264 1283 356 1351 ἔχῃ
397 1288 541 1345 νοῦν,
589 1282 658 1331 τά
700 1285 1058 1350 συμφέροντα
1098 1282 1286 1348 ἐκείνῳ
1329 1278 1666 1350 προστάξει”
1717 1287 1891 1331 ταῦτα
1928 1281 2031 1348 γὰρ
2070 1281 2164 1332 καὶ
2202 1280 2352 1347 αὐτῷ

265 1368 530 1436 φαίνεται
569 1369 890 1435 συμφέρειν.

404 1448 545 1501 ἀλλὰ
582 1452 724 1518 ὑπὲρ
764 1452 894 1501 ὅτου
934 1451 1001 1501 ἀν
1040 1467 1127 1511 τις
1164 1451 1427 1519 ἀργύριον
1463 1447 1776 1519 καταβάλῃ,
1817 1448 1979 1511 οὗτος
2016 1447 2078 1513 ἐξ
2114 1451 2351 1519 ἀνάγκης
2374 1452 2435 1502 11

14 1554 19 1582 ¹,
48 1545 242 1589 (nomn
262 1533 460 1596 δοῦλός
497 1537 668 1586 ἐστιν.
730 1535 925 1586 οὔκουν
965 1532 1172 1586 πολλοὶ
1209 1537 1342 1605 περὶ
1379 1532 1606 1586 πολλῶν
1643 1536 1738 1587 καὶ
1770 1532 2085 1604 ἐλευθέρων
2121 1536 2353 1602 καταβε-

13 1609 227 1674 Ὲ(232Μ)15
263 1618 533 1692 βλήκασιν
559 1621 838 1690 ἀργύριον,
880 1622 937 1671 οἱ
971 1622 1072 1687 μὲν
1099 1618 1413 1687 πολεμίοις,
1454 1622 1510 1671 οἱ
1536 1618 1594 1671 δὲ
1633 1618 1864 1689 λῃσταῖς
1891 1617 2060 1689 λύτρα
2089 1618 2354 1684 διδόντες,

261 1708 316 1758 οἱ
365 1704 427 1756 δέ
472 1722 620 1766 τινες
658 1707 756 1775 τήν
806 1707 987 1757 αὐτῶν
1025 1707 1190 1776 τιμήν
1227 1702 1677 1775 καταβεβλήκασι
1713 1708 1835 1766 τοῖς
1875 1702 2216 1767 δεσπόταις,·
2262 1706 2357 1755 καὶ

260 1792 323 1843 οὐ
375 1789 557 1862 δήπου
610 1788 804 1841 δοῦλοί
853 1792 998 1842 εἰσιν
1038 1789 1196 1842 οὗτοι
1235 1791 1431 1841 αὐτῶν.
1507 1787 1648 1839 ἀλλὰ
1686 1791 1794 1860 μήν
1839 1789 1901 1841 ὅν
1939 1790 2006 1840 ἂν
2045 1786 2141 1858 ἐξῇ
2178 1792 2346 1857 ἑτέρῳ
2374 1789 2439 1840 12

259 1881 619 1943 μαστιγῶσαι
665 1876 760 1926 καὶ
807 1872 977 1945 δῆσαι
1013 1876 1107 1926 καὶ
1144 1872 1359 1926 ἀνελεῖν
1395 1876 1489 1926 καὶ
1525 1872 1662 1925 ἄλλο
1712 1877 1818 1938 ὅ,τι
1855 1875 1922 1924 ἂν
1959 1871 2231 1943 βούληται
2267 1875 2353 1941 έρ-

259 1961 573 2029 γάσασθαι,
616 1958 780 2021 οὗτος
807 1961 1018 2011 ἐκείνου
1048 1957 1246 2021 δοῦλός
1284 1961 1454 2010 ἐστιν.
1517 1961 1574 2010 τί
1613 1957 1675 2010 δέ
1684 1977 1704 2022 ,·
1744 1959 1838 2009 οὐκ
1868 1956 2053 2021 ἔξεστι
2077 1961 2198 2019 τοῖς
2225 1955 2354 2027 λῃσ-

182 2054 230 2096 20
266 2050 392 2107 ταῖς
416 2051 590 2096 ταῦτα
618 2049 807 2096 ποιεῖν
834 2047 965 2106 τοὺς
993 2043 1349 2115 ληφθέντας,
1385 2045 1478 2095 καὶ
1505 2042 1664 2095 οὐδὲν
1689 2044 1855 2114 ἦττον
1885 2045 1946 2093 οὐ
1976 2041 2168 2094 δοῦλοί
2193 2045 2353 2094 εἰσιν.

261 2132 320 2182 τί
356 2129 420 2181 δέ
428 2149 448 2192 ‚·
495 2135 617 2191 τοῖς
667 2128 960 2190 δικασταῖς
1009 2130 1106 2179 οὐκ
1154 2127 1339 2192 ἔξεστι
1387 2134 1550 2195 τιμᾶν
1593 2130 1687 2180 καὶ
1726 2126 1936 2194 δεσμοῦ
1968 2130 2062 2179 καὶ
2098 2130 2354 2179 θανάτου

261 2217 355 2267 καὶ
391 2213 561 2265 ἄλλου
601 2218 729 2266 ὅτου
769 2216 837 2265 ἀν
874 2212 1192 2282 βούλωνται
1230 2211 1467 2275 πολλοῖς
1496 2220 1607 2264 τῶν
1632 2218 1972 2283 κρινομένων
1983 2232 2003 2276 ,·
2039 2214 2133 2264 καὶ
2160 2214 2221 2263 οὐ
2264 2211 2355 2283 δή·

263 2317 374 2352 που
417 2298 609 2351 δοῦλοί
647 2301 791 2351 εἰσιν
831 2298 1003 2350 οὗτοι.
1069 2301 1120 2350 εἰ
1159 2297 1218 2350 δὲ
1244 2300 1379 2365 μίαν
1405 2303 1636 2369 ἡμέραν,
1676 2300 1734 2349 ἐν
1770 2291 1808 2368 ᾗ
1832 2300 2081 2368 κρίνεται
2106 2300 2355 2361 ἕκαστος,

266 2379 426 2437 οὐδὲν
464 2392 656 2436 τοῦτο·
693 2387 787 2436 καὶ
811 2385 914 2454 γὰρ
941 2386 1076 2451 μίαν
1103 2389 1314 2455 ἡμέραν
1339 2382 1443 2454 ἤδη
1484 2402 1571 2446 τις
1599 2381 1817 2451 λέγεται
1841 2384 2113 2451 γενέσθαι
2139 2380 2352 2443 δοῦλος.

181 2478 229 2519 25
408 2464 598 2521 (Ἀλλὰ
625 2473 733 2542 μήν
759 2472 841 2522 ἑνὶ
869 2468 1010 2538 λόγῳ
1044 2467 1390 2537 συλλαβόντα
1413 2471 1514 2540 χρὴ
1550 2471 1973 2539 ἀποφήνασθαι
2000 2472 2077 2530 ὡς
2102 2471 2209 2535 ὅτῳ
2249 2470 2350 2534 μὲν
2374 2468 2438 2520 13

261 2554 477 2620 ἔξεστιν
517 2556 548 2606 ὅ
585 2553 850 2622 βούλεται
889 2557 1186 2624 πράττειν,
1234 2552 1536 2623 ἐλεύθερός
1573 2555 1744 2618 ἐστιν,
1791 2556 1898 2621 ὅτῳ
1941 2552 1999 2604 δὲ
2037 2556 2110 2624 μή
2153 2551 2353 2616 ἔξεστι,

264 2638 502 2702 δοῦλος’.
568 2634 630 2691 οὐ
673 2639 736 2711 δὴ
779 2642 879 2692 ἐπὶ
917 2646 1028 2691 τῶν
1068 2637 1354 2691 πλεόντων
1395 2633 1524 2689 οὐδὲ
1564 2645 1674 2690 τῶν
1711 2641 2034 2704 καμνόντων
2076 2631 2204 2689 οἶδὲ
2244 2643 2354 2687 τῶν

265 2730 717 2796 στρατευομένων
769 2719 897 2776 οὐδὲ
948 2732 1059 2777 τῶν
1102 2726 1511 2791 μανθανόντων
1559 2726 1858 2793 γράμματα
1896 2725 1928 2793 5
1967 2719 2283 2792 κιθαρίζειν
2320 2723 2352 2791 5

15 2823 18 2879 ι
100 2880 103 2883 ,
262 2810 528 2863 παλαίειν
565 2813 597 2882 5
639 2809 811 2881 ἀλλην
848 2812 974 2862 τινὰ
1013 2814 1206 2880 τέχνην
1245 2813 1391 2880 ἐρεῖς
1431 2803 1594 2860 αὐτό·
1645 2802 1708 2860 οὗ
1757 2809 1860 2876 γὰρ
1909 2806 2093 2870 ἔξεστι
2129 2809 2354 2867 τούτοις

15 2881 22 2941 f.
180 2902 230 2945 30
266 2899 535 2965 πράττειν
585 2898 661 2958 ὡς
713 2889 874 2948 αὐτοὶ
917 2894 1248 2959 ἐθέλουσιν,
1298 2888 1424 2944 ἀλλ’
1478 2896 1554 2954 ὡς
1592 2896 1623 2944 ὅ
1663 2910 1724 2943 τε
1770 2893 2103 2961 κυβερνήτης
2138 2892 2232 2941 καὶ
2268 2893 2355 2941 ἰα-

408 3122 425 3160 1
462 3112 620 3163 αὐτῶν
649 3117 699 3160 Μ
815 3120 840 3160 2
871 3111 937 3170 ὥς
966 3116 1132 3161 seclusi
1248 3119 1271 3159 3
1304 3116 1531 3160 πίθονται
1561 3114 1610 3156 Μ
1738 3117 1765 3156 4
1794 3109 2007 3182 άλλάζτα
2038 3112 2269 3182 (sicu-UT

264 3191 288 3231 5
319 3190 468 3234 ταῦτα
498 3187 664 3231 Reiske
693 3181 752 3234 τὰ
785 3180 904 3233 αὐτὰ
934 3186 1039 3256 habri
1125 3189 1150 3229 6
1181 3177 1306 3241 ἅπερ
1335 3184 1374 3228 Τ
1468 3185 1518 3229 τί
1547 3183 1597 3230 δὲ
1626 3178 1678 3241 δὴ
1708 3182 1830 3227 UBT
1918 3179 2013 3242 ἀρά
2042 3200 2098 3243 γε
2130 3184 2215 3230 οὐν
2246 3183 2296 3226 Μ

263 3262 287 3301 7
318 3253 376 3304 τὸ
410 3270 495 3302 om.
527 3257 608 3301 UT
686 3260 733 3300 11
769 3253 892 3314 ἔχειν
923 3257 1009 3303 οὐν
1038 3256 1087 3300 Μ
1202 3251 1448 3314 προστάξῃ
1478 3253 1559 3299 UB
1646 3247 1794 3300 ταύτὰ
1817 3253 1991 3298 Selden.
2112 3257 2161 3298 12
2193 3262 2352 3311 φανεῖ-

262 3346 339 3376 ται
370 3329 503 3373 Dind.
651 3326 901 3387 ξυμφέρειν
931 3326 969 3370 Τ
1148 3328 1197 3369 13
1227 3320 1347 3373 ἀλλὰ
1381 3317 1508 3371 οὕτω
1538 3327 1649 3383 περὶ
1680 3315 1797 3370 ὅτου
1826 3324 1875 3367 Μ
2024 3326 2276 3383 καταβαλῆ
2305 3323 2354 3368 Μ

260 3400 558 3460 καταβάλλοι
590 3398 628 3442 Τ
720 3402 770 3442 14
799 3398 902 3444 ἐστι
931 3397 969 3440 Τ
1058 3391 1234 3444 οὐκοῦν
1264 3395 1303 3440 Τ
1391 3389 1471 3442 ἐπ’
1502 3393 1771 3455 ἐλευθέρων
1799 3394 1881 3441 UB
1977 3399 2024 3440 16
2056 3389 2218 3442 αὐτῶν
2246 3395 2298 3440 Μ

266 3476 314 3515 17
347 3472 465 3518 εἰσιν
494 3483 551 3515 ex
579 3465 685 3529 ἧσιν
715 3482 828 3514 corr.
859 3469 903 3514 U
1019 3464 1178 3514 αὐτῶν
1206 3466 1352 3521 Dind.‚
1384 3461 1541 3513 αὑτῶν
1569 3465 1672 3510 libri
1817 3469 1867 3510 18
1898 3459 2008 3512 ἀλλ’
2041 3457 2117 3513 ὅτι
2147 3465 2270 3511 UBT

266 3546 315 3587 19
346 3541 446 3589 ἐστι
476 3543 514 3586 Τ
602 3543 650 3587 τί
679 3543 752 3587 δαὶ
782 3540 904 3585 UBT
993 3542 1046 3583 20
1078 3533 1251 3591 αὐτοὺς
1279 3550 1361 3594 pro
1391 3533 1502 3591 τοὺς
1531 3537 1580 3580 Μ
1669 3531 1725 3583 οὖ
1755 3549 1841 3582 om.
1874 3536 1995 3582 UBT
2090 3536 2178 3583 εἰσι
2209 3535 2288 3581 UB

261 3616 311 3657 21
345 3611 405 3661 τὰ
434 3614 482 3660 δὲ
512 3626 594 3670 pro
624 3613 672 3658 τί
701 3611 749 3658 δὲ
780 3611 819 3655 U
934 3613 988 3653 22
1017 3605 1276 3668 βούλονται
1307 3608 1355 3652 Μ
1497 3611 1552 3652 24
1581 3607 1705 3666 λέγει
1737 3606 1775 3651 Τ
1919 3611 1970 3652 27
2005 3605 2062 3654 οὐ
2091 3606 2143 3666 δὴ
2176 3606 2350 3663 scripsi,

262 3677 367 3731 οὐδ’
397 3684 519 3741 libri3
553 3677 661 3730 οὔτ’
692 3681 854 3737 Pfiugk
943 3674 1050 3727 οὐδὲ
1080 3678 1159 3724 UB
1191 3671 1297 3726 οὐδ’
1326 3676 1404 3725 ἐπὶ
1433 3677 1484 3723 Μ
1513 3678 1682 3735 (priore
1709 3678 1829 3731 loco)
1937 3681 1991 3723 29
2022 3675 2200 3733 ἔξεστιν
2229 3676 2271 3722 U

262 3756 317 3797 30
347 3748 509 3808 αὐτοῖς
538 3754 588 3797 Μ
703 3747 769 3807 ὡς
798 3744 884 3799 ἅτε
914 3751 994 3796 UT
