2684 4140
432 261 476 304 X
1287 245 1653 292 PRAEFATIO.

574 401 657 457 10)
695 397 764 446 Ec
803 394 1065 463 φθαρτὸς
1105 393 1136 440 ὁ
1171 392 1383 455 κόσμος
1419 403 1472 455 p.
1514 389 1635 454 328,
1665 389 1732 439 26
1771 386 1966 451 (Suid.)

571 481 654 540 11)
688 473 984 544 Ἐγκώμιον
1016 468 1348 542 εΗρακλεόυς
1389 474 1484 523 καὶ
1519 470 1831 534 Πλάτωνος
1868 489 1921 541 p.
1952 473 2071 540 328,
2100 475 2167 525 27
2206 473 2398 538 (Suid.)

571 562 655 622 12)
689 552 852 627 <Υπὲρ
886 550 1124 628 Ὁμήρου
1164 559 1310 625 πρὸς
1346 554 1630 608 Πλάτωνα
1672 552 1734 608 δ’
1773 574 1824 626 p.
1865 558 1985 625 328,
2015 560 2083 610 27
2123 558 2316 622 (Suid.)

568 645 652 705 13)
690 645 835 711 Περὶ
871 648 982 693 τῶν
1014 633 1382 710 Ἀλεξάνδρου
1422 643 1636 709 ἀρετῶν
1673 641 1733 712 η’
1775 659 1828 710 p.
1869 644 1989 710 328,
2019 645 2084 696 28
2124 642 2316 706 (Suid.)

566 729 650 789 14)
684 722 1014 778 Ἐπιστολαί
1059 725 1344 779 laudantur
1391 741 1425 779 a
1474 725 1725 781 Philostr.
1752 728 1806 780 II
1842 745 1894 797 p.
1924 731 2026 781 257
2068 729 2152 783 ed.
2180 730 2376 799 Kays.:
2424 732 2521 782 τὸν

759 809 1121 862 ἑπιστολικὸν
1154 819 1477 883 χαρακτῆρα
1527 819 1630 863 τοῦ
1678 810 1840 881 λόγου
1888 816 2029 880 μετὰ
2068 817 2200 877 τοὺς
2239 813 2522 877 παλαιοὺς

760 895 966 966 ἄριστά
1003 914 1104 963 μοι
1144 895 1373 948 δοκοῦσι
1413 895 1759 967 διεσκέφθαι
1799 896 2139 969 φιλοσόφων
2176 902 2277 966 μὲν
2317 902 2347 950 ὁ
2378 904 2520 953 Τυα-

729 985 882 1044 .νεύς
919 985 1013 1034 καὶ
1049 984 1223 1047 Δίων,
1267 989 1590 1053 στρατηγῶν
1631 981 1689 1034 δὲ
1727 985 1979 1051 Βροῦτος
2018 988 2118 1037 eto.
2159 999 2292 1051 quas
2332 1000 2361 1037 e
2399 984 2517 1038 cod.

756 1065 1117 1121 Ottoboniano
1164 1066 1336 1121 edidit
1382 1067 1666 1136 Emperius
1704 1067 1822 1120 Vol.
1862 1067 1914 1119 ΙΙ
1951 1083 2003 1134 p.
2032 1068 2134 1119 785
2187 1068 2377 1122 Dionis
2414 1085 2520 1122 non

756 1167 874 1206 esse
910 1168 1223 1221 persuasum
1252 1151 1452 1221 habeo;
1490 1153 1648 1206 tertia
1673 1153 1811 1206 inter
1841 1144 2167 1223 Ἡρακλείου
2206 1149 2517 1216 ἐπιστολάς

759 1237 925 1291 fertur
961 1238 1016 1291 in
1054 1237 1408 1292 Ambrosiano
1446 1238 1511 1289 A
1542 1241 1640 1290 110
1680 1254 1750 1292 so.
1779 1237 1908 1290 XVI
1945 1238 2036 1292 fol.
2066 1240 2148 1291 65.

560 1334 872 1390 Scribebam
912 1336 1189 1392 Rostoohii
1227 1337 1385 1391 Febr.
1423 1336 1858 1392 MDCCCXOVI.

649 1971 1163 2034 EPIMETRUM
1209 1971 1328 2034 DE
1378 1970 1744 2035 SOHEDIS
1791 1971 2280 2035 PATMIAGIS.

557 2155 688 2210 Cum
710 2156 1098 2224 praefationem
1118 2157 1269 2225 prelo
1290 2157 1397 2210 iam
1417 2156 1759 2211 tradidissem
1778 2174 1812 2211 a
1831 2175 1881 2212 v.
1897 2157 1948 2211 d.
1971 2157 2259 2212 Francisoo
2282 2156 2513 2211 Cumont

415 2241 608 2294 certior
646 2241 816 2294 faetus
855 2258 971 2295 sum
1000 2242 1068 2295 de
1095 2241 1309 2296 schedis
1338 2242 1627 2296 Patmiaois
1657 2243 1832 2304 (catal.
1861 2242 2064 2296 Sakell.
2098 2259 2173 2294 nr.
2208 2243 2290 2306 13)
2322 2242 2512 2296 Dionis

414 2343 448 2379 a
486 2327 601 2380 viro
641 2325 951 2380 doctissimo
990 2327 1138 2381 Leon
1176 2328 1509 2382 Parmentier
1546 2344 1717 2396 nuper
1756 2328 1983 2382 collatis.
2058 2328 2112 2381 Is
2151 2328 2313 2395 igitur
2348 2327 2510 2381 oolla-

412 2412 571 2466 tionis
610 2427 741 2466 suae
778 2416 831 2465 et
858 2411 1245 2467 dissertationis
1271 2413 1512 2476 (Notioes
1545 2430 1634 2467 sur
1659 2414 1919 2482 quelques
1945 2413 2263 2467 manuscrits
2291 2412 2358 2466 de
2387 2413 2510 2466 Pat-

412 2513 530 2550 mos
568 2497 593 2549 I
631 2497 946 2565 Fragments
985 2497 1054 2552 de
1082 2497 1221 2551 Dion
1260 2497 1642 2566 Chrysostome
1680 2499 1865 2552 Revue
1904 2498 1972 2552 de
2012 2497 2314 2565 Philologie
2355 2499 2513 2560 1896)

412 2581 648 2635 nondum
695 2582 751 2634 in
798 2582 1072 2650 publicum
1122 2584 1349 2638 emissae
1410 2584 1658 2651 plagulas
1719 2584 1950 2651 benigne
2011 2582 2144 2636 mihi
2204 2583 2512 2636 transmisit.

413 2663 589 2729 Quare
629 2672 841 2720 cautum
881 2673 985 2735 est,
1033 2685 1101 2722 ne
1150 2674 1439 2737 apparatus
1490 2671 1703 2724 criticus
1743 2669 1897 2724 huius
1938 2669 2188 2723 editionis
2226 2669 2351 2722 libri
2400 2685 2512 2722 om-

410 2752 558 2804 nium
596 2753 687 2819 qui
727 2758 937 2807 exstant
973 2755 1329 2822 antiquissimi
1367 2755 1597 2808 lectione
1625 2760 1857 2823 careret3
1896 2770 2035 2822 quae
2074 2769 2399 2822 quamquam
2439 2753 2511 2806 ad

413 2837 579 2890 verba
618 2838 808 2892 Dionis
846 2839 1174 2894 recensenda
1210 2857 1316 2893 non
1356 2856 1605 2908 magnam
1644 2839 1802 2894 affert
1850 2840 2164 2907 utilitatem,
2213 2837 2377 2892 habet
2414 2838 2510 2890 ali-

412 2922 542 2991 quid
580 2924 833 2977 momenti
871 2923 942 2977 ad
980 2925 1402 2980 necessitudines
1441 2931 1739 2980 ceterorum
1788 2925 2044 2978 librorum
2088 2920 2509 2993 perspiciendas.

557 3008 883 3077 Fragmenta
908 3010 1186 3064 Patmiaoa
1212 3012 1412 3079 scripta
1448 3011 1699 3064 videntur
1736 3015 1872 3064 teste
1899 3010 2234 3063 Parmeutier
2272 3022 2411 3060 saec.
2439 3005 2508 3058 X.

414 3091 662 3160 Quinque
700 3094 844 3148 foliis
883 3095 1217 3149 eontinentur
1257 3102 1437 3164 partes
1465 3095 1730 3164 quaedam
1757 3096 2054 3149 orationum
2075 3094 2154 3148 III
2180 3097 2233 3147 et
2258 3092 2331 3145 IV
2361 3093 2512 3160 (περὶ

412 3176 744 3243 βασιλείας).
827 3180 908 3233 Ao
957 3181 1186 3248 primum
1235 3181 1452 3249 quidem
1502 3182 1676 3249 ipsam
1727 3181 1931 3234 variam
1979 3180 2263 3234 lectionem
2309 3193 2344 3230 a
2391 3176 2510 3231 viro

414 3261 570 3315 dooto
610 3268 877 3316 enotatam
917 3281 1175 3333 propono.

557 3347 673 3400 Fol.
700 3348 740 3399 Ι.
770 3349 1005 3402 continet
1029 3351 1197 3403 verba
1223 3351 1339 3405 Vol.
1362 3351 1404 3405 I.
1430 3369 1485 3421 p.
1514 3354 1597 3419 50,
1630 3354 1694 3404 14
1722 3380 1791 3388 --
1813 3349 2088 3422 φροὸίσια
2128 3355 2301 3401 ταῦτα
2340 3361 2508 3412 usque
2582 3414 2602 3425 χ

413 3429 484 3484 ad
521 3447 572 3499 p.
603 3433 688 3499 52,
720 3435 783 3486 13
823 3431 1112 3499 πολλαχοῦ
1149 3434 1206 3486 δὲ
1244 3439 1338 3487 καὶ
1374 3464 1443 3473 -—

557 3532 608 3583 p.
651 3519 735 3584 50,
769 3520 831 3569 15
870 3520 1085 3585 γίνεται
1231 3522 1299 3572 22
1338 3529 1571 3573 νοσοῦσι
1716 3520 1846 3574 ibid.
1895 3522 1989 3571 καὶ
2028 3515 2300 3588 φυλάττει
2337 3529 2434 3581 pro
2474 3513 2503 3581 ἢ

491 3598 873 3671 συμφυλάττει
968 3605 1035 3654 24
1075 3619 1176 3656 om.
1204 3606 1306 3674 γὰρ
1400 3608 1467 3658 25
1504 3608 1644 3672 μετὰ
1671 3622 1769 3674 pro
1802 3604 1927 3670 δίχα
2020 3600 2150 3655 ibid.
2180 3616 2280 3653 om.
2323 3599 2418 3649 οὐκ

488 3687 554 3736 27
594 3683 838 3751 νομίζειν
877 3695 1134 3739 τοιοῦτον
1174 3688 1295 3751 (hoo
1322 3690 1461 3757 ord.)
1572 3692 1638 3743 28
1679 3706 1781 3744 om.
1821 3693 1852 3758 ἡ
1947 3688 2014 3738 29
2052 3692 2162 3737 τῶν
2205 3681 2505 3752 συνηδομέ-
