2684 4140
12 1515 90 1590 (551
110 1551 162 1594 Μ)
236 1572 238 1574 ·

1037 302 1265 352 ORATIO
1294 301 1394 347 LII.
2156 301 2259 350 107

182 445 527 516 Φιλοκτήτην
573 449 666 498 καὶ
717 449 772 498 οἱ
820 445 1000 515 λόγοι,
1053 441 1132 498 δι’
1176 446 1252 499 ὧν
1304 450 1690 518 προσηγάγετο
1743 439 1934 510 αὐτόν,
1990 440 2052 496 οὐ
2091 450 2263 513 μόνον

180 524 690 601 εὐσχημονέστεροι,
718 526 844 600 [καὶ]
864 534 1006 602 ἥρωι
1027 537 1357 601 πρέποντες,
1387 524 1508 582 ἀλλ’
1536 534 1631 583 οὐκ
1651 525 1971 600 Εὐρυβάτου
1991 533 2023 602 ἢ
2046 533 2265 583 Παται-

180 604 396 679 κίωνος,
436 609 582 679 ἀλλ’,
623 618 699 678 ὡς
731 618 857 682 ἐμοὶ
883 615 1124 680 δοκοῦσι,
1161 619 1255 669 καὶ
1280 618 1689 685 πιθανώτεροι.
1753 617 1810 666 τί
1845 616 1948 685 γὰρ
1988 614 2105 667 ἔδει
2130 632 2259 667 ποι·
2284 617 2347 668 10

179 698 337 769 κίλης
374 704 565 770 τέχνης
599 703 693 752 καὶ
727 699 1032 773 ἐπιβουλῆς
1070 704 1214 770 πρὸς
1252 700 1427 771 ἄνδρα
1466 707 1767 764 νοσοῦντα,
1820 702 1915 752 καὶ
1961 706 2135 751 ταῦτα
2173 717 2263 751 το-

125 791 150 831 5
188 781 370 853 ξότην,
410 777 456 851 ᾦ
493 784 552 835 εἴ
580 802 668 847 τις
701 784 875 851 μόνον
912 788 1069 853 ἐγγύς
1107 790 1387 856 παρέστη,
1439 787 1660 855 ἀχρεῖος
1696 789 1728 853 ἡ
1767 782 1901 854 ἀλκή
1944 777 2117 835 αὐτοῦ
2151 787 2265 852 ἐγε-Δ

182 870 364 934 γόνει,·
409 871 502 919 καὶ
538 871 601 919 τὸ
641 867 1009 937 ἀπαγγέλλειν
1049 868 1107 920 δὲ
1146 871 1247 931 τὰς
1284 877 1395 921 τῶν
1426 864 1667 934 Ἀχαιῶν
1708 869 2004 939 συμφοράς
2039 871 2133 920 καὶ
2169 871 2265 919 τὸν

141 1019 156 1022 Δ,
179 945 562 1019 Ἀγαμέμνονα
611 955 922 1023 τεθνηκότα
971 956 1064 1005 καὶ
1110 957 1207 1005 τὸν
1240 948 1509 1005 Ὀδυσσέα
1560 947 1659 1004 ἐπ’
1716 955 1872 1021 αἰτίᾳ
1922 955 1999 1014 ὡς
2049 953 2168 1004 οἷόν
2207 970 2266 1004 τε

187 1038 449 1107 αἰσχίστῃ
488 1040 582 1089 καὶ
617 1037 868 1089 καθόλου
907 1042 970 1089 τὸ
1011 1041 1325 1107 στράτευμα
1367 1037 1792 1109 διεφθαρμένον
1832 1039 1894 1087 οὐ
1932 1040 2104 1102 μόνον
2137 1039 2268 1107 χρή-

190 1134 385 1186 σιμον,
442 1124 584 1174 ὥστε
623 1126 893 1193 εὐφρᾶναι
928 1125 1024 1173 τὸν
1066 1121 1413 1193 Φιλοκτήτην
1449 1124 1544 1173 καὶ
1581 1120 2020 1191 προσδέξασθαι
2055 1120 2269 1187 μᾶλλον

105 1210 161 1277 10-
189 1207 287 1271 τήν
325 1212 428 1255 τοῦ
456 1199 766 1267 Ὀδυσσέως
805 1204 1056 1271 ὁμιλίαν,
1108 1198 1231 1256 ἀλλ’
1277 1198 1398 1256 οὐδ’
1444 1206 1709 1256 ἀπίθανα
1747 1207 1962 1274 τρόπον
2004 1207 2128 1256 τινὰ
2176 1203 2269 1256 διὰ

189 1291 255 1339 τὸ
294 1297 469 1360 μῆκος
506 1297 603 1360 τῆς
643 1291 937 1359 στρατείας
981 1291 1075 1340 καὶ
1122 1288 1216 1340 διὰ
1265 1291 1334 1340 τοὶ
1377 1291 1768 1359 συμβεβηκότα
1809 1290 1872 1339 οὐ
1913 1286 2095 1339 πάλαι
2131 1290 2271 1339 κατὰ

185 1376 284 1444 τήν
312 1376 477 1445 ὀργήν
502 1380 605 1424 τοῦ
622 1367 931 1439 Ἀχιλλέως,
972 1367 1076 1424 ὅθ’
1094 1368 1302 1444 Ἕκτωρ
1331 1375 1488 1443 παρὰ
1519 1376 1752 1443 σμικρὸν
1778 1370 1955 1444 ἦλθεν
1983 1375 2274 1444 ἐμπρῆσαι

185 1461 283 1509 τὸν
320 1459 700 1523 ναύσταθμον.
2285 1469 2287 1471 ’

334 1544 365 1611 ή
403 1559 462 1592 τε
501 1548 603 1592 τοῦ
636 1540 947 1612 Εὐριπίδου
989 1545 1211 1605 σύνεσις
1246 1545 1340 1594 καὶ
1377 1545 1510 1613 περὶ
1547 1546 1733 1594 πάντα
1772 1541 2086 1609 ἐπιμέλεια,
2128 1545 2271 1595 ὥστε
2296 1548 2355 1597 11

104 1636 155 1698 ¹⁵.
187 1628 325 1696 μήτε
363 1627 654 1678 ἀπίθανόν
691 1645 748 1678 τι
782 1630 875 1678 καὶ
912 1626 1377 1699 παρημελημένον
1403 1631 1568 1681 ἐᾶσαι
1591 1631 1730 1700 μήτε
1757 1627 1955 1691 ἁπλῶς
1981 1633 2103 1690 τοῖς
2130 1631 2273 1697 πρά-

146 1748 150 1751 ·
186 1723 361 1777 γμασι
393 1712 664 1781 χρῆσθαι,
705 1709 845 1777 ἀλλὰ
882 1713 1023 1778 μετὰ
1062 1715 1252 1783 πάσης
1289 1713 1467 1781 ἐντῷ
1503 1715 1687 1765 εἰπεῖν
1727 1711 2040 1779 δυνάμεως,
2081 1715 2272 1782 ὥσπερ

0 1802 163 1852 nnn)
187 1796 564 1866 ἀντίστροφός
612 1798 735 1848 ἐστι
781 1804 850 1867 τῇ
899 1804 1002 1848 τοῦ
1036 1796 1328 1864 Αἰσχύλου
1357 1795 1413 1862 *,
1464 1797 1882 1869 πολιτικωτάτη
1921 1801 2018 1851 καὶ
2051 1802 2274 1869 ῥητορι-

0 2050 3 2111 ἱ

0 2114 3 2155 ι

183 1882 401 1950 κωτάτη
444 1881 583 1932 οὖσα
620 1884 714 1933 καὶ
750 1886 871 1944 τοῖς
909 1885 1301 1951 ἐντυγχάνουσι
1340 1881 1611 1954 πλείστην
1640 1882 1920 1955 ὠφέλειαν
1960 1888 2274 1953 παρασχεῖν

187 1962 476 2036 δυναμένη.
561 1968 733 2029 εὐθὺς
769 1974 899 2035 γοῦν
948 1971 1264 2039 πεποίηται
1313 1966 1664 2039 προλογίζων
1713 1963 1863 2037 αὐτῷ
1916 1971 1947 2020 o‘
1977 1960 2275 2030 Ὀδυσσεύς

105 2059 166 2121 20
190 2043 319 2118 [καὶ]
349 2048 490 2101 ἄλλα
517 2069 578 2102 τε
601 2053 970 2123 ἐνθυμήματα
998 2052 1263 2105 πολιτικοὶ
1305 2059 1564 2125 στρέφων
1602 2057 1659 2105 ἐν
1699 2053 1879 2122 ἐαυτῷ
1917 2056 2012 2105 καὶ
2050 2055 2276 2123 πρῶτόν

186 2151 247 2202 γε
298 2133 589 2206 διαπορῶν
626 2139 768 2207 ὑπὲρ
809 2139 1004 2201 αὐτοῦ,
1052 2141 1125 2209 μή
1184 2141 1292 2209 ἄρα
1334 2138 1469 2209 δοκῇ
1505 2141 1606 2206 μὲν
1645 2143 1767 2200 τοῖς
1817 2136 2055 2200 πολλοῖς
2097 2140 2277 2207 σοφός

184 2237 272 2281 τις
309 2219 455 2271 εἶναι
499 2223 593 2273 καὶ
641 2220 927 2294 διαφέρων
964 2226 1063 2295 τήν
1103 2226 1351 2289 σύνεσιν,
1400 2211 1436 2294 ᾗ
1475 2223 1534 2276 δὲ
1585 2226 1926 2276 τούναντίον.
2003 2221 2128 2286 ἐξὸν
2165 2223 2268 2291 γὰρ
2297 2225 2360 2276 12

188 2304 337 2372 αὐτῷ
375 2303 607 2369 ἀλύπως
643 2310 736 2359 καὶ
773 2310 1151 2378 ἀπραγμόνως
1189 2307 1299 2382 ζῆν,
1341 2313 1372 2361 ὁ
1399 2309 1457 2361 δὲ
1486 2312 1624 2362 ἑκὼν
1651 2312 1741 2362 ἀεὶ
1778 2313 1836 2362 ἐν
1866 2312 2161 2380 πράγμασι
2186 2308 2280 2358 καὶ

187 2388 467 2452 κινδύνοις
491 2393 751 2459 γίγνεται.
815 2396 1015 2445 τούτου
1044 2393 1106 2446 δέ
1145 2410 1319 2466 φησιν
1359 2395 1542 2447 αἴτιον
1584 2395 1731 2447 εἶναι
1769 2397 1867 2466 τήν
1906 2402 2018 2446 τῶν
2058 2395 2280 2464 εὐφυῶν

114 2483 164 2524 25
199 2476 293 2525 καὶ
339 2477 605 2542 γενναίων
655 2475 871 2547 ἀνδρῶν
924 2477 1270 2550 φιλοτιμίαν.
1359 2479 1525 2551 δόξης
1560 2482 1663 2549 γὰρ
1715 2482 1938 2551 ἀγαθῆς
1989 2483 2281 2551 ἐφιέμενοι

194 2561 287 2610 καὶ
323 2567 426 2610 τοῦ
459 2559 697 2623 εὐκλεεῖς
735 2565 891 2633 παρὰ
930 2572 1108 2617 πᾶσιν
1134 2567 1472 2636 ἀνθρώποις
1499 2566 1646 2618 εἶναι
1673 2568 1971 2634 μεγίστους
1995 2568 2090 2616 καὶ
2120 2562 2281 2630 χαλε-

197 2647 495 2706 πωτάτους
532 2649 748 2710 ἑκόντες
785 2652 995 2712 πόνους
1032 2653 1402 2721 ὑφίστανται·

536 2729 694 2784 οὐδὲν
731 2736 833 2804 γὰρ
875 2737 1018 2786 οὕτω
1057 2743 1260 2806 γαῦρον
1299 2740 1376 2799 ὡς
1414 2739 1550 2807 ἀνὴρ
1591 2738 1713 2807 ἔφυ.

198 2814 396 2864 ἔπειτα
438 2823 636 2885 σαφῶς
671 2821 764 2870 καὶ
801 2821 1044 2890 ἀκριβῶς
1084 2819 1253 2890 δηλοῖ
1263 2824 1379 2893 ,τὴν
1410 2829 1514 2873 τοῦ
1550 2819 1834 2891 δράματος
1869 2822 2153 2871 ὑπόθεσιν
2192 2822 2284 2870 καὶ

342 3062 367 3102 2
389 3052 803 3116 ἀσχημονέστερον
822 3057 911 3100 ΒΜ
932 3052 1368 3115 εὐσχημονέστερον
1384 3055 1423 3100 U
1440 3056 1677 3100 lectionem
1697 3055 1813 3110 vulg.
1835 3054 2021 3110 praebet
2040 3067 2146 3109 mrg.
2170 3053 2210 3098 U

201 3131 282 3174 καὶ
310 3141 396 3173 om.
427 3127 558 3172 UBM
673 3122 936 3186 εὐρυβάτου
965 3127 1054 3170 ΒΜ
1083 3123 1321 3185 ερυβάτου
1349 3125 1389 3169 U
1422 3128 1576 3181 (supra
1607 3141 1663 3170 ov
1693 3124 1912 3181 scriptum
1943 3128 2014 3178 ωι)
2053 3119 2288 3183 εὐρυβάτη

203 3199 246 3242 Η
275 3193 508 3256 εὐρυβάτῃ
527 3198 564 3241 Ρ
665 3199 988 3249 παταικίωνος
1009 3196 1096 3241 MU
1113 3210 1172 3241 m.
1195 3210 1261 3252 pr.
1292 3196 1605 3249 παταικίονος
1624 3195 1661 3237 Β
1692 3194 1964 3240 παταικίονι
1996 3207 2109 3239 corr.
2130 3194 2170 3239 U
2201 3211 2285 3241 πα·

204 3270 418 3315 ταικίωνι
437 3268 518 3311 ΡΗ
605 3274 630 3311 3
660 3271 740 3313 καὶ
771 3281 855 3314 om.
875 3266 965 3309 ΒΜ
984 3280 1042 3312 m.
1063 3280 1131 3323 pr.
1163 3266 1203 3311 U
1224 3280 1280 3310 m.
1310 3279 1379 3323 pr.
1477 3261 1529 3323 δὴ
1562 3266 1611 3309 Μ
1641 3268 1711 3311 δεῖ
1739 3266 1889 3317 ceteri,
1921 3279 2035 3310 corr.
2067 3265 2200 3322 Emp.

207 3344 231 3384 5
263 3335 328 3393 ὡς
356 3352 438 3395 pro
471 3330 510 3400 ᾦ
540 3338 669 3382 UBM
800 3342 822 3380 7
857 3334 922 3391 ὡς
952 3334 1136 3383 οἴονται
1165 3337 1296 3382 UBM
1442 3340 1467 3380 9
1499 3330 1821 3395 εὐφρανθῆναι
1853 3335 2003 3380 Gasda
2123 3339 2173 3380 12
2205 3331 2290 3394 τὴν

203 3414 291 3457 τοῦ
319 3410 368 3453 Μ
485 3403 567 3455 ὅτε
598 3409 646 3451 Μ
678 3401 797 3454 ὅταν
826 3409 906 3452 ΡΗ
1046 3404 1220 3465 μικρὸν
1250 3408 1335 3451 MP
1482 3411 1534 3451 13
1564 3405 1622 3454 τὸ
1655 3406 1749 3450 ΜΗ
1777 3419 1836 3451 m.
1866 3419 1935 3462 pr.
2071 3411 2121 3451 15
2154 3400 2288 3453 οἴπεί-

205 3478 361 3527 θανόν
393 3498 435 3526 τι
466 3479 506 3524 U
539 3493 595 3524 m.
626 3493 694 3535 pr.
725 3474 1040 3526 ἀποθανόντι.
1060 3479 1106 3522 Μ
1138 3473 1454 3525 ἀποθανόντα
1485 3477 1565 3521 PH
1653 3481 1703 3521 17
1738 3473 1972 3535 Αἰσχύλου
2000 3471 2291 3536 <ἆπλότητι>

203 3552 369 3596 Reiske
485 3555 536 3595 18
569 3546 685 3607 οὔσῃ
716 3550 751 3593 Ρ
899 3553 949 3593 19
983 3541 1068 3595 οὐν
1096 3550 1134 3593 Β
1271 3544 1296 3594 ὃ
1328 3562 1415 3594 om.
1447 3548 1482 3592 P
1596 3550 1677 3594 καὶ
1706 3547 1792 3593 del.
1824 3546 1932 3591 Wil.
2059 3551 2109 3591 21
2144 3542 2290 3593 αὐτοῦ

203 3622 324 3666 PHU
355 3635 409 3665 m.
431 3635 499 3678 pr.
587 3625 719 3668 δοκεῖ
737 3621 774 3664 Β
806 3623 936 3678 δοκῆι
967 3620 1062 3675 (sed
1089 3622 1119 3677 ἧ
1147 3632 1175 3663 a
1205 3622 1335 3673 corr.)
1364 3618 1405 3664 U
1505 3633 1734 3678 σοφιστης
1763 3614 1883 3664 εἶναι
1915 3616 1994 3661 PH
2109 3620 2161 3661 22
2191 3610 2221 3675 ἦ
2250 3618 2293 3661 Η

205 3688 235 3750 ἢ
263 3693 301 3736 Β
330 3687 356 3750 ἦ
387 3692 436 3736 Μ
580 3695 632 3736 23
664 3685 855 3745 ἀλύπως
885 3685 1014 3751 αὐτῷ
1041 3690 1297 3747 transponit
1326 3690 1361 3734 P
1505 3694 1559 3734 24
1588 3690 1769 3748 γίνεται
1799 3687 1922 3733 PHU
2082 3691 2223 3747 φησὶν
2253 3688 2293 3732 U

203 3762 302 3816 (sed
331 3781 358 3821 η
385 3763 434 3807 in
463 3775 623 3808 rasura
651 3775 679 3806 a.
709 3767 840 3815 corr.)
999 3765 1052 3805 28
1085 3753 1237 3814 οὕτως
1267 3760 1306 3805 U
1450 3756 1538 3820 ἔφη
1568 3759 1609 3804 U
1638 3773 1696 3803 m.
1725 3771 1795 3816 pr.
1827 3752 2014 3817 (εὐφυὴς
2045 3758 2292 3814 corrector)
