2684 4140
898 595 1466 676 APPENDIX
1521 597 1628 675 II.

813 760 1348 816 FRAGMENTA
1395 759 1711 817 moms.

219 897 307 950 (De
346 895 514 942 Geticis
552 900 597 941 et
636 896 692 941 de
728 898 854 943 libris
894 897 1163 955 deperditis,
1202 910 1388 955 quorum
1428 910 1521 944 non
1559 903 1737 944 exstant
1774 899 2024 956 fragmenta
2066 903 2126 948 cf.
2155 902 2304 957 praef.

1054 970 1189 1014 huius
1219 969 1469 1024 voluminis)

570 1167 612 1220 I.
688 1163 835 1221 Stob.
874 1165 1016 1221 Flor.
1059 1166 1158 1221 VII
1195 1170 1263 1222 28
1300 1168 1481 1223 Hense
1519 1169 1641 1232 (VII
1676 1171 1743 1222 29
1768 1168 1944 1231 Mein.)

213 1259 300 1317 Ἕκ
337 1272 448 1317 τῶν
482 1267 710 1326 Δίωνος
745 1267 1001 1335 Χρειῶν·

357 1352 623 1401 Λάκαινα
660 1352 790 1420 γυνὴ
831 1356 934 1399 τοῦ
966 1351 1096 1400 υἱοῦ
1131 1351 1299 1420 αὐτῆς
1347 1353 1405 1402 ἐν
1456 1349 1772 1420 παρατάξει
1804 1350 2177 1417 χωλωθέντος
2211 1356 2309 1406 καὶ

216 1433 634 1505 δυσφοροῦντος
671 1436 771 1485 ἐπὶ
806 1436 1003 1502 τούτῳ,
1043 1437 1143 1505 Μὴ
1173 1433 1368 1500 λυποῦ,
1406 1440 1613 1500 τέκνον,
1653 1436 1838 1488 εἶπεν·
1888 1431 2029 1488 καθ’
2072 1440 2302 1489 ἕκαστον

215 1521 318 1588 γὰρ
360 1520 511 1589 βῆμα
551 1525 651 1588 τῆς
690 1516 842 1580 ἰδίας
882 1520 1081 1590 ἀρετῆς
1117 1521 1552 1591 ὑπομνησθήσῃ.

619 1615 687 1669 Π.
764 1616 913 1670 Stob.
952 1617 1096 1671 Flor.
1135 1617 1269 1670 XIII
1306 1621 1373 1670 42
1412 1618 1478 1672 H.
1518 1619 1670 1680 (XIII
1707 1621 1775 1670 24
1813 1619 1904 1682 Μ.)

210 1680 296 1752 Ἐκ
335 1708 446 1753 τῶν
482 1703 707 1764 Δίωνος
742 1704 997 1772 Χρειῶν·
2338 1715 2362 1754 5

363 1788 477 1856 Τὴν
514 1788 845 1855 ἐπιτίμησιν
883 1788 914 1836 ὁ
948 1788 1221 1857 Διογένης
1260 1785 1553 1857 ἀλλότριον
1592 1789 1810 1856 ἀγαθὸν
1848 1786 2029 1856 ἔλεγεν
2066 1789 2226 1841 εἶναι.

704 1884 798 1938 111.
870 1884 1019 1939 Stob.
1059 1886 1201 1940 Flor.
1239 1885 1473 1940 XXXIV
1517 1890 1579 1938 16
1617 1887 1684 1939 Η.
1722 1887 1790 1940 Μ.

211 1963 293 2020 Ἐκ
330 1976 441 2020 τῶν
478 1970 702 2032 Δίωνος
739 1973 991 2040 Χρειῶν·

362 2057 487 2105 Τῶν
528 2057 805 2105 συνόντων
842 2073 930 2116 τις
965 2057 1268 2124 μειρακίων
1293 2058 1553 2123 Διογένει
1590 2059 1948 2126 ἐρωτώμενος
1983 2050 2088 2107 ὑπ’
2130 2057 2302 2107 αὐτοῦ

214 2141 455 2190 ἐσιώπα.
518 2141 549 2189 ό
587 2137 646 2190 δὲ
686 2141 812 2209 ἔφη,
855 2138 968 2190 Οὐκ
1006 2139 1116 2191 οἴει
1153 2147 1255 2191 τοῦ
1291 2142 1464 2191 αὐτοῦ
1501 2141 1648 2192 εἶναι
1685 2140 1896 2192 εἰδέναι
1922 2143 1957 2191 ἅ
1983 2158 2043 2192 τε
2083 2138 2298 2191 λεκτέον

210 2224 305 2274 καὶ
344 2226 487 2274 πότε
521 2225 616 2275 καὶ
651 2225 778 2275 τίνα
819 2229 1139 2294 σιωπητέον
1176 2226 1270 2276 καὶ
1307 2227 1452 2294 πρὸς
1490 2228 1648 2287 τίνα;
2339 2230 2386 2272 10

758 2322 848 2376 IV.
922 2321 1071 2378 Stob.
1110 2323 1253 2378 Flor.
1293 2322 1446 2377 XLII
1488 2326 1552 2376 12
1590 2323 1656 2377 H.
1697 2324 1765 2378 M.

211 2423 438 2484 Δίωνος
474 2424 534 2473 ἐκ
570 2430 674 2474 τοῦ
714 2423 1098 2490 Οἰκονομικοῦ.
1175 2423 1336 2485 (idem
1375 2425 1572 2478 lemma
1607 2425 1667 2477 fr.
1707 2425 1923 2488 V—IX)

347 2501 670 2577 Ἀρξόμεθα
711 2507 770 2560 δὲ
798 2510 914 2560 ἀπὸ
953 2516 1057 2560 τοῦ
1090 2508 1338 2576 μάλιστα
1378 2509 1731 2580 ὠφελοῦντος
1759 2513 1966 2562 οἰκίαν·
2005 2511 2089 2579 εἴη
2131 2505 2186 2562 δ’
2230 2513 2297 2562 ἂν

211 2598 377 2643 τοῦτο
416 2593 747 2663 ἐπιτίμησις
785 2591 1078 2666 διαβολῆς·
1126 2593 1359 2666 διαβολὴ
1409 2596 1513 2665 γὰρ
1560 2601 1742 2646 κακῶν
1781 2598 1845 2646 τὸ
1884 2594 2149 2659 ὀξύτατον
2188 2591 2297 2664 [καὶ

212 2674 691 2747 ἑπιβουλότατον].

811 2776 873 2830 V.
948 2777 1096 2832 Stob.
1136 2778 1279 2832 Flor.
1317 2777 1485 2845 LXII,
1526 2780 1594 2830 46
1630 2775 1699 2830 Μ.

209 2877 337 2946 Χρὴ
381 2875 475 2926 οὖν
516 2873 812 2939 δεσπόζειν
849 2879 1115 2939 ἐπιεικῶς
1150 2879 1245 2928 καὶ
1280 2874 1556 2946 ἀνεθῆναί
1592 2893 1733 2927 ποτε
1768 2874 2130 2943 βουλομένοις
2166 2879 2290 2928 ἐπι-
2331 2898 2381 2938 15

210 2964 455 3026 τρέπειν.
530 2962 591 3011 αἱ
625 2962 729 3030 γὰρ
770 2964 990 3023 ἀνέσεις
1027 2963 1549 3026 παρασκευαστικαὶ
1585 2963 1774 3011 πόνων
1812 2962 1952 3024 εἰσί,
1999 2963 2092 3012 καὶ
2127 2959 2289 3025 τόξον

208 3045 304 3095 καὶ
341 3042 478 3114 λύρα
514 3046 609 3096 καὶ
644 3047 958 3115 ἄνθρωπος
995 3041 1224 3111 ἀκμάζει
1266 3038 1344 3095 δι’
1387 3046 1774 3105 ἀναπαύσεως.

358 3196 374 3235 1
410 3192 469 3237 fr.
489 3192 514 3236 Ι
531 3193 727 3236 recurrit
744 3193 929 3238 Maxim.
949 3206 989 3238 c.
1010 3198 1039 3239 4
1057 3207 1104 3250 p.
1127 3197 1226 3238 542.
1276 3192 1532 3252 Διογένους
1559 3205 1643 3249 pro
1665 3195 1852 3247 Δίωνος
1880 3195 2019 3239 scribi
2046 3197 2142 3240 vult
2168 3194 2290 3243 Rose

209 3264 291 3310 Ar.
323 3275 391 3320 ps.
412 3276 456 3319 p.
478 3265 560 3307 612
593 3275 682 3318 qua.
710 3263 766 3307 de
792 3276 844 3308 re
873 3264 1030 3308 confer
1057 3265 1272 3309 Hensium
1301 3265 1359 3308 ad
1390 3264 1514 3310 Stob.
1545 3265 1628 3310 1.1.
1695 3265 1749 3308 In
1779 3264 1903 3310 Stob.
1933 3266 2036 3312 Ecl.
2065 3267 2109 3311 II
2137 3281 2183 3324 p.
2206 3270 2289 3312 316

208 3334 440 3379 Wachsm.
469 3332 524 3380 ἐκ
552 3338 651 3380 τῶν
675 3336 860 3388 Δίωνος
880 3336 1075 3394 Χρειῶν
1094 3335 1281 3380 affertur
1298 3336 1426 3380 locus
1446 3347 1503 3379 ex
1523 3349 1585 3381 or.
1607 3334 1782 3379 XXXII
1800 3338 1828 3392 ς
1849 3339 1873 3378 3
1897 3341 2115 3394 sumptus,
2143 3338 2299 3383 verbis-

209 3417 321 3450 sane
350 3417 441 3448 non
471 3417 709 3461 congruus.
768 3405 1009 3450 Probabile
1036 3406 1176 3461 igitur
1202 3407 1370 3465 χρείας
1399 3405 1539 3450 fuisse
1570 3419 1661 3451 non
1690 3419 1720 3450 a
1749 3406 1896 3450 Dione
1924 3407 2090 3462 editas,
2129 3408 2208 3452 sed
2234 3406 2291 3454 ἐκ

210 3479 310 3522 τῶν
341 3471 490 3523 αὐτοῦ
515 3476 958 3532 κατεσκευασμένας
1130 3481 1155 3520 5
1186 3476 1242 3521 fr.
1273 3476 1318 3519 II
1347 3476 1421 3520 hic
1451 3488 1629 3533 quoque
1658 3477 1913 3537 Διογένους
1941 3477 2084 3535 Rosc,
2121 3478 2200 3522 sed
2229 3479 2287 3521 cf.

211 3546 272 3590 ad
301 3546 358 3592 fr.
389 3547 413 3591 I
556 3551 578 3590 7
609 3547 666 3592 fr.
698 3546 765 3590 ΙΙΙ
795 3547 852 3590 cf.
883 3547 1034 3591 adnot.
1074 3549 1131 3591 ad
1161 3547 1217 3591 fr.
1247 3547 1271 3590 I
1300 3551 1344 3591 et
1372 3546 1415 3590 Π
1590 3552 1638 3591 11
1684 3547 1743 3593 fr.
1772 3548 1838 3593 IV
1877 3548 2205 3605 οἰκουμενικοῦ
2232 3551 2298 3600 A.

211 3617 318 3663 οἰκο
341 3618 371 3662 S
465 3621 511 3662 12
535 3612 783 3676 α’ρξόμεθα
806 3617 887 3662 SM
910 3611 1167 3676 ἀρξώμεθα
1188 3620 1230 3660 A
1333 3621 1383 3662 13
1404 3620 1568 3665 κακῶν
1587 3619 1764 3663 Mekler
1791 3632 1847 3664 ex
1866 3620 1912 3674 S,
1940 3614 2093 3664 κακὸν
2113 3618 2202 3661 ΜΛ

209 3683 267 3733 τὸ
304 3683 538 3742 ὀξύτατον
566 3702 650 3733 nec
681 3690 811 3745 plura
842 3688 930 3731 MA
960 3685 1263 3747 βουλότατον
1295 3694 1398 3745 post
1427 3691 1634 3734 lacunam
1664 3689 1721 3746 S,
1751 3690 1830 3734 sed
1858 3694 1922 3749 βο
1954 3694 1999 3733 et
2027 3694 2083 3735 λο
2112 3700 2141 3731 a
2169 3699 2293 3731 corr..
