<?xml version="1.0" encoding="UTF-8"?>
<!DOCTYPE html PUBLIC "-//W3C//DTD XHTML 1.0 Transitional//EN"
    "http://www.w3.org/TR/xhtml1/DTD/xhtml1-transitional.dtd">
<html xmlns="http://www.w3.org/1999/xhtml" xml:lang="en" lang="en">
 <head>
  <title>
</title>
<meta http-equiv="Content-Type" content="text/html;charset=utf-8" />
  <meta name='ocr-system' content='tesseract 3.04.00' />
  <meta name='ocr-capabilities' content='ocr_page ocr_carea ocr_par ocr_line ocrx_word'/>
</head>
<body>
  <div class='ocr_page' id='page_1' title='image "./dionisprusaensis02diocuoft_0253.png"; bbox 0 0 2684 4140; ppageno 0'>
   <div class='ocr_carea' id='block_1_1' title="bbox 0 2159 2326 2443">
    <p class='ocr_par' dir='ltr' id='par_1_1' title="bbox 0 2159 5 2186">
     <span class='ocr_line' id='line_1_1' title="bbox 0 2159 5 2186; baseline 0 0"><span class='ocrx_word' id='word_1_1' title='bbox 0 2159 5 2186; x_wconf 61' lang='lat' dir='ltr'><em>V</em></span> 
     </span>
    </p>

    <p class='ocr_par' dir='ltr' id='par_1_2' title="bbox 0 2192 2326 2358">
     <span class='ocr_line' id='line_1_2' title="bbox 0 2192 2325 2280; baseline 0.002 -33"><span class='ocrx_word' id='word_1_2' title='bbox 0 2208 211 2280; x_wconf 46' lang='grc' dir='ltr'><em>μ449ΒΠ)</em></span> <span class='ocrx_word' id='word_1_3' title='bbox 230 2199 574 2266; x_wconf 85' lang='grc' dir='ltr'><em>ἀνθρώπων,</em></span> <span class='ocrx_word' id='word_1_4' title='bbox 614 2202 672 2250; x_wconf 89' lang='grc' dir='ltr'><em>ἐν</em></span> <span class='ocrx_word' id='word_1_5' title='bbox 712 2192 758 2267; x_wconf 76' lang='grc' dir='ltr'><em>ᾧ</em></span> <span class='ocrx_word' id='word_1_6' title='bbox 792 2202 888 2250; x_wconf 78' lang='grc' dir='ltr'><em>οὐκ</em></span> <span class='ocrx_word' id='word_1_7' title='bbox 925 2202 1161 2268; x_wconf 79' lang='grc' dir='ltr'><em>ἄπειροι</em></span> <span class='ocrx_word' id='word_1_8' title='bbox 1197 2203 1299 2267; x_wconf 82' lang='grc' dir='ltr'><em>μὲν</em></span> <span class='ocrx_word' id='word_1_9' title='bbox 1337 2199 1634 2271; x_wconf 88' lang='grc' dir='ltr'><em>ἐλεύθεροι</em></span> <span class='ocrx_word' id='word_1_10' title='bbox 1670 2205 1988 2270; x_wconf 91' lang='grc' dir='ltr'><em>γεγόνασιν,</em></span> <span class='ocrx_word' id='word_1_11' title='bbox 2036 2203 2131 2251; x_wconf 84' lang='grc' dir='ltr'><em>οὐκ</em></span> <span class='ocrx_word' id='word_1_12' title='bbox 2169 2199 2325 2251; x_wconf 91' lang='grc' dir='ltr'><em>ἐλάτ-</em></span> 
     </span>
     <span class='ocr_line' id='line_1_3' title="bbox 229 2282 2326 2358; baseline 0.001 -25"><span class='ocrx_word' id='word_1_13' title='bbox 229 2300 360 2345; x_wconf 83' lang='grc' dir='ltr'><strong><em>τους</em></strong></span> <span class='ocrx_word' id='word_1_14' title='bbox 400 2282 458 2335; x_wconf 85' lang='grc' dir='ltr'><em>δὲ</em></span> <span class='ocrx_word' id='word_1_15' title='bbox 496 2288 710 2337; x_wconf 89' lang='grc' dir='ltr'><em>τούτων</em></span> <span class='ocrx_word' id='word_1_16' title='bbox 751 2288 807 2337; x_wconf 86' lang='grc' dir='ltr'><em>οἱ</em></span> <span class='ocrx_word' id='word_1_17' title='bbox 846 2284 1295 2348; x_wconf 74' lang='grc' dir='ltr'><em>δεδουλευκότες·</em></span> <span class='ocrx_word' id='word_1_18' title='bbox 1342 2290 1436 2339; x_wconf 82' lang='grc' dir='ltr'><em>καὶ</em></span> <span class='ocrx_word' id='word_1_19' title='bbox 1479 2290 1541 2358; x_wconf 83' lang='grc' dir='ltr'><em>νὴ</em></span> <span class='ocrx_word' id='word_1_20' title='bbox 1581 2289 1696 2339; x_wconf 86' lang='grc' dir='ltr'><em>Δία</em></span> <span class='ocrx_word' id='word_1_21' title='bbox 1737 2289 1999 2356; x_wconf 87' lang='grc' dir='ltr'><em>τύραννοι</em></span> <span class='ocrx_word' id='word_1_22' title='bbox 2035 2288 2128 2336; x_wconf 85' lang='grc' dir='ltr'><em>καὶ</em></span> <span class='ocrx_word' id='word_1_23' title='bbox 2164 2287 2326 2352; x_wconf 91' lang='grc' dir='ltr'><em>βασι-</em></span> 
     </span>
    </p>

    <p class='ocr_par' dir='ltr' id='par_1_3' title="bbox 145 2365 2325 2443">
     <span class='ocr_line' id='line_1_4' title="bbox 145 2365 2325 2443; baseline 0.001 -25"><span class='ocrx_word' id='word_1_24' title='bbox 145 2421 149 2424; x_wconf 64' lang='grc'><em>,</em></span> <span class='ocrx_word' id='word_1_25' title='bbox 232 2365 347 2430; x_wconf 89' lang='grc' dir='ltr'><em>λεῖς</em></span> <span class='ocrx_word' id='word_1_26' title='bbox 381 2372 476 2421; x_wconf 86' lang='grc' dir='ltr'><em>καὶ</em></span> <span class='ocrx_word' id='word_1_27' title='bbox 514 2369 801 2437; x_wconf 79' lang='grc' dir='ltr'><em>δεσμῶται</em></span> <span class='ocrx_word' id='word_1_28' title='bbox 837 2374 931 2423; x_wconf 86' lang='grc' dir='ltr'><em>καὶ</em></span> <span class='ocrx_word' id='word_1_29' title='bbox 965 2374 1292 2441; x_wconf 74' lang='grc' dir='ltr'><em>στιγματίαι</em></span> <span class='ocrx_word' id='word_1_30' title='bbox 1327 2375 1422 2424; x_wconf 83' lang='grc' dir='ltr'><em>καὶ</em></span> <span class='ocrx_word' id='word_1_31' title='bbox 1456 2371 1705 2443; x_wconf 79' lang='grc' dir='ltr'><em>κάπηλοι</em></span> <span class='ocrx_word' id='word_1_32' title='bbox 1741 2374 1834 2423; x_wconf 85' lang='grc' dir='ltr'><em>καὶ</em></span> <span class='ocrx_word' id='word_1_33' title='bbox 1863 2374 2197 2437; x_wconf 82' lang='grc' dir='ltr'><em>σκυτοτόμοι</em></span> <span class='ocrx_word' id='word_1_34' title='bbox 2231 2373 2325 2422; x_wconf 82' lang='grc' dir='ltr'><em>καὶ</em></span> 
     </span>
    </p>
   </div>
   <div class='ocr_carea' id='block_1_2' title="bbox 147 2451 2326 2527">
    <p class='ocr_par' dir='ltr' id='par_1_4' title="bbox 147 2451 2326 2527">
     <span class='ocr_line' id='line_1_5' title="bbox 147 2451 2326 2527; baseline 0 -23"><span class='ocrx_word' id='word_1_35' title='bbox 147 2463 195 2504; x_wconf 84' lang='grc'><em>25</em></span> <span class='ocrx_word' id='word_1_36' title='bbox 231 2451 407 2505; x_wconf 80' lang='grc' dir='ltr'><em>τᾶλλα</em></span> <span class='ocrx_word' id='word_1_37' title='bbox 446 2458 551 2507; x_wconf 82' lang='grc' dir='ltr'><em>ὅσα</em></span> <span class='ocrx_word' id='word_1_38' title='bbox 590 2459 648 2507; x_wconf 88' lang='grc' dir='ltr'><em>ἐν</em></span> <span class='ocrx_word' id='word_1_39' title='bbox 694 2459 1031 2527; x_wconf 86' lang='grc' dir='ltr'><em>ἀνθρώποις</em></span> <span class='ocrx_word' id='word_1_40' title='bbox 1069 2460 1250 2522; x_wconf 87' lang='grc' dir='ltr'><em>ἐστίν,</em></span> <span class='ocrx_word' id='word_1_41' title='bbox 1301 2461 1532 2520; x_wconf 80' lang='grc' dir='ltr'><em>ἁπάσας</em></span> <span class='ocrx_word' id='word_1_42' title='bbox 1579 2461 1680 2525; x_wconf 82' lang='grc' dir='ltr'><em>μὲν</em></span> <span class='ocrx_word' id='word_1_43' title='bbox 1727 2458 2018 2525; x_wconf 86' lang='grc' dir='ltr'><em>ἐργασίας,</em></span> <span class='ocrx_word' id='word_1_44' title='bbox 2070 2458 2326 2516; x_wconf 81' lang='grc' dir='ltr'><em>ἅπαντας</em></span> 
     </span>
    </p>
   </div>
   <div class='ocr_carea' id='block_1_3' title="bbox 21 156 36 1402">
    <p class='ocr_par' dir='ltr' id='par_1_5' title="bbox 21 156 36 1402">
     <span class='ocr_line' id='line_1_6' title="bbox 21 156 36 1402; baseline 0 0"><span class='ocrx_word' id='word_1_45' title='bbox 21 156 36 1402; x_wconf 95' lang='lat' dir='ltr'><em> </em></span> 
     </span>
    </p>
   </div>
   <div class='ocr_carea' id='block_1_4' title="bbox 0 0 29 2151">
    <p class='ocr_par' dir='ltr' id='par_1_6' title="bbox 0 0 29 2151">
     <span class='ocr_line' id='line_1_7' title="bbox 0 0 29 2151; baseline 0 0"><span class='ocrx_word' id='word_1_46' title='bbox 0 0 29 2151; x_wconf 95' lang='lat' dir='ltr'><em> </em></span> 
     </span>
    </p>
   </div>
   <div class='ocr_carea' id='block_1_5' title="bbox 7 2315 14 2910">
    <p class='ocr_par' dir='ltr' id='par_1_7' title="bbox 7 2315 14 2910">
     <span class='ocr_line' id='line_1_8' title="bbox 7 2315 14 2910; baseline 0 0"><span class='ocrx_word' id='word_1_47' title='bbox 7 2315 14 2910; x_wconf 95' lang='lat' dir='ltr'><em> </em></span> 
     </span>
    </p>
   </div>
   <div class='ocr_carea' id='block_1_6' title="bbox 1110 273 2338 327">
    <p class='ocr_par' dir='ltr' id='par_1_8' title="bbox 1110 273 2338 327">
     <span class='ocr_line' id='line_1_9' title="bbox 1110 273 2338 327; baseline 0.006 -7"><span class='ocrx_word' id='word_1_48' title='bbox 1110 273 1335 322; x_wconf 84' lang='lat' dir='ltr'><strong>ORATIO</strong></span> <span class='ocrx_word' id='word_1_49' title='bbox 1364 274 1464 320; x_wconf 91' lang='lat' dir='ltr'><em>XV.</em></span> <span class='ocrx_word' id='word_1_50' title='bbox 1485 286 1489 290; x_wconf 78' lang='grc'><strong>“</strong></span> <span class='ocrx_word' id='word_1_51' title='bbox 2236 277 2338 327; x_wconf 84' lang='grc'><em>235</em></span> 
     </span>
    </p>
   </div>
   <div class='ocr_carea' id='block_1_7' title="bbox 241 417 2336 660">
    <p class='ocr_par' dir='ltr' id='par_1_9' title="bbox 241 417 2336 660">
     <span class='ocr_line' id='line_1_10' title="bbox 243 417 2332 491; baseline 0.002 -20"><span class='ocrx_word' id='word_1_52' title='bbox 243 422 476 490; x_wconf 85' lang='grc' dir='ltr'><em>ὕστερον</em></span> <span class='ocrx_word' id='word_1_53' title='bbox 515 422 733 482; x_wconf 83' lang='grc' dir='ltr'><em>ἑκόντες</em></span> <span class='ocrx_word' id='word_1_54' title='bbox 772 417 1044 471; x_wconf 82' lang='grc' dir='ltr'><em>οὐδέποτε</em></span> <span class='ocrx_word' id='word_1_55' title='bbox 1084 417 1452 490; x_wconf 79' lang='grc' dir='ltr'><em>ὡμολόγησαν</em></span> <span class='ocrx_word' id='word_1_56' title='bbox 1491 422 1579 471; x_wconf 86' lang='grc' dir='ltr'><em>ὅτι</em></span> <span class='ocrx_word' id='word_1_57' title='bbox 1617 417 1907 491; x_wconf 81' lang='grc' dir='ltr'><em>ἀλλότριοι</em></span> <span class='ocrx_word' id='word_1_58' title='bbox 1943 417 2101 490; x_wconf 81' lang='grc' dir='ltr'><em>ἦσαν.</em></span> <span class='ocrx_word' id='word_1_59' title='bbox 2172 424 2238 474; x_wconf 84' lang='grc' dir='ltr'>σύ</span> <span class='ocrx_word' id='word_1_60' title='bbox 2279 418 2332 475; x_wconf 76' lang='grc' dir='ltr'><em>δ’</em></span> 
     </span>
     <span class='ocr_line' id='line_1_11' title="bbox 245 498 2336 578; baseline 0.002 -22"><span class='ocrx_word' id='word_1_61' title='bbox 245 505 384 567; x_wconf 85' lang='grc' dir='ltr'><em>ἴσως</em></span> <span class='ocrx_word' id='word_1_62' title='bbox 419 506 514 557; x_wconf 80' lang='grc' dir='ltr'><em>καὶ</em></span> <span class='ocrx_word' id='word_1_63' title='bbox 550 507 646 556; x_wconf 85' lang='grc' dir='ltr'><em>τὸν</em></span> <span class='ocrx_word' id='word_1_64' title='bbox 684 506 882 576; x_wconf 83' lang='grc' dir='ltr'><em>Ζῆθον</em></span> <span class='ocrx_word' id='word_1_65' title='bbox 918 506 1013 555; x_wconf 84' lang='grc' dir='ltr'><em>καὶ</em></span> <span class='ocrx_word' id='word_1_66' title='bbox 1049 506 1146 555; x_wconf 87' lang='grc' dir='ltr'><em>τὸν</em></span> <span class='ocrx_word' id='word_1_67' title='bbox 1178 498 1460 575; x_wconf 86' lang='grc' dir='ltr'><em>Ἀμφίονα</em></span> <span class='ocrx_word' id='word_1_68' title='bbox 1500 502 1810 574; x_wconf 78' lang='grc' dir='ltr'><em>ἐλοιδόρεις</em></span> <span class='ocrx_word' id='word_1_69' title='bbox 1848 507 1942 568; x_wconf 84' lang='grc' dir='ltr'><em>ἀν,</em></span> <span class='ocrx_word' id='word_1_70' title='bbox 1993 507 2128 575; x_wconf 81' lang='grc' dir='ltr'><em>πρὶν</em></span> <span class='ocrx_word' id='word_1_71' title='bbox 2167 525 2336 578; x_wconf 88' lang='grc' dir='ltr'><em>φανε-</em></span> 
     </span>
     <span class='ocr_line' id='line_1_12' title="bbox 241 587 2331 660; baseline 0.002 -19"><span class='ocrx_word' id='word_1_72' title='bbox 241 592 378 660; x_wconf 83' lang='grc' dir='ltr'><em>ρούς</em></span> <span class='ocrx_word' id='word_1_73' title='bbox 401 591 689 658; x_wconf 83' lang='grc' dir='ltr'><em>γενέσθαι,</em></span> <span class='ocrx_word' id='word_1_74' title='bbox 727 591 820 641; x_wconf 82' lang='grc' dir='ltr'><em>καὶ</em></span> <span class='ocrx_word' id='word_1_75' title='bbox 847 587 1130 656; x_wconf 86' lang='grc' dir='ltr'><em>διώμνυσο</em></span> <span class='ocrx_word' id='word_1_76' title='bbox 1171 590 1248 650; x_wconf 82' lang='grc' dir='ltr'><em>ὡς</em></span> <span class='ocrx_word' id='word_1_77' title='bbox 1287 591 1420 660; x_wconf 83' lang='grc' dir='ltr'><em>περὶ</em></span> <span class='ocrx_word' id='word_1_78' title='bbox 1458 587 1672 641; x_wconf 89' lang='grc' dir='ltr'><em>δούλων</em></span> <span class='ocrx_word' id='word_1_79' title='bbox 1709 595 1820 641; x_wconf 92' lang='grc' dir='ltr'><em>τῶν</em></span> <span class='ocrx_word' id='word_1_80' title='bbox 1846 596 1949 641; x_wconf 82' lang='grc' dir='ltr'><em>τοῦ</em></span> <span class='ocrx_word' id='word_1_81' title='bbox 1969 591 2114 653; x_wconf 80' lang='grc' dir='ltr'><em>Διὸς</em></span> <span class='ocrx_word' id='word_1_82' title='bbox 2149 594 2331 645; x_wconf 83' lang='grc' dir='ltr'><em>υἱέων.</em></span> 
     </span>
    </p>
   </div>
   <div class='ocr_carea' id='block_1_8' title="bbox 242 673 2418 748">
    <p class='ocr_par' dir='ltr' id='par_1_10' title="bbox 242 673 2418 748">
     <span class='ocr_line' id='line_1_13' title="bbox 242 673 2418 748; baseline 0.002 -22"><span class='ocrx_word' id='word_1_83' title='bbox 242 677 336 727; x_wconf 87' lang='grc' dir='ltr'><em>καὶ</em></span> <span class='ocrx_word' id='word_1_84' title='bbox 373 676 436 737; x_wconf 83' lang='grc' dir='ltr'><em>ὃς</em></span> <span class='ocrx_word' id='word_1_85' title='bbox 459 673 701 743; x_wconf 79' lang='grc' dir='ltr'><em>γελάσας</em></span> <span class='ocrx_word' id='word_1_86' title='bbox 725 676 874 725; x_wconf 90' lang='grc' dir='ltr'><em>πάνυ</em></span> <span class='ocrx_word' id='word_1_87' title='bbox 903 675 1221 743; x_wconf 83' lang='grc' dir='ltr'><em>εἰρωνικῶς,</em></span> <span class='ocrx_word' id='word_1_88' title='bbox 1266 678 1310 725; x_wconf 87' lang='grc' dir='ltr'><em>Ἰ</em></span> <span class='ocrx_word' id='word_1_89' title='bbox 1316 676 1411 736; x_wconf 80' lang='grc' dir='ltr'><em>οὒς</em></span> <span class='ocrx_word' id='word_1_90' title='bbox 1436 673 1773 745; x_wconf 82' lang='grc' dir='ltr'><em>τραγῳδούς,</em></span> <span class='ocrx_word' id='word_1_91' title='bbox 1813 676 1940 745; x_wconf 85' lang='grc' dir='ltr'><em>ἔφη,</em></span> <span class='ocrx_word' id='word_1_92' title='bbox 1977 673 2167 739; x_wconf 85' lang='grc' dir='ltr'><em>καλεῖς</em></span> <span class='ocrx_word' id='word_1_93' title='bbox 2190 680 2329 748; x_wconf 83' lang='grc' dir='ltr'><em>μάρ-</em></span> <span class='ocrx_word' id='word_1_94' title='bbox 2355 681 2418 731; x_wconf 90' lang='grc'><em>10</em></span> 
     </span>
    </p>
   </div>
   <div class='ocr_carea' id='block_1_9' title="bbox 163 753 2411 1507">
    <p class='ocr_par' dir='ltr' id='par_1_11' title="bbox 187 753 2335 1169">
     <span class='ocr_line' id='line_1_14' title="bbox 187 753 2334 830; baseline 0.001 -20"><span class='ocrx_word' id='word_1_95' title='bbox 187 768 211 809; x_wconf 84' lang='grc'><strong>5</strong></span> <span class='ocrx_word' id='word_1_96' title='bbox 245 769 432 829; x_wconf 82' lang='grc' dir='ltr'><em>,τυρας.</em></span> <span class='ocrx_word' id='word_1_97' title='bbox 503 758 606 820; x_wconf 86' lang='grc' dir='ltr'><em>Οἷς</em></span> <span class='ocrx_word' id='word_1_98' title='bbox 630 775 690 827; x_wconf 86' lang='grc' dir='ltr'><em>γε</em></span> <span class='ocrx_word' id='word_1_99' title='bbox 716 761 1100 823; x_wconf 79' lang='grc' dir='ltr'><em>πιστεύουσιν,</em></span> <span class='ocrx_word' id='word_1_100' title='bbox 1128 758 1304 824; x_wconf 85' lang='grc' dir='ltr'><em>εἶπεν,</em></span> <span class='ocrx_word' id='word_1_101' title='bbox 1334 753 1682 830; x_wconf 81' lang='grc' dir='ltr'><em>οἱἝλληνες·</em></span> <span class='ocrx_word' id='word_1_102' title='bbox 1711 762 1807 822; x_wconf 82' lang='grc' dir='ltr'><em>οὓς</em></span> <span class='ocrx_word' id='word_1_103' title='bbox 1831 761 1934 829; x_wconf 83' lang='grc' dir='ltr'><em>γὰρ</em></span> <span class='ocrx_word' id='word_1_104' title='bbox 1963 762 2166 812; x_wconf 85' lang='grc' dir='ltr'><em>ἐκεῖνοι</em></span> <span class='ocrx_word' id='word_1_105' title='bbox 2191 763 2334 813; x_wconf 93' lang='grc' dir='ltr'><em>ἀπο-</em></span> 
     </span>
     <span class='ocr_line' id='line_1_15' title="bbox 241 841 2335 916; baseline 0.002 -22"><span class='ocrx_word' id='word_1_106' title='bbox 241 842 588 895; x_wconf 87' lang='grc' dir='ltr'><em>δεικνύουσιν</em></span> <span class='ocrx_word' id='word_1_107' title='bbox 634 846 847 914; x_wconf 84' lang='grc' dir='ltr'><em>ἥρωας,</em></span> <span class='ocrx_word' id='word_1_108' title='bbox 895 846 1119 905; x_wconf 89' lang='grc' dir='ltr'><em>τούτοις</em></span> <span class='ocrx_word' id='word_1_109' title='bbox 1158 845 1458 915; x_wconf 89' lang='grc' dir='ltr'><em>φαίνονται</em></span> <span class='ocrx_word' id='word_1_110' title='bbox 1497 841 1841 912; x_wconf 81' lang='grc' dir='ltr'><em>ἐναγίζοντες</em></span> <span class='ocrx_word' id='word_1_111' title='bbox 1880 847 1956 906; x_wconf 84' lang='grc' dir='ltr'><em>ὡς</em></span> <span class='ocrx_word' id='word_1_112' title='bbox 1992 848 2200 916; x_wconf 82' lang='grc' dir='ltr'><em>ἥρωσι,</em></span> <span class='ocrx_word' id='word_1_113' title='bbox 2241 849 2335 899; x_wconf 83' lang='grc' dir='ltr'><em>καὶ</em></span> 
     </span>
     <span class='ocr_line' id='line_1_16' title="bbox 239 922 2334 1000; baseline 0.001 -21"><span class='ocrx_word' id='word_1_114' title='bbox 239 929 308 979; x_wconf 84' lang='grc' dir='ltr'><em>τὰ</em></span> <span class='ocrx_word' id='word_1_115' title='bbox 347 927 503 999; x_wconf 73' lang='grc' dir='ltr'><em>ἡρῷα</em></span> <span class='ocrx_word' id='word_1_116' title='bbox 531 930 766 990; x_wconf 89' lang='grc' dir='ltr'><em>ἐκείνοις</em></span> <span class='ocrx_word' id='word_1_117' title='bbox 793 922 1194 999; x_wconf 75' lang='grc' dir='ltr'><em>ᾠκοδομημένα</em></span> <span class='ocrx_word' id='word_1_118' title='bbox 1223 927 1364 980; x_wconf 87' lang='grc' dir='ltr'><em>ἰδεῖν</em></span> <span class='ocrx_word' id='word_1_119' title='bbox 1390 930 1560 981; x_wconf 83' lang='grc' dir='ltr'><em>ἔστιν.</em></span> <span class='ocrx_word' id='word_1_120' title='bbox 1627 931 1840 996; x_wconf 82' lang='grc' dir='ltr'><em>ὁμοίως</em></span> <span class='ocrx_word' id='word_1_121' title='bbox 1874 927 1932 980; x_wconf 82' lang='grc' dir='ltr'><em>δὲ</em></span> <span class='ocrx_word' id='word_1_122' title='bbox 1961 931 2241 1000; x_wconf 82' lang='grc' dir='ltr'><em>ἐννόησον,</em></span> <span class='ocrx_word' id='word_1_123' title='bbox 2282 933 2334 982; x_wconf 84' lang='grc' dir='ltr'><em>εἰ</em></span> 
     </span>
     <span class='ocr_line' id='line_1_17' title="bbox 237 1008 2332 1086; baseline 0.002 -23"><span class='ocrx_word' id='word_1_124' title='bbox 237 1011 444 1080; x_wconf 82' lang='grc' dir='ltr'><em>βούλει,</em></span> <span class='ocrx_word' id='word_1_125' title='bbox 480 1016 575 1066; x_wconf 81' lang='grc' dir='ltr'><em>καὶ</em></span> <span class='ocrx_word' id='word_1_126' title='bbox 611 1016 709 1084; x_wconf 82' lang='grc' dir='ltr'><em>τὴν</em></span> <span class='ocrx_word' id='word_1_127' title='bbox 751 1016 999 1084; x_wconf 84' lang='grc' dir='ltr'><em>Φρυγίαν</em></span> <span class='ocrx_word' id='word_1_128' title='bbox 1037 1016 1136 1084; x_wconf 78' lang='grc' dir='ltr'><em>τὴν</em></span> <span class='ocrx_word' id='word_1_129' title='bbox 1172 1016 1439 1083; x_wconf 90' lang='grc' dir='ltr'><em>Πριάμου</em></span> <span class='ocrx_word' id='word_1_130' title='bbox 1481 1012 1710 1084; x_wconf 81' lang='grc' dir='ltr'><em>δούλην,</em></span> <span class='ocrx_word' id='word_1_131' title='bbox 1761 1015 1791 1083; x_wconf 85' lang='grc' dir='ltr'><em>ἢ</em></span> <span class='ocrx_word' id='word_1_132' title='bbox 1832 1017 1928 1066; x_wconf 82' lang='grc' dir='ltr'><em>τὸν</em></span> <span class='ocrx_word' id='word_1_133' title='bbox 1967 1008 2332 1086; x_wconf 78' lang='grc' dir='ltr'><em>Ἀλέξανδρον</em></span> 
     </span>
     <span class='ocr_line' id='line_1_18' title="bbox 237 1089 2333 1169; baseline 0.002 -22"><span class='ocrx_word' id='word_1_134' title='bbox 237 1099 295 1148; x_wconf 87' lang='grc' dir='ltr'><em>ἐν</em></span> <span class='ocrx_word' id='word_1_135' title='bbox 321 1104 390 1167; x_wconf 85' lang='grc' dir='ltr'><em>τῇ</em></span> <span class='ocrx_word' id='word_1_136' title='bbox 404 1089 519 1168; x_wconf 82' lang='grc' dir='ltr'><em>Ἴδῃ</em></span> <span class='ocrx_word' id='word_1_137' title='bbox 548 1096 862 1168; x_wconf 74' lang='grc' dir='ltr'><em>ἐξέθρεψεν</em></span> <span class='ocrx_word' id='word_1_138' title='bbox 900 1101 977 1160; x_wconf 85' lang='grc' dir='ltr'><em>ὡς</em></span> <span class='ocrx_word' id='word_1_139' title='bbox 1004 1100 1173 1169; x_wconf 79' lang='grc' dir='ltr'><em>αὐτῆς</em></span> <span class='ocrx_word' id='word_1_140' title='bbox 1208 1100 1350 1162; x_wconf 85' lang='grc' dir='ltr'><em>υἱέα,</em></span> <span class='ocrx_word' id='word_1_141' title='bbox 1391 1097 1639 1165; x_wconf 81' lang='grc' dir='ltr'><em>λαβοῦσα</em></span> <span class='ocrx_word' id='word_1_142' title='bbox 1668 1100 1824 1167; x_wconf 80' lang='grc' dir='ltr'><em>παρὰ</em></span> <span class='ocrx_word' id='word_1_143' title='bbox 1851 1105 1954 1149; x_wconf 80' lang='grc' dir='ltr'><em>τοῦ</em></span> <span class='ocrx_word' id='word_1_144' title='bbox 1977 1097 2179 1169; x_wconf 85' lang='grc' dir='ltr'><em>ἀνδρὸς</em></span> <span class='ocrx_word' id='word_1_145' title='bbox 2204 1101 2333 1167; x_wconf 91' lang='grc' dir='ltr'><em>βου-</em></span> 
     </span>
    </p>

    <p class='ocr_par' dir='ltr' id='par_1_12' title="bbox 163 1179 2411 1507">
     <span class='ocr_line' id='line_1_19' title="bbox 163 1179 2334 1255; baseline 0.003 -25"><span class='ocrx_word' id='word_1_146' title='bbox 163 1188 210 1230; x_wconf 88' lang='grc'><em>10</em></span> <span class='ocrx_word' id='word_1_147' title='bbox 245 1179 412 1232; x_wconf 91' lang='grc' dir='ltr'><em>κόλου</em></span> <span class='ocrx_word' id='word_1_148' title='bbox 452 1184 626 1246; x_wconf 84' lang='grc' dir='ltr'><em>ὄντος,</em></span> <span class='ocrx_word' id='word_1_149' title='bbox 664 1185 758 1233; x_wconf 79' lang='grc' dir='ltr'><em>καὶ</em></span> <span class='ocrx_word' id='word_1_150' title='bbox 795 1185 893 1253; x_wconf 84' lang='grc' dir='ltr'><em>τὴν</em></span> <span class='ocrx_word' id='word_1_151' title='bbox 931 1181 1355 1253; x_wconf 80' lang='grc' dir='ltr'><em>παιδοτροφίαν</em></span> <span class='ocrx_word' id='word_1_152' title='bbox 1396 1185 1457 1233; x_wconf 81' lang='grc' dir='ltr'><em>οὐ</em></span> <span class='ocrx_word' id='word_1_153' title='bbox 1491 1181 1756 1248; x_wconf 83' lang='grc' dir='ltr'><em>χαλεπῶς</em></span> <span class='ocrx_word' id='word_1_154' title='bbox 1794 1184 2008 1252; x_wconf 78' lang='grc' dir='ltr'><em>ἔφερεν.</em></span> <span class='ocrx_word' id='word_1_155' title='bbox 2076 1182 2334 1255; x_wconf 81' lang='grc' dir='ltr'><em>Τήλεφον</em></span> 
     </span>
     <span class='ocr_line' id='line_1_20' title="bbox 241 1260 2332 1338; baseline 0.001 -22"><span class='ocrx_word' id='word_1_156' title='bbox 241 1264 300 1316; x_wconf 82' lang='grc' dir='ltr'><em>δὲ</em></span> <span class='ocrx_word' id='word_1_157' title='bbox 340 1268 436 1317; x_wconf 87' lang='grc' dir='ltr'><em>τὸν</em></span> <span class='ocrx_word' id='word_1_158' title='bbox 474 1265 672 1337; x_wconf 79' lang='grc' dir='ltr'><em>Αὔγης</em></span> <span class='ocrx_word' id='word_1_159' title='bbox 707 1268 801 1318; x_wconf 84' lang='grc' dir='ltr'><em>καὶ</em></span> <span class='ocrx_word' id='word_1_160' title='bbox 830 1260 1163 1336; x_wconf 84' lang='grc' dir='ltr'><em>Ἡρακλέους</em></span> <span class='ocrx_word' id='word_1_161' title='bbox 1202 1268 1298 1332; x_wconf 82' lang='grc' dir='ltr'><em>οὐχ</em></span> <span class='ocrx_word' id='word_1_162' title='bbox 1334 1268 1447 1317; x_wconf 81' lang='grc' dir='ltr'><em>ὑπὸ</em></span> <span class='ocrx_word' id='word_1_163' title='bbox 1485 1269 1759 1333; x_wconf 89' lang='grc' dir='ltr'><em>γυναικός,</em></span> <span class='ocrx_word' id='word_1_164' title='bbox 1800 1260 1923 1316; x_wconf 74' lang='grc' dir='ltr'><em>ἀλλ’</em></span> <span class='ocrx_word' id='word_1_165' title='bbox 1965 1269 2077 1317; x_wconf 81' lang='grc' dir='ltr'><em>ὑπὸ</em></span> <span class='ocrx_word' id='word_1_166' title='bbox 2118 1266 2332 1338; x_wconf 81' lang='grc' dir='ltr'><em>ἐλάφου</em></span> 
     </span>
     <span class='ocr_line' id='line_1_21' title="bbox 235 1349 2332 1422; baseline 0 -20"><span class='ocrx_word' id='word_1_167' title='bbox 235 1359 521 1422; x_wconf 83' lang='grc' dir='ltr'><em>τραφῆναι</em></span> <span class='ocrx_word' id='word_1_168' title='bbox 560 1349 830 1419; x_wconf 87' lang='grc' dir='ltr'><em>λέγουσιν.</em></span> <span class='ocrx_word' id='word_1_169' title='bbox 893 1352 926 1421; x_wconf 83' lang='grc' dir='ltr'><em>ἢ</em></span> <span class='ocrx_word' id='word_1_170' title='bbox 969 1349 1130 1402; x_wconf 90' lang='grc' dir='ltr'><em>δοκεῖ</em></span> <span class='ocrx_word' id='word_1_171' title='bbox 1163 1364 1256 1402; x_wconf 91' lang='grc' dir='ltr'><em>σοι</em></span> <span class='ocrx_word' id='word_1_172' title='bbox 1282 1349 1496 1421; x_wconf 85' lang='grc' dir='ltr'><em>ἔλαφος</em></span> <span class='ocrx_word' id='word_1_173' title='bbox 1531 1349 1740 1416; x_wconf 83' lang='grc' dir='ltr'><em>μᾶλλον</em></span> <span class='ocrx_word' id='word_1_174' title='bbox 1771 1349 1998 1422; x_wconf 87' lang='grc' dir='ltr'><em>ἐλεῆσαι</em></span> <span class='ocrx_word' id='word_1_175' title='bbox 2027 1353 2094 1402; x_wconf 81' lang='grc' dir='ltr'><em>ἂν</em></span> <span class='ocrx_word' id='word_1_176' title='bbox 2119 1353 2332 1422; x_wconf 82' lang='grc' dir='ltr'><em>βρέφος</em></span> 
     </span>
     <span class='ocr_line' id='line_1_22' title="bbox 233 1433 2411 1507; baseline 0.002 -22"><span class='ocrx_word' id='word_1_177' title='bbox 233 1437 328 1486; x_wconf 83' lang='grc' dir='ltr'><em>καὶ</em></span> <span class='ocrx_word' id='word_1_178' title='bbox 363 1437 725 1507; x_wconf 84' lang='grc' dir='ltr'><em>ἐπιθυμῆσαι</em></span> <span class='ocrx_word' id='word_1_179' title='bbox 761 1439 990 1506; x_wconf 88' lang='grc' dir='ltr'><em>τρέφειν</em></span> <span class='ocrx_word' id='word_1_180' title='bbox 1027 1437 1059 1505; x_wconf 86' lang='grc' dir='ltr'><em>ἢ</em></span> <span class='ocrx_word' id='word_1_181' title='bbox 1101 1437 1432 1506; x_wconf 81' lang='grc' dir='ltr'><em>ἄνθρωπος,</em></span> <span class='ocrx_word' id='word_1_182' title='bbox 1473 1437 1570 1487; x_wconf 84' lang='grc' dir='ltr'><em>ἐὰν</em></span> <span class='ocrx_word' id='word_1_183' title='bbox 1608 1438 1739 1504; x_wconf 85' lang='grc' dir='ltr'><em>τύχῃ</em></span> <span class='ocrx_word' id='word_1_184' title='bbox 1770 1433 1937 1506; x_wconf 87' lang='grc' dir='ltr'><em>δούλη</em></span> <span class='ocrx_word' id='word_1_185' title='bbox 1980 1437 2152 1499; x_wconf 79' lang='grc' dir='ltr'><em>οὖσα,·</em></span> <span class='ocrx_word' id='word_1_186' title='bbox 2193 1441 2328 1507; x_wconf 87' lang='grc' dir='ltr'><em>φέρε</em></span> <span class='ocrx_word' id='word_1_187' title='bbox 2352 1441 2411 1490; x_wconf 91' lang='grc'><em>11</em></span> 
     </span>
    </p>
   </div>
   <div class='ocr_carea' id='block_1_10' title="bbox 65 1517 2331 1591">
    <p class='ocr_par' dir='ltr' id='par_1_13' title="bbox 65 1517 2331 1591">
     <span class='ocr_line' id='line_1_23' title="bbox 65 1517 2331 1591; baseline 0 -19"><span class='ocrx_word' id='word_1_188' title='bbox 65 1517 301 1590; x_wconf 62' lang='grc' dir='ltr'>(23831)δή</span> <span class='ocrx_word' id='word_1_189' title='bbox 343 1522 490 1588; x_wconf 84' lang='grc' dir='ltr'><em>πρὸς</em></span> <span class='ocrx_word' id='word_1_190' title='bbox 526 1521 699 1584; x_wconf 86' lang='grc' dir='ltr'><em>θεῶν,</em></span> <span class='ocrx_word' id='word_1_191' title='bbox 740 1522 791 1571; x_wconf 83' lang='grc' dir='ltr'><em>εἰ</em></span> <span class='ocrx_word' id='word_1_192' title='bbox 831 1518 890 1571; x_wconf 80' lang='grc' dir='ltr'><em>δὲ</em></span> <span class='ocrx_word' id='word_1_193' title='bbox 931 1519 994 1591; x_wconf 85' lang='grc' dir='ltr'><em>δὴ</em></span> <span class='ocrx_word' id='word_1_194' title='bbox 1037 1518 1610 1591; x_wconf 84' lang='grc' dir='ltr'><em>προσομολογήσαιμί</em></span> <span class='ocrx_word' id='word_1_195' title='bbox 1641 1534 1733 1572; x_wconf 90' lang='grc' dir='ltr'><em>σοι</em></span> <span class='ocrx_word' id='word_1_196' title='bbox 1771 1523 2004 1583; x_wconf 87' lang='grc' dir='ltr'><em>τούτους</em></span> <span class='ocrx_word' id='word_1_197' title='bbox 2041 1521 2190 1573; x_wconf 87' lang='grc' dir='ltr'><em>εἷναί</em></span> <span class='ocrx_word' id='word_1_198' title='bbox 2223 1540 2331 1588; x_wconf 89' lang='grc' dir='ltr'><em>μου</em></span> 
     </span>
    </p>
   </div>
   <div class='ocr_carea' id='block_1_11' title="bbox 151 1604 2332 2186">
    <p class='ocr_par' dir='ltr' id='par_1_14' title="bbox 153 1604 2332 2016">
     <span class='ocr_line' id='line_1_24' title="bbox 153 1604 2329 1677; baseline 0.002 -23"><span class='ocrx_word' id='word_1_199' title='bbox 153 1613 200 1655; x_wconf 86' lang='grc'><em>15</em></span> <span class='ocrx_word' id='word_1_200' title='bbox 236 1609 458 1672; x_wconf 86' lang='grc' dir='ltr'><em>γονέας,</em></span> <span class='ocrx_word' id='word_1_201' title='bbox 511 1607 607 1666; x_wconf 88' lang='grc' dir='ltr'><em>οὓς</em></span> <span class='ocrx_word' id='word_1_202' title='bbox 658 1607 723 1655; x_wconf 83' lang='grc' dir='ltr'><em>σὺ</em></span> <span class='ocrx_word' id='word_1_203' title='bbox 765 1604 903 1676; x_wconf 82' lang='grc' dir='ltr'><em>φῄς,</em></span> <span class='ocrx_word' id='word_1_204' title='bbox 954 1606 1142 1657; x_wconf 88' lang='grc' dir='ltr'><em>πόθεν</em></span> <span class='ocrx_word' id='word_1_205' title='bbox 1188 1605 1366 1656; x_wconf 86' lang='grc' dir='ltr'><em>οἶσθα</em></span> <span class='ocrx_word' id='word_1_206' title='bbox 1405 1608 1538 1676; x_wconf 84' lang='grc' dir='ltr'><em>περὶ</em></span> <span class='ocrx_word' id='word_1_207' title='bbox 1575 1614 1673 1677; x_wconf 85' lang='grc' dir='ltr'><em>τῆς</em></span> <span class='ocrx_word' id='word_1_208' title='bbox 1711 1608 1934 1658; x_wconf 82' lang='grc' dir='ltr'><em>ἐκείνων</em></span> <span class='ocrx_word' id='word_1_209' title='bbox 1975 1604 2262 1670; x_wconf 88' lang='grc' dir='ltr'><em>δουλείας,·</em></span> <span class='ocrx_word' id='word_1_210' title='bbox 2297 1609 2329 1677; x_wconf 82' lang='grc' dir='ltr'><em>ἢ</em></span> 
     </span>
     <span class='ocr_line' id='line_1_25' title="bbox 230 1691 2332 1762; baseline 0.002 -22"><span class='ocrx_word' id='word_1_211' title='bbox 230 1691 324 1740; x_wconf 84' lang='grc' dir='ltr'><em>καὶ</em></span> <span class='ocrx_word' id='word_1_212' title='bbox 371 1692 503 1752; x_wconf 81' lang='grc' dir='ltr'><em>τούς</em></span> <span class='ocrx_word' id='word_1_213' title='bbox 547 1694 745 1758; x_wconf 88' lang='grc' dir='ltr'><em>γονέας</em></span> <span class='ocrx_word' id='word_1_214' title='bbox 797 1692 979 1742; x_wconf 82' lang='grc' dir='ltr'><em>αὐτῶν</em></span> <span class='ocrx_word' id='word_1_215' title='bbox 1027 1692 1254 1761; x_wconf 82' lang='grc' dir='ltr'><em>ἠπίστω</em></span> <span class='ocrx_word' id='word_1_216' title='bbox 1308 1698 1508 1762; x_wconf 91' lang='grc' dir='ltr'><em>σαφῶς</em></span> <span class='ocrx_word' id='word_1_217' title='bbox 1553 1694 1648 1743; x_wconf 83' lang='grc' dir='ltr'><em>καὶ</em></span> <span class='ocrx_word' id='word_1_218' title='bbox 1695 1695 1921 1758; x_wconf 75' lang='grc' dir='ltr'><em>ἕτοιμος</em></span> <span class='ocrx_word' id='word_1_219' title='bbox 1971 1691 2031 1742; x_wconf 86' lang='grc' dir='ltr'><em>εἶ</em></span> <span class='ocrx_word' id='word_1_220' title='bbox 2067 1694 2161 1743; x_wconf 83' lang='grc' dir='ltr'><em>καὶ</em></span> <span class='ocrx_word' id='word_1_221' title='bbox 2198 1695 2332 1762; x_wconf 83' lang='grc' dir='ltr'><em>περὶ</em></span> 
     </span>
     <span class='ocr_line' id='line_1_26' title="bbox 232 1774 2328 1847; baseline 0.001 -22"><span class='ocrx_word' id='word_1_222' title='bbox 232 1776 456 1827; x_wconf 89' lang='grc' dir='ltr'><em>ἐκείνων</em></span> <span class='ocrx_word' id='word_1_223' title='bbox 503 1777 899 1841; x_wconf 79' lang='grc' dir='ltr'><em>κατόμνυσθαι</em></span> <span class='ocrx_word' id='word_1_224' title='bbox 947 1779 1209 1846; x_wconf 82' lang='grc' dir='ltr'><em>ἑκατέρου</em></span> <span class='ocrx_word' id='word_1_225' title='bbox 1260 1778 1348 1827; x_wconf 84' lang='grc' dir='ltr'><em>ὅτι</em></span> <span class='ocrx_word' id='word_1_226' title='bbox 1395 1774 1457 1839; x_wconf 83' lang='grc' dir='ltr'><em>ἐξ</em></span> <span class='ocrx_word' id='word_1_227' title='bbox 1504 1778 1720 1847; x_wconf 82' lang='grc' dir='ltr'><em>ἀμφοῖν</em></span> <span class='ocrx_word' id='word_1_228' title='bbox 1772 1774 1996 1827; x_wconf 91' lang='grc' dir='ltr'><em>δούλοιν</em></span> <span class='ocrx_word' id='word_1_229' title='bbox 2032 1779 2328 1844; x_wconf 88' lang='grc' dir='ltr'><em>γεγόνεσαν</em></span> 
     </span>
     <span class='ocr_line' id='line_1_27' title="bbox 232 1859 2327 1940; baseline 0.001 -31"><span class='ocrx_word' id='word_1_230' title='bbox 232 1861 577 1929; x_wconf 88' lang='grc' dir='ltr'><em>ἀμφότεροι,</em></span> <span class='ocrx_word' id='word_1_231' title='bbox 626 1862 720 1912; x_wconf 87' lang='grc' dir='ltr'><em>καὶ</em></span> <span class='ocrx_word' id='word_1_232' title='bbox 756 1863 887 1922; x_wconf 80' lang='grc' dir='ltr'><em>τοὺς</em></span> <span class='ocrx_word' id='word_1_233' title='bbox 925 1861 1011 1911; x_wconf 86' lang='grc' dir='ltr'><em>ἔτι</em></span> <span class='ocrx_word' id='word_1_234' title='bbox 1048 1863 1325 1940; x_wconf 77' lang='grc' dir='ltr'><em>πρότερον</em></span> <span class='ocrx_word' id='word_1_235' title='bbox 1374 1863 1468 1912; x_wconf 81' lang='grc' dir='ltr'><em>καὶ</em></span> <span class='ocrx_word' id='word_1_236' title='bbox 1515 1859 1577 1924; x_wconf 81' lang='grc' dir='ltr'><em>ἐξ</em></span> <span class='ocrx_word' id='word_1_237' title='bbox 1624 1863 1794 1932; x_wconf 84' lang='grc' dir='ltr'><em>ἀρχῆς</em></span> <span class='ocrx_word' id='word_1_238' title='bbox 1833 1864 2090 1922; x_wconf 83' lang='grc' dir='ltr'><em>ἅπαντας</em></span> <span class='ocrx_word' id='word_1_239' title='bbox 2102 1880 2122 1924; x_wconf 90' lang='grc'><em>,·</em></span> <span class='ocrx_word' id='word_1_240' title='bbox 2161 1859 2327 1932; x_wconf 85' lang='grc' dir='ltr'><em>δῆλον</em></span> 
     </span>
     <span class='ocr_line' id='line_1_28' title="bbox 231 1940 2327 2016; baseline 0.001 -22"><span class='ocrx_word' id='word_1_241' title='bbox 231 1945 335 2012; x_wconf 81' lang='grc' dir='ltr'><em>γὰρ</em></span> <span class='ocrx_word' id='word_1_242' title='bbox 381 1946 457 2007; x_wconf 87' lang='grc' dir='ltr'><em>ὡς</em></span> <span class='ocrx_word' id='word_1_243' title='bbox 495 1947 702 2016; x_wconf 87' lang='grc' dir='ltr'><em>ἐάνπερ</em></span> <span class='ocrx_word' id='word_1_244' title='bbox 743 1943 1044 2013; x_wconf 85' lang='grc' dir='ltr'><em>ἐλεύθερος</em></span> <span class='ocrx_word' id='word_1_245' title='bbox 1081 1940 1113 2014; x_wconf 80' lang='grc' dir='ltr'><em>ᾖ</em></span> <span class='ocrx_word' id='word_1_246' title='bbox 1157 1964 1244 2008; x_wconf 94' lang='grc' dir='ltr'><em>τις</em></span> <span class='ocrx_word' id='word_1_247' title='bbox 1281 1953 1391 1998; x_wconf 93' lang='grc' dir='ltr'><em>τῶν</em></span> <span class='ocrx_word' id='word_1_248' title='bbox 1431 1949 1490 1997; x_wconf 89' lang='grc' dir='ltr'><em>ἐκ</em></span> <span class='ocrx_word' id='word_1_249' title='bbox 1514 1951 1845 2014; x_wconf 79' lang='grc' dir='ltr'><em>τοῦγένους,</em></span> <span class='ocrx_word' id='word_1_250' title='bbox 1888 1948 2070 1998; x_wconf 78' lang='grc' dir='ltr'><em>οὐκέτι</em></span> <span class='ocrx_word' id='word_1_251' title='bbox 2110 1946 2230 1997; x_wconf 88' lang='grc' dir='ltr'><em>οἶόν</em></span> <span class='ocrx_word' id='word_1_252' title='bbox 2267 1965 2327 1997; x_wconf 92' lang='grc' dir='ltr'><em>τε</em></span> 
     </span>
    </p>

    <p class='ocr_par' dir='ltr' id='par_1_15' title="bbox 151 2024 2327 2186">
     <span class='ocr_line' id='line_1_29' title="bbox 151 2024 2326 2101; baseline -0 -19"><span class='ocrx_word' id='word_1_253' title='bbox 151 2039 201 2099; x_wconf 67' lang='lat'><em>25)</em></span> <span class='ocrx_word' id='word_1_254' title='bbox 235 2031 367 2090; x_wconf 80' lang='grc' dir='ltr'><em>τούς</em></span> <span class='ocrx_word' id='word_1_255' title='bbox 402 2024 508 2080; x_wconf 75' lang='grc' dir='ltr'><em>ἀπ’</em></span> <span class='ocrx_word' id='word_1_256' title='bbox 540 2032 749 2082; x_wconf 87' lang='grc' dir='ltr'><em>ἐκείνου</em></span> <span class='ocrx_word' id='word_1_257' title='bbox 779 2029 1012 2092; x_wconf 89' lang='grc' dir='ltr'><em>δούλους</em></span> <span class='ocrx_word' id='word_1_258' title='bbox 1040 2033 1233 2101; x_wconf 86' lang='grc' dir='ltr'><em>ὀρθῶς</em></span> <span class='ocrx_word' id='word_1_259' title='bbox 1259 2028 1614 2097; x_wconf 81' lang='grc' dir='ltr'><em>νομίζεσθαι.</em></span> <span class='ocrx_word' id='word_1_260' title='bbox 1683 2039 1847 2082; x_wconf 81' lang='grc' dir='ltr'><em>τοῦτο</em></span> <span class='ocrx_word' id='word_1_261' title='bbox 1890 2030 1947 2082; x_wconf 83' lang='grc' dir='ltr'><em>δὲ</em></span> <span class='ocrx_word' id='word_1_262' title='bbox 1989 2033 2051 2082; x_wconf 86' lang='grc' dir='ltr'><em>ού</em></span> <span class='ocrx_word' id='word_1_263' title='bbox 2093 2030 2326 2083; x_wconf 89' lang='grc' dir='ltr'><em>δυνατόν</em></span> 
     </span>
     <span class='ocr_line' id='line_1_30' title="bbox 232 2113 2327 2186; baseline 0.001 -23"><span class='ocrx_word' id='word_1_264' title='bbox 232 2115 402 2178; x_wconf 88' lang='grc' dir='ltr'><em>ἐστιν,</em></span> <span class='ocrx_word' id='word_1_265' title='bbox 443 2113 486 2164; x_wconf 82' lang='grc' dir='ltr'><strong><em>ὦ</em></strong></span> <span class='ocrx_word' id='word_1_266' title='bbox 525 2113 799 2182; x_wconf 89' lang='grc' dir='ltr'><em>βέλτιστε,</em></span> <span class='ocrx_word' id='word_1_267' title='bbox 842 2117 916 2176; x_wconf 83' lang='grc' dir='ltr'><em>ὥς</em></span> <span class='ocrx_word' id='word_1_268' title='bbox 945 2130 1138 2186; x_wconf 89' lang='grc' dir='ltr'><em>φασιν,</em></span> <span class='ocrx_word' id='word_1_269' title='bbox 1178 2118 1236 2166; x_wconf 87' lang='grc' dir='ltr'><em>ἐκ</em></span> <span class='ocrx_word' id='word_1_270' title='bbox 1275 2123 1378 2166; x_wconf 81' lang='grc' dir='ltr'><em>τοῦ</em></span> <span class='ocrx_word' id='word_1_271' title='bbox 1413 2119 1628 2178; x_wconf 81' lang='grc' dir='ltr'><em>παντὸς</em></span> <span class='ocrx_word' id='word_1_272' title='bbox 1668 2119 1873 2178; x_wconf 84' lang='grc' dir='ltr'><em>αἰῶνος</em></span> <span class='ocrx_word' id='word_1_273' title='bbox 1912 2115 2060 2167; x_wconf 81' lang='grc' dir='ltr'><em>εἶναι’</em></span> <span class='ocrx_word' id='word_1_274' title='bbox 2089 2134 2145 2167; x_wconf 90' lang='grc' dir='ltr'><em>τι</em></span> <span class='ocrx_word' id='word_1_275' title='bbox 2169 2121 2327 2184; x_wconf 88' lang='grc' dir='ltr'><em>γένος</em></span> 
     </span>
    </p>
   </div>
   <div class='ocr_carea' id='block_1_12' title="bbox 231 2537 2408 2614">
    <p class='ocr_par' dir='ltr' id='par_1_16' title="bbox 231 2537 2408 2614">
     <span class='ocr_line' id='line_1_31' title="bbox 231 2537 2408 2614; baseline 0 -24"><span class='ocrx_word' id='word_1_276' title='bbox 231 2537 289 2589; x_wconf 84' lang='grc' dir='ltr'><em>δὲ</em></span> <span class='ocrx_word' id='word_1_277' title='bbox 338 2541 524 2606; x_wconf 94' lang='grc' dir='ltr'><em>βίους,</em></span> <span class='ocrx_word' id='word_1_278' title='bbox 572 2543 803 2604; x_wconf 81' lang='grc' dir='ltr'><em>ἁπάσας</em></span> <span class='ocrx_word' id='word_1_279' title='bbox 853 2541 911 2593; x_wconf 78' lang='grc' dir='ltr'><em>δὲ</em></span> <span class='ocrx_word' id='word_1_280' title='bbox 961 2545 1129 2609; x_wconf 88' lang='grc' dir='ltr'><em>τύχας</em></span> <span class='ocrx_word' id='word_1_281' title='bbox 1175 2546 1269 2595; x_wconf 85' lang='grc' dir='ltr'><em>καὶ</em></span> <span class='ocrx_word' id='word_1_282' title='bbox 1319 2541 1611 2614; x_wconf 81' lang='grc' dir='ltr'><em>ξυμφορὰς</em></span> <span class='ocrx_word' id='word_1_283' title='bbox 1656 2541 2077 2613; x_wconf 89' lang='grc' dir='ltr'><em>μετηλλαχότες.</em></span> <span class='ocrx_word' id='word_1_284' title='bbox 2151 2543 2182 2611; x_wconf 84' lang='grc' dir='ltr'><em>ἢ</em></span> <span class='ocrx_word' id='word_1_285' title='bbox 2226 2542 2321 2591; x_wconf 80' lang='grc' dir='ltr'><em>οὐκ</em></span> <span class='ocrx_word' id='word_1_286' title='bbox 2345 2540 2408 2590; x_wconf 82' lang='grc'><em>12</em></span> 
     </span>
    </p>
   </div>
   <div class='ocr_carea' id='block_1_13' title="bbox 230 2622 2326 2868">
    <p class='ocr_par' dir='ltr' id='par_1_17' title="bbox 230 2622 2326 2868">
     <span class='ocr_line' id='line_1_32' title="bbox 230 2622 2326 2698; baseline 0.002 -25"><span class='ocrx_word' id='word_1_287' title='bbox 230 2622 409 2674; x_wconf 80' lang='grc' dir='ltr'><em>οἶσθα</em></span> <span class='ocrx_word' id='word_1_288' title='bbox 449 2627 537 2676; x_wconf 84' lang='grc' dir='ltr'><em>ὅτι</em></span> <span class='ocrx_word' id='word_1_289' title='bbox 573 2629 773 2678; x_wconf 87' lang='grc' dir='ltr'><em>τούτου</em></span> <span class='ocrx_word' id='word_1_290' title='bbox 815 2630 993 2679; x_wconf 80' lang='grc' dir='ltr'><em>ἕνεκεν</em></span> <span class='ocrx_word' id='word_1_291' title='bbox 1030 2630 1098 2679; x_wconf 83' lang='grc' dir='ltr'><em>τοὶ</em></span> <span class='ocrx_word' id='word_1_292' title='bbox 1138 2635 1248 2680; x_wconf 91' lang='grc' dir='ltr'><em>τῶν</em></span> <span class='ocrx_word' id='word_1_293' title='bbox 1286 2631 1484 2698; x_wconf 78' lang='grc' dir='ltr'><em>ἡρώων</em></span> <span class='ocrx_word' id='word_1_294' title='bbox 1524 2627 1833 2696; x_wconf 90' lang='grc' dir='ltr'><em>λεγομένων</em></span> <span class='ocrx_word' id='word_1_295' title='bbox 1865 2632 1991 2697; x_wconf 88' lang='grc' dir='ltr'><em>γένη</em></span> <span class='ocrx_word' id='word_1_296' title='bbox 2033 2629 2206 2688; x_wconf 78' lang='grc' dir='ltr'><em>εὐθὺς</em></span> <span class='ocrx_word' id='word_1_297' title='bbox 2245 2629 2326 2687; x_wconf 90' lang='grc' dir='ltr'><em>εἰς</em></span> 
     </span>
     <span class='ocr_line' id='line_1_33' title="bbox 231 2709 2324 2784; baseline 0.001 -26"><span class='ocrx_word' id='word_1_298' title='bbox 231 2709 409 2770; x_wconf 78' lang='grc' dir='ltr'><em>θεοὺς</em></span> <span class='ocrx_word' id='word_1_299' title='bbox 450 2711 506 2759; x_wconf 89' lang='grc' dir='ltr'><em>οἱ</em></span> <span class='ocrx_word' id='word_1_300' title='bbox 543 2714 781 2781; x_wconf 84' lang='grc' dir='ltr'><em>ποιηταὶ</em></span> <span class='ocrx_word' id='word_1_301' title='bbox 820 2713 1218 2783; x_wconf 83' lang='grc' dir='ltr'><em>ἀναφέρουσιν,</em></span> <span class='ocrx_word' id='word_1_302' title='bbox 1261 2715 1405 2764; x_wconf 82' lang='grc' dir='ltr'><em>ὥστε</em></span> <span class='ocrx_word' id='word_1_303' title='bbox 1442 2718 1640 2784; x_wconf 87' lang='grc' dir='ltr'><em>μηκέτι</em></span> <span class='ocrx_word' id='word_1_304' title='bbox 1676 2709 2045 2776; x_wconf 82' lang='grc' dir='ltr'><em>ἐξετάζεσθαι</em></span> <span class='ocrx_word' id='word_1_305' title='bbox 2082 2715 2145 2763; x_wconf 86' lang='grc' dir='ltr'><em>τὸ</em></span> <span class='ocrx_word' id='word_1_306' title='bbox 2185 2728 2324 2781; x_wconf 86' lang='grc' dir='ltr'><em>προ·-</em></span> 
     </span>
     <span class='ocr_line' id='line_1_34' title="bbox 232 2796 2320 2868; baseline 0.001 -25"><span class='ocrx_word' id='word_1_307' title='bbox 232 2796 507 2863; x_wconf 88' lang='grc' dir='ltr'><em>σώτερον,·</em></span> <span class='ocrx_word' id='word_1_308' title='bbox 553 2798 647 2847; x_wconf 82' lang='grc' dir='ltr'><em>καὶ</em></span> <span class='ocrx_word' id='word_1_309' title='bbox 694 2799 825 2858; x_wconf 88' lang='grc' dir='ltr'><em>τούς</em></span> <span class='ocrx_word' id='word_1_310' title='bbox 873 2814 934 2865; x_wconf 88' lang='grc' dir='ltr'><em>γε</em></span> <span class='ocrx_word' id='word_1_311' title='bbox 986 2796 1256 2860; x_wconf 88' lang='grc' dir='ltr'><em>πλείονας</em></span> <span class='ocrx_word' id='word_1_312' title='bbox 1306 2800 1487 2849; x_wconf 81' lang='grc' dir='ltr'><em>αὐτῶν</em></span> <span class='ocrx_word' id='word_1_313' title='bbox 1535 2812 1711 2868; x_wconf 90' lang='grc' dir='ltr'><em>φασιν</em></span> <span class='ocrx_word' id='word_1_314' title='bbox 1748 2800 1806 2848; x_wconf 87' lang='grc' dir='ltr'><em>ἐκ</em></span> <span class='ocrx_word' id='word_1_315' title='bbox 1842 2799 1986 2858; x_wconf 84' lang='grc' dir='ltr'><em>Διὸς</em></span> <span class='ocrx_word' id='word_1_316' title='bbox 2021 2800 2320 2863; x_wconf 85' lang='grc' dir='ltr'><em>γεγονέναι,</em></span> 
     </span>
    </p>
   </div>
   <div class='ocr_carea' id='block_1_14' title="bbox 147 2879 2320 2950">
    <p class='ocr_par' dir='ltr' id='par_1_18' title="bbox 147 2879 2320 2950">
     <span class='ocr_line' id='line_1_35' title="bbox 147 2879 2320 2950; baseline -0.001 -18"><span class='ocrx_word' id='word_1_317' title='bbox 147 2891 196 2938; x_wconf 87' lang='grc' dir='ltr'><em>3ο</em></span> <span class='ocrx_word' id='word_1_318' title='bbox 234 2880 323 2930; x_wconf 85' lang='grc' dir='ltr'><em>ἵνα</em></span> <span class='ocrx_word' id='word_1_319' title='bbox 361 2882 435 2950; x_wconf 83' lang='grc' dir='ltr'><em>μη</em></span> <span class='ocrx_word' id='word_1_320' title='bbox 479 2882 671 2943; x_wconf 81' lang='grc' dir='ltr'><em>αὐτοῖς</em></span> <span class='ocrx_word' id='word_1_321' title='bbox 699 2883 760 2932; x_wconf 82' lang='grc' dir='ltr'><em>οἵ</em></span> <span class='ocrx_word' id='word_1_322' title='bbox 783 2900 843 2933; x_wconf 91' lang='grc' dir='ltr'><em>τε</em></span> <span class='ocrx_word' id='word_1_323' title='bbox 880 2882 1136 2950; x_wconf 80' lang='grc' dir='ltr'><em>βασιλεῖς</em></span> <span class='ocrx_word' id='word_1_324' title='bbox 1161 2886 1255 2935; x_wconf 85' lang='grc' dir='ltr'><em>καὶ</em></span> <span class='ocrx_word' id='word_1_325' title='bbox 1294 2886 1349 2934; x_wconf 82' lang='grc' dir='ltr'><em>οἱ</em></span> <span class='ocrx_word' id='word_1_326' title='bbox 1388 2884 1634 2934; x_wconf 86' lang='grc' dir='ltr'><em>οἰκισταὶ</em></span> <span class='ocrx_word' id='word_1_327' title='bbox 1658 2888 1768 2933; x_wconf 93' lang='grc' dir='ltr'><em>τῶν</em></span> <span class='ocrx_word' id='word_1_328' title='bbox 1795 2879 2018 2931; x_wconf 89' lang='grc' dir='ltr'><em>πόλεων</em></span> <span class='ocrx_word' id='word_1_329' title='bbox 2042 2882 2135 2931; x_wconf 85' lang='grc' dir='ltr'><em>καὶ</em></span> <span class='ocrx_word' id='word_1_330' title='bbox 2172 2881 2320 2929; x_wconf 84' lang='grc' dir='ltr'><em>ἐπώ-</em></span> 
     </span>
    </p>
   </div>
   <div class='ocr_carea' id='block_1_15' title="bbox 229 2965 2318 3036">
    <p class='ocr_par' dir='ltr' id='par_1_19' title="bbox 229 2965 2318 3036">
     <span class='ocr_line' id='line_1_36' title="bbox 229 2965 2318 3036; baseline 0 -22"><span class='ocrx_word' id='word_1_331' title='bbox 229 2982 394 3030; x_wconf 92' lang='grc' dir='ltr'><em>νυμοι</em></span> <span class='ocrx_word' id='word_1_332' title='bbox 421 2967 503 3027; x_wconf 87' lang='grc' dir='ltr'><em>εἰς</em></span> <span class='ocrx_word' id='word_1_333' title='bbox 526 2973 759 3017; x_wconf 80' lang='grc' dir='ltr'><em>τοιαῦτα</em></span> <span class='ocrx_word' id='word_1_334' title='bbox 787 2969 1170 3033; x_wconf 88' lang='grc' dir='ltr'><em>ἐμπίπτωσιν,</em></span> <span class='ocrx_word' id='word_1_335' title='bbox 1214 2971 1248 3018; x_wconf 84' lang='grc' dir='ltr'><em>ἂ</em></span> <span class='ocrx_word' id='word_1_336' title='bbox 1278 2967 1438 3019; x_wconf 88' lang='grc' dir='ltr'><em>δοκεῖ</em></span> <span class='ocrx_word' id='word_1_337' title='bbox 1455 2969 1611 3036; x_wconf 80' lang='grc' dir='ltr'><em>παρὰ</em></span> <span class='ocrx_word' id='word_1_338' title='bbox 1642 2971 1763 3027; x_wconf 90' lang='grc' dir='ltr'><em>τοῖς</em></span> <span class='ocrx_word' id='word_1_339' title='bbox 1802 2967 2139 3034; x_wconf 84' lang='grc' dir='ltr'><em>ἀνθρώποις</em></span> <span class='ocrx_word' id='word_1_340' title='bbox 2178 2965 2318 3014; x_wconf 82' lang='grc' dir='ltr'><em>ὀνεί-</em></span> 
     </span>
    </p>
   </div>
   <div class='ocr_carea' id='block_1_16' title="bbox 223 3100 2319 3804">
    <p class='ocr_par' dir='ltr' id='par_1_20' title="bbox 223 3100 2319 3804">
     <span class='ocr_line' id='line_1_37' title="bbox 364 3100 2319 3166; baseline -0.003 -17"><span class='ocrx_word' id='word_1_341' title='bbox 364 3108 383 3147; x_wconf 92' lang='grc'>1</span> <span class='ocrx_word' id='word_1_342' title='bbox 408 3103 458 3149; x_wconf 78' lang='grc' dir='ltr'><em>δὲ</em></span> <span class='ocrx_word' id='word_1_343' title='bbox 477 3100 591 3156; x_wconf 75' lang='grc' dir='ltr'><em>ἴσως</em></span> <span class='ocrx_word' id='word_1_344' title='bbox 611 3103 648 3146; x_wconf 87' lang='grc' dir='ltr'>Β</span> <span class='ocrx_word' id='word_1_345' title='bbox 741 3107 766 3147; x_wconf 88' lang='grc'><strong>2</strong></span> <span class='ocrx_word' id='word_1_346' title='bbox 783 3103 1025 3161; x_wconf 87' lang='grc' dir='ltr'><em>ἀμφείονα</em></span> <span class='ocrx_word' id='word_1_347' title='bbox 1046 3105 1095 3148; x_wconf 92' lang='grc' dir='ltr'><strong>Μ</strong></span> <span class='ocrx_word' id='word_1_348' title='bbox 1187 3102 1451 3166; x_wconf 83' lang='grc' dir='ltr'><em>ἐλοιδόροις</em></span> <span class='ocrx_word' id='word_1_349' title='bbox 1471 3105 1521 3148; x_wconf 91' lang='grc' dir='ltr'><strong>Μ</strong></span> <span class='ocrx_word' id='word_1_350' title='bbox 1608 3108 1632 3147; x_wconf 88' lang='grc'><strong>3</strong></span> <span class='ocrx_word' id='word_1_351' title='bbox 1665 3100 1890 3160; x_wconf 90' lang='grc' dir='ltr'><em>διόμνυσο</em></span> <span class='ocrx_word' id='word_1_352' title='bbox 1914 3103 1963 3146; x_wconf 87' lang='grc' dir='ltr'><strong>Μ</strong></span> <span class='ocrx_word' id='word_1_353' title='bbox 2052 3105 2074 3145; x_wconf 79' lang='grc'>7</span> <span class='ocrx_word' id='word_1_354' title='bbox 2106 3114 2164 3146; x_wconf 83' lang='lat' dir='ltr'><em>ex</em></span> <span class='ocrx_word' id='word_1_355' title='bbox 2182 3101 2319 3144; x_wconf 86' lang='lat' dir='ltr'>Euri-</span> 
     </span>
     <span class='ocr_line' id='line_1_38' title="bbox 227 3168 2247 3232; baseline -0.001 -15"><span class='ocrx_word' id='word_1_356' title='bbox 227 3173 345 3229; x_wconf 81' lang='lat' dir='ltr'>pidis</span> <span class='ocrx_word' id='word_1_357' title='bbox 373 3173 633 3218; x_wconf 83' lang='lat' dir='ltr'><strong>Alexandro</strong></span> <span class='ocrx_word' id='word_1_358' title='bbox 664 3174 777 3218; x_wconf 82' lang='lat' dir='ltr'><strong>haec</strong></span> <span class='ocrx_word' id='word_1_359' title='bbox 807 3175 1043 3231; x_wconf 82' lang='lat' dir='ltr'><strong>desumpta</strong></span> <span class='ocrx_word' id='word_1_360' title='bbox 1072 3180 1179 3220; x_wconf 80' lang='lat' dir='ltr'>sunt</span> <span class='ocrx_word' id='word_1_361' title='bbox 1297 3168 1428 3232; x_wconf 76' lang='grc' dir='ltr'><em>ὅμως</em></span> <span class='ocrx_word' id='word_1_362' title='bbox 1456 3175 1572 3229; x_wconf 81' lang='lat' dir='ltr'>libri,</span> <span class='ocrx_word' id='word_1_363' title='bbox 1605 3188 1720 3219; x_wconf 89' lang='lat' dir='ltr'><strong>corr.</strong></span> <span class='ocrx_word' id='word_1_364' title='bbox 1741 3175 1848 3219; x_wconf 91' lang='lat' dir='ltr'>Wil.</span> <span class='ocrx_word' id='word_1_365' title='bbox 1966 3178 1991 3217; x_wconf 90' lang='grc'>8</span> <span class='ocrx_word' id='word_1_366' title='bbox 2022 3169 2179 3219; x_wconf 87' lang='grc' dir='ltr'><em>δούλιν</em></span> <span class='ocrx_word' id='word_1_367' title='bbox 2207 3170 2247 3214; x_wconf 93' lang='lat' dir='ltr'>U</span> 
     </span>
     <span class='ocr_line' id='line_1_39' title="bbox 225 3239 2317 3305; baseline -0.001 -16"><span class='ocrx_word' id='word_1_368' title='bbox 225 3242 256 3304; x_wconf 74' lang='grc' dir='ltr'><em>ἢ</em></span> <span class='ocrx_word' id='word_1_369' title='bbox 285 3258 368 3302; x_wconf 89' lang='lat' dir='ltr'><em>pro</em></span> <span class='ocrx_word' id='word_1_370' title='bbox 389 3240 416 3304; x_wconf 77' lang='grc' dir='ltr'>ἡ</span> <span class='ocrx_word' id='word_1_371' title='bbox 438 3245 487 3288; x_wconf 92' lang='grc' dir='ltr'><strong>Μ</strong></span> <span class='ocrx_word' id='word_1_372' title='bbox 603 3249 628 3289; x_wconf 88' lang='grc'><strong>9</strong></span> <span class='ocrx_word' id='word_1_373' title='bbox 651 3239 793 3303; x_wconf 76' lang='grc' dir='ltr'><em>αὐτῆς</em></span> <span class='ocrx_word' id='word_1_374' title='bbox 813 3245 903 3289; x_wconf 90' lang='lat' dir='ltr'><em>UM</em></span> <span class='ocrx_word' id='word_1_375' title='bbox 1022 3251 1068 3290; x_wconf 91' lang='lat'><em>11</em></span> <span class='ocrx_word' id='word_1_376' title='bbox 1104 3242 1190 3304; x_wconf 77' lang='grc' dir='ltr'><em>οὐχ</em></span> <span class='ocrx_word' id='word_1_377' title='bbox 1220 3241 1384 3300; x_wconf 79' lang='grc' dir='ltr'><em>ἁπλῶς</em></span> <span class='ocrx_word' id='word_1_378' title='bbox 1404 3248 1442 3290; x_wconf 89' lang='grc' dir='ltr'><strong>Β</strong></span> <span class='ocrx_word' id='word_1_379' title='bbox 1562 3249 1610 3290; x_wconf 81' lang='grc'><em>12</em></span> <span class='ocrx_word' id='word_1_380' title='bbox 1642 3246 1686 3292; x_wconf 86' lang='grc' dir='ltr'><em>εἰ</em></span> <span class='ocrx_word' id='word_1_381' title='bbox 1701 3259 1784 3303; x_wconf 87' lang='lat' dir='ltr'><em>pro</em></span> <span class='ocrx_word' id='word_1_382' title='bbox 1813 3242 1843 3305; x_wconf 80' lang='grc' dir='ltr'><em>ἢ</em></span> <span class='ocrx_word' id='word_1_383' title='bbox 1871 3245 1922 3289; x_wconf 90' lang='grc' dir='ltr'><strong>Μ</strong></span> <span class='ocrx_word' id='word_1_384' title='bbox 2040 3248 2092 3288; x_wconf 86' lang='grc'><em>13</em></span> <span class='ocrx_word' id='word_1_385' title='bbox 2122 3245 2204 3289; x_wconf 82' lang='grc' dir='ltr'><em>καὶ</em></span> <span class='ocrx_word' id='word_1_386' title='bbox 2232 3255 2317 3287; x_wconf 83' lang='lat' dir='ltr'><em>om·</em></span> 
     </span>
     <span class='ocr_line' id='line_1_40' title="bbox 224 3309 2318 3376; baseline -0.002 -13"><span class='ocrx_word' id='word_1_387' title='bbox 224 3319 274 3363; x_wconf 93' lang='lat' dir='ltr'>M</span> <span class='ocrx_word' id='word_1_388' title='bbox 295 3332 354 3363; x_wconf 91' lang='lat' dir='ltr'><em>m.</em></span> <span class='ocrx_word' id='word_1_389' title='bbox 374 3331 443 3374; x_wconf 86' lang='lat' dir='ltr'><em>pr.</em></span> <span class='ocrx_word' id='word_1_390' title='bbox 531 3311 696 3376; x_wconf 80' lang='grc' dir='ltr'><em>δούλης</em></span> <span class='ocrx_word' id='word_1_391' title='bbox 717 3309 836 3364; x_wconf 75' lang='grc' dir='ltr'><em>οὖσα</em></span> <span class='ocrx_word' id='word_1_392' title='bbox 857 3318 909 3373; x_wconf 86' lang='grc' dir='ltr'><em>Β,</em></span> <span class='ocrx_word' id='word_1_393' title='bbox 931 3314 1072 3376; x_wconf 81' lang='grc' dir='ltr'><em>δούλη</em></span> <span class='ocrx_word' id='word_1_394' title='bbox 1091 3331 1178 3362; x_wconf 91' lang='lat' dir='ltr'><em>om.</em></span> <span class='ocrx_word' id='word_1_395' title='bbox 1202 3318 1241 3362; x_wconf 95' lang='lat' dir='ltr'><strong>U</strong></span> <span class='ocrx_word' id='word_1_396' title='bbox 1331 3322 1382 3362; x_wconf 82' lang='lat'><em>14</em></span> <span class='ocrx_word' id='word_1_397' title='bbox 1411 3334 1505 3375; x_wconf 89' lang='grc' dir='ltr'><em>μου</em></span> <span class='ocrx_word' id='word_1_398' title='bbox 1534 3331 1620 3363; x_wconf 91' lang='lat' dir='ltr'><em>om.</em></span> <span class='ocrx_word' id='word_1_399' title='bbox 1651 3318 1689 3361; x_wconf 94' lang='lat' dir='ltr'><strong>B</strong></span> <span class='ocrx_word' id='word_1_400' title='bbox 1778 3322 1827 3362; x_wconf 84' lang='lat'><em>15</em></span> <span class='ocrx_word' id='word_1_401' title='bbox 1860 3309 1889 3376; x_wconf 78' lang='grc' dir='ltr'><strong><em>ἦ</em></strong></span> <span class='ocrx_word' id='word_1_402' title='bbox 1918 3318 1956 3360; x_wconf 90' lang='grc' dir='ltr'>Β</span> <span class='ocrx_word' id='word_1_403' title='bbox 2047 3320 2097 3359; x_wconf 86' lang='grc'><em>17</em></span> <span class='ocrx_word' id='word_1_404' title='bbox 2129 3311 2318 3361; x_wconf 79' lang='grc' dir='ltr'><em>δούλοιν</em></span> 
     </span>
     <span class='ocr_line' id='line_1_41' title="bbox 227 3382 2205 3448; baseline -0.002 -15"><span class='ocrx_word' id='word_1_405' title='bbox 227 3390 264 3433; x_wconf 90' lang='grc' dir='ltr'><strong>Τ</strong></span> <span class='ocrx_word' id='word_1_406' title='bbox 296 3382 456 3436; x_wconf 81' lang='grc' dir='ltr'><em>δούλοι</em></span> <span class='ocrx_word' id='word_1_407' title='bbox 486 3388 575 3432; x_wconf 91' lang='grc' dir='ltr'><strong>ΒΜ</strong></span> <span class='ocrx_word' id='word_1_408' title='bbox 606 3390 762 3434; x_wconf 86' lang='grc' dir='ltr'><em>δοῦλοι</em></span> <span class='ocrx_word' id='word_1_409' title='bbox 794 3388 837 3433; x_wconf 83' lang='lat' dir='ltr'>U</span> <span class='ocrx_word' id='word_1_410' title='bbox 977 3385 1241 3447; x_wconf 85' lang='grc' dir='ltr'><em>γεγόνεσαν</em></span> <span class='ocrx_word' id='word_1_411' title='bbox 1271 3389 1360 3433; x_wconf 86' lang='lat' dir='ltr'><em>UM</em></span> <span class='ocrx_word' id='word_1_412' title='bbox 1389 3387 1645 3448; x_wconf 86' lang='grc' dir='ltr'><em>γεγόνασιν</em></span> <span class='ocrx_word' id='word_1_413' title='bbox 1674 3389 1711 3433; x_wconf 95' lang='grc' dir='ltr'>Β</span> <span class='ocrx_word' id='word_1_414' title='bbox 1858 3391 1910 3432; x_wconf 89' lang='grc'><em>19</em></span> <span class='ocrx_word' id='word_1_415' title='bbox 1943 3384 2126 3434; x_wconf 76' lang='grc' dir='ltr'><em>οἴονται</em></span> <span class='ocrx_word' id='word_1_416' title='bbox 2155 3386 2205 3429; x_wconf 91' lang='grc' dir='ltr'><strong>Μ</strong></span> 
     </span>
     <span class='ocr_line' id='line_1_42' title="bbox 227 3455 2319 3520; baseline -0.002 -16"><span class='ocrx_word' id='word_1_417' title='bbox 227 3465 277 3505; x_wconf 85' lang='grc'><em>21</em></span> <span class='ocrx_word' id='word_1_418' title='bbox 311 3459 412 3507; x_wconf 82' lang='grc' dir='ltr'><em>ἐστι</em></span> <span class='ocrx_word' id='word_1_419' title='bbox 442 3461 479 3503; x_wconf 92' lang='grc' dir='ltr'>Β</span> <span class='ocrx_word' id='word_1_420' title='bbox 567 3463 619 3504; x_wconf 83' lang='grc'><em>25</em></span> <span class='ocrx_word' id='word_1_421' title='bbox 652 3455 711 3506; x_wconf 83' lang='grc' dir='ltr'><em>τὰ</em></span> <span class='ocrx_word' id='word_1_422' title='bbox 744 3457 863 3507; x_wconf 69' lang='grc' dir='ltr'><em>ἄλλα</em></span> <span class='ocrx_word' id='word_1_423' title='bbox 884 3460 934 3503; x_wconf 92' lang='grc' dir='ltr'><strong>Μ</strong></span> <span class='ocrx_word' id='word_1_424' title='bbox 1021 3455 1082 3506; x_wconf 71' lang='grc' dir='ltr'><em>ἄν</em></span> <span class='ocrx_word' id='word_1_425' title='bbox 1101 3457 1153 3506; x_wconf 85' lang='grc' dir='ltr'><em>ἐν</em></span> <span class='ocrx_word' id='word_1_426' title='bbox 1173 3459 1223 3502; x_wconf 93' lang='grc' dir='ltr'><strong>Μ</strong></span> <span class='ocrx_word' id='word_1_427' title='bbox 1308 3459 1396 3516; x_wconf 80' lang='grc' dir='ltr'><em>μὲν</em></span> <span class='ocrx_word' id='word_1_428' title='bbox 1423 3456 1519 3520; x_wconf 80' lang='grc' dir='ltr'><em>γὰρ</em></span> <span class='ocrx_word' id='word_1_429' title='bbox 1549 3455 1823 3519; x_wconf 81' lang='grc' dir='ltr'><em>εύεργεσίας</em></span> <span class='ocrx_word' id='word_1_430' title='bbox 1842 3459 1924 3504; x_wconf 88' lang='lat' dir='ltr'><em>UB</em></span> <span class='ocrx_word' id='word_1_431' title='bbox 2012 3461 2064 3502; x_wconf 88' lang='lat'><em>26</em></span> <span class='ocrx_word' id='word_1_432' title='bbox 2096 3455 2319 3502; x_wconf 79' lang='lat' dir='ltr'>sententia</span> 
     </span>
     <span class='ocr_line' id='line_1_43' title="bbox 227 3526 2319 3590; baseline -0.004 -14"><span class='ocrx_word' id='word_1_433' title='bbox 227 3536 273 3576; x_wconf 83' lang='lat' dir='ltr'><em>et.</em></span> <span class='ocrx_word' id='word_1_434' title='bbox 290 3532 582 3588; x_wconf 79' lang='lat' dir='ltr'>grammatica</span> <span class='ocrx_word' id='word_1_435' title='bbox 597 3532 821 3587; x_wconf 79' lang='lat' dir='ltr'><strong>postulat:</strong></span> <span class='ocrx_word' id='word_1_436' title='bbox 843 3528 1156 3590; x_wconf 85' lang='grc' dir='ltr'><em>μετηλλαχότι</em></span> <span class='ocrx_word' id='word_1_437' title='bbox 1166 3553 1182 3588; x_wconf 88' lang='lat'><em>;</em></span> <span class='ocrx_word' id='word_1_438' title='bbox 1200 3543 1341 3587; x_wconf 79' lang='lat' dir='ltr'>genus</span> <span class='ocrx_word' id='word_1_439' title='bbox 1359 3531 1473 3575; x_wconf 89' lang='lat' dir='ltr'>enim</span> <span class='ocrx_word' id='word_1_440' title='bbox 1490 3528 1754 3590; x_wconf 84' lang='grc' dir='ltr'><em>μετήλλαχε</em></span> <span class='ocrx_word' id='word_1_441' title='bbox 1769 3530 1855 3584; x_wconf 78' lang='grc' dir='ltr'><em>τὰς</em></span> <span class='ocrx_word' id='word_1_442' title='bbox 1870 3526 2029 3589; x_wconf 87' lang='grc' dir='ltr'><em>τύχας,</em></span> <span class='ocrx_word' id='word_1_443' title='bbox 2049 3542 2139 3573; x_wconf 90' lang='lat' dir='ltr'><em>non</em></span> <span class='ocrx_word' id='word_1_444' title='bbox 2156 3526 2319 3583; x_wconf 79' lang='lat' dir='ltr'><strong>singuli</strong></span> 
     </span>
     <span class='ocr_line' id='line_1_44' title="bbox 230 3591 2315 3661; baseline -0.002 -15"><span class='ocrx_word' id='word_1_445' title='bbox 230 3603 454 3659; x_wconf 64' lang='lat' dir='ltr'>homines:</span> <span class='ocrx_word' id='word_1_446' title='bbox 494 3606 644 3659; x_wconf 78' lang='lat' dir='ltr'><strong>potest</strong></span> <span class='ocrx_word' id='word_1_447' title='bbox 681 3603 814 3647; x_wconf 85' lang='lat' dir='ltr'>etiam</span> <span class='ocrx_word' id='word_1_448' title='bbox 850 3599 1203 3661; x_wconf 82' lang='grc' dir='ltr'><em>μετηλλαχότος</em></span> <span class='ocrx_word' id='word_1_449' title='bbox 1240 3602 1373 3646; x_wconf 88' lang='lat' dir='ltr'>scribi</span> <span class='ocrx_word' id='word_1_450' title='bbox 1545 3605 1599 3646; x_wconf 86' lang='lat'><em>28</em></span> <span class='ocrx_word' id='word_1_451' title='bbox 1639 3597 1696 3648; x_wconf 90' lang='grc' dir='ltr'><em>τὸ</em></span> <span class='ocrx_word' id='word_1_452' title='bbox 1737 3598 2055 3661; x_wconf 82' lang='grc' dir='ltr'><em>προσώτερον</em></span> <span class='ocrx_word' id='word_1_453' title='bbox 2088 3599 2221 3655; x_wconf 90' lang='lat' dir='ltr'><strong>Emp.</strong></span> <span class='ocrx_word' id='word_1_454' title='bbox 2260 3591 2315 3642; x_wconf 85' lang='grc' dir='ltr'><em>τὸ</em></span> 
     </span>
     <span class='ocr_line' id='line_1_45' title="bbox 223 3662 2317 3731; baseline -0.003 -13"><span class='ocrx_word' id='word_1_455' title='bbox 223 3673 494 3731; x_wconf 83' lang='grc' dir='ltr'><em>πρόσωπον</em></span> <span class='ocrx_word' id='word_1_456' title='bbox 523 3673 626 3718; x_wconf 87' lang='lat' dir='ltr'>libri</span> <span class='ocrx_word' id='word_1_457' title='bbox 742 3677 793 3717; x_wconf 78' lang='lat'><em>29</em></span> <span class='ocrx_word' id='word_1_458' title='bbox 827 3672 1032 3726; x_wconf 77' lang='grc' dir='ltr'><em>πλέονας</em></span> <span class='ocrx_word' id='word_1_459' title='bbox 1060 3672 1108 3717; x_wconf 88' lang='grc' dir='ltr'><strong>Μ</strong></span> <span class='ocrx_word' id='word_1_460' title='bbox 1139 3686 1194 3715; x_wconf 90' lang='lat' dir='ltr'><em>m.</em></span> <span class='ocrx_word' id='word_1_461' title='bbox 1226 3685 1295 3729; x_wconf 89' lang='lat' dir='ltr'><em>pr.</em></span> <span class='ocrx_word' id='word_1_462' title='bbox 1416 3675 1468 3716; x_wconf 89' lang='lat'><em>30</em></span> <span class='ocrx_word' id='word_1_463' title='bbox 1501 3670 1547 3718; x_wconf 78' lang='grc' dir='ltr'><em>οἳ</em></span> <span class='ocrx_word' id='word_1_464' title='bbox 1575 3674 1695 3729; x_wconf 84' lang='lat' dir='ltr'>(post</span> <span class='ocrx_word' id='word_1_465' title='bbox 1723 3675 1819 3727; x_wconf 84' lang='grc' dir='ltr'><em>καὶ)</em></span> <span class='ocrx_word' id='word_1_466' title='bbox 1857 3686 1943 3718; x_wconf 91' lang='lat' dir='ltr'><em>om.</em></span> <span class='ocrx_word' id='word_1_467' title='bbox 1972 3671 2024 3716; x_wconf 90' lang='lat' dir='ltr'>M</span> <span class='ocrx_word' id='word_1_468' title='bbox 2139 3672 2190 3713; x_wconf 85' lang='lat'><em>31</em></span> <span class='ocrx_word' id='word_1_469' title='bbox 2223 3662 2317 3724; x_wconf 74' lang='grc' dir='ltr'><em>εἷδη</em></span> 
     </span>
     <span class='ocr_line' id='line_1_46' title="bbox 223 3741 573 3804; baseline -0.003 -16"><span class='ocrx_word' id='word_1_470' title='bbox 223 3757 308 3800; x_wconf 87' lang='lat' dir='ltr'><em>pro</em></span> <span class='ocrx_word' id='word_1_471' title='bbox 341 3741 497 3804; x_wconf 77' lang='grc' dir='ltr'><em>ὀνείδη</em></span> <span class='ocrx_word' id='word_1_472' title='bbox 525 3744 573 3787; x_wconf 90' lang='grc' dir='ltr'><strong>Μ</strong></span> 
     </span>
    </p>
   </div>
  </div>
 </body>
</html>
