2684 4140
1019 285 1244 332 ORATIO
1274 283 1528 330 XXXVIII.
2236 277 2302 326 41

15 446 206 487 150R11)
232 438 538 505 πρωτεύειν
576 437 633 486 ἐν
673 431 838 484 πόλει
877 430 969 483 διὰ
1008 437 1171 481 τοῦτο
1212 427 1576 498 εὐδοκιμήσῃ,
1625 420 2119 497 (διαβεβλήσεται)
2162 414 2300 493 παρ’

227 523 355 586 ὑμῖν
380 519 458 588 τῷ
487 521 629 588 πρὸς
655 519 895 579 ἐκείνους
923 514 1098 583 λέγειν
1123 516 1154 585 ἢ
1185 506 1323 583 παρ’
1355 515 1588 575 ἐκείνοις
1610 512 1687 581 τῷ
1718 515 1861 583 πρὸς
1887 514 2057 577 ὑμᾶς·
2088 509 2213 559 οὔτε
2241 509 2307 559 ἂν

230 602 445 674 φαῦλός
470 622 556 665 τις
595 606 671 654 ὢν
707 605 800 654 καὶ
837 607 938 652 τοῦ
965 599 1157 651 δοῦναι
1185 597 1338 669 δίκην
1366 596 1525 662 ἄξιος
1553 599 1776 667 εὑρεθῇ,
1818 594 2185 666 διαδράσεται
2210 596 2308 664 τὴν

228 690 501 757 τιμωρίαν
527 685 869 754 ἀπαλλαγεὶς
895 686 1155 736 ἐντεῦθεν
1177 686 1304 746 ἐκεῖ,
1330 684 1592 734 κάκεῖθεν
1615 680 1838 734 ἐνθάδε.
1891 683 1953 731 τὸ
1984 679 2042 731 δὲ
2063 686 2156 731 νῦν
2183 680 2306 744 ἔχον
2329 676 2396 727 42

174 779 198 819 5
237 774 427 842 ὥσπερ
466 775 771 843 ὑφορμεῖτε
809 767 1075 840 ἀλλήλαις
1116 770 1175 819 αἱ
1213 766 1410 829 πόλεις
1445 770 1539 818 καὶ
1575 769 1698 818 ἔστι
1723 771 1844 828 τοῖς
1871 763 2174 835 ἀδικήσασι
2211 766 2308 835 τήν

228 861 419 926 ἑτέραν
467 858 611 924 πρὸς
657 858 755 926 τὴν
809 859 1001 923 ἑτέραν
1050 854 1356 923 καταφυγή.
1442 859 1540 922 τῆς
1593 850 1651 902 δὲ
1705 852 1971 917 ὁμονοίας
2011 853 2308 919 γενομένης

228 942 430 1011 ἀνάγκη
469 938 670 1001 καλοὺς
708 938 854 990 εἶναι
890 940 983 989 καὶ
1021 936 1270 997 δικαίους
1307 934 1514 1004 ἄνδρας
1552 937 1583 1005 ἢ
1613 938 1671 986 ἐκ
1697 943 1795 1005 τῆς
1820 935 2102 995 Βιθυνίας
2129 931 2309 983 ἀπαλ-

229 1023 553 1077 λάττεσθαι.
698 1028 839 1092 μέγα
881 1027 1138 1093 φρονεῖτε
1176 1028 1244 1090 τῇ
1283 1027 1386 1070 τοῦ
1421 1018 1682 1090 πλήθους
1719 1017 2034 1088 ὑπερβολῇ·
2078 1015 2310 1078 πλείους

227 1111 448 1160 ἔσεσθε.
499 1116 597 1179 γῆν
627 1109 814 1177 ἱκανὴν
844 1105 1055 1157 δοκεῖτε
1082 1107 1252 1170 ἔχειν·
1291 1102 1471 1154 πλείω
1499 1111 1597 1173 τῆς
1628 1106 1815 1173 ἱκανῆς
1843 1101 2007 1165 ἕξετε.
2058 1100 2310 1152 καθόλου

150 1199 196 1240 10
234 1196 417 1244 πάντα
465 1194 767 1259 μιχθέντα,
815 1193 908 1242 καὶ
954 1191 1164 1259 καρποὶ
1209 1191 1302 1240 καὶ
1334 1191 1591 1258 χρήματα
1628 1190 1722 1239 καὶ
1772 1185 1988 1256 ἀνδρῶν
2027 1184 2183 1248 ἀξίαι
2219 1187 2312 1236 καὶ

230 1276 514 1343 δυνάμεις,
568 1274 843 1327 διπλάσια
893 1275 961 1324 τά
1012 1267 1150 1342 παρ’
1205 1274 1553 1342 ἀμφοτέροις
1600 1274 1862 1339 γίγνεται.
1951 1267 2081 1339 [καὶ]
2133 1269 2202 1320 οὗ
2249 1267 2306 1320 δὲ
2329 1270 2396 1321 43

226 1365 410 1413 πάντα
448 1364 623 1413 ἕνεκεν
664 1362 719 1409 οἱ
756 1360 1062 1427 ἄνθρωποι
1100 1360 1470 1427 πράττουσιν,
1509 1361 1540 1427 ή
1581 1355 1776 1427 ήδονή,
1824 1358 2089 1426 κρείττων
2130 1352 2310 1421 λόγου.

12 1439 132 1523 Ἰῆᾒὲῗ
147 1439 200 1522 fl}
226 1449 287 1496 τὸ
327 1447 428 1515 γὰρ
467 1445 536 1495 τὰ
574 1446 676 1510 μὲν
716 1441 996 1494 ὀδυνῶντα
1035 1444 1178 1508 ὑμᾶς
1204 1439 1588 1512 ἐξαιρεθῆναι,
1625 1443 1719 1493 καὶ
1758 1443 1980 1512 φθόνον
2017 1442 2111 1491 καὶ
2151 1436 2311 1509 φιλο-

224 1532 402 1581 νικίαν
438 1530 533 1580 καὶ
571 1531 670 1599 τὴν
709 1530 768 1579 ἐκ
805 1530 1017 1578 τούτων
1055 1531 1380 1597 γιγνομένην
1423 1529 1621 1578 στάσιν
1668 1529 1762 1579 καὶ
1810 1530 1872 1578 τὸ
1923 1522 2311 1593 ἐπιβουλεύειν

145 1618 192 1661 15
228 1612 489 1685 ἀλλήλοις
536 1616 674 1680 ὑμᾶς
722 1615 816 1664 καὶ
861 1615 924 1663 τὸ
973 1617 1093 1674 τοῖς
1129 1617 1321 1674 κακοῖς
1371 1610 1698 1683 ἐφήδεσθαι
1743 1618 1865 1675 τοῖς
1916 1618 2027 1663 τῶν
2068 1608 2311 1679 πλησίον

221 1700 314 1750 καὶ
359 1701 422 1749 τὸ
471 1699 570 1749 ἐπὶ
616 1700 738 1757 τοῖς
787 1695 1031 1762 ἀγαθοῖς
1069 1695 1392 1759 ἄχθεσθαι,
1443 1695 1511 1744 τὰ
1564 1692 1622 1745 δὲ
1662 1696 1888 1745 ἐναντία
1929 1695 2054 1745 ἀντὶ
2098 1693 2311 1742 τούτων

225 1781 506 1835 εἰσελθεῖν
545 1784 626 1843 εἰς
671 1781 772 1841 τὰς
811 1777 1034 1842 πόλεις,
1084 1780 1381 1830 κοινωνίαν
1430 1779 1691 1846 ἀγαθῶν,
1743 1780 2164 1849 ὁμοφροσύνην,
2215 1776 2313 1825 ἐπὶ

225 1872 349 1929 τοῖς
389 1869 580 1928 αὐτοῖς
616 1867 952 1935 ἀμφοτέρων
986 1866 1180 1932 χαράν,
1222 1865 1341 1929 οὐχὶ
1378 1870 1551 1915 ταῦτα
1591 1867 1777 1916 πάντα
1827 1869 1993 1934 ἑορτῇ
2031 1863 2177 1913 ἔοικε
2218 1859 2310 1931 δη-

224 1953 425 2020 μοσίᾳ,
464 1950 773 2019 λογίσασθε
813 1947 871 1999 δὲ
900 1950 1092 2010 οὕτως.
1157 1947 1318 2010 εἴτις
1344 1950 1489 2014 ὑμῖν,
1529 1947 1727 2019 ἄνδρες
1753 1946 2113 2019 Νικομηδεῖς,
2151 1947 2306 1998 θεῶν
2329 1951 2398 1999 44

147 2042 195 2084 20
232 2038 447 2106 αἵρεσιν
486 2035 703 2099 ἔδωκεν,
744 2036 793 2085 εἰ
831 2031 1110 2100 βούλεσθε
1139 2035 1212 2104 μὴ
1241 2036 1412 2100 μόνον
1438 2036 1536 2104 τὴν
1565 2036 1745 2085 αὑτῶν
1772 2033 1941 2085 πόλιν
1968 2035 2128 2098 ἔχειν,
2169 2029 2309 2082 ἀλλά

226 2122 318 2172 καὶ
354 2123 451 2191 τὴν
490 2123 763 2183 Νικαέων,
806 2120 901 2168 οὐκ
938 2120 1004 2169 ἂν
1032 2116 1357 2188 παράδοξον
1394 2121 1495 2184 μὲν
1522 2121 1634 2170 ὑπὸ
1662 2121 1941 2187 μεγέθους
1967 2120 2146 2188 ἐφάνη
2179 2118 2310 2183 ἀγα-

226 2205 340 2254 θὸν
378 2206 522 2270 ὑμῖν,
563 2201 807 2266 εὔξασθε
847 2196 899 2252 δ’
943 2203 1009 2252 ἂν
1049 2205 1241 2264 πάσας
1280 2203 1467 2268 εὐχάς,
1522 2205 1665 2254 ὥστε
1705 2205 1878 2254 αὐτοῦ
1912 2207 2119 2268 τυχεῖν;
2169 2199 2309 2251 ἀλλὰ

228 2294 392 2338 τοῦτο
431 2285 552 2355 <τὸ>
578 2285 903 2358 παράδοξον
931 2285 1127 2338 δοκοῦν
1154 2284 1370 2350 ἔξεστιν
1396 2285 1498 2358 ἤδη
1527 2289 1799 2356 γενέσθαι
1823 2290 1917 2339 καὶ
1941 2291 2038 2359 τήν
2066 2289 2310 2338 Νίκαιαν

224 2373 491 2442 ὑμετέραν
541 2372 686 2424 εἶναι
721 2372 919 2423 καὶτὰ
970 2365 1111 2442 παρ’
1153 2374 1282 2438 ὑμῖν
1332 2374 1571 2424 ἐκείνων.
1656 2375 1687 2444 ἢ
1739 2379 1849 2424 τῶν
1897 2376 1997 2440 μὲν
2046 2370 2308 2443 ἀδελφῶν
2329 2378 2400 2427 45

146 2463 195 2504 25
232 2454 594 2524 θαυμάζομεν
622 2460 753 2520 τούς
780 2459 861 2519 εἰς
891 2460 1043 2508 ἅπαν
1071 2459 1166 2510 τὸν
1204 2461 1391 2510 κοινὸν
1419 2461 1707 2521 οἰκοῦντας
1735 2459 1887 2511 οἶκον
1924 2461 2017 2510 καὶ
2053 2461 2125 2529 μή
2167 2475 2310 2508 νενε-

229 2547 506 2612 μημένους
543 2544 611 2594 τοὶ
651 2542 886 2612 πατρῴα
925 2545 1036 2594 ὑπὸ
1075 2541 1464 2612 μικρολογίας,
1515 2548 1544 2596 ὅ
1594 2563 1654 2596 τε
1704 2543 1949 2607 πλοῦτος
1988 2545 2168 2595 αὐτῶν
2208 2537 2312 2610 [ἔτι

231 2625 438 2693 μᾶλλον
477 2622 849 2695 θαυμάζεται]
886 2624 1089 2694 μείζων
1137 2623 1264 2697 [καὶ]
1302 2630 1442 2680 κατὰ
1491 2636 1684 2694 τοῦτο,
1734 2629 1812 2698 τῷ
1849 2632 1922 2701 μή
1964 2629 2312 2699 νενεμῆσθαι

226 2709 365 2781 μηδὲ
406 2714 616 2780 ἑκάστῳ
658 2715 719 2763 τὸ
759 2715 929 2782 ἥμισυ
967 2718 1253 2781 γεγονέναι
1290 2720 1400 2765 τῶν
1440 2717 1697 2779 πάντων,
1745 2713 1885 2766 ἀλλὰ
1935 2718 1997 2766 τὸ
2039 2712 2167 2765 ὅλον
2207 2715 2309 2779 ἀμ-

368 2954 385 2992 1
421 2945 671 3007 προτεὺειν
700 2949 738 2993 Τ
845 2944 1127 3008 εὐδοκιμήσῃ
1156 2951 1330 3007 scripsi,
1364 2952 1572 2997 lacunam
1601 2952 1804 3009 supplevi
1834 2947 2129 3010 εὐδοκιμήσει
2148 2951 2253 2996 libri

224 3021 249 3062 2
280 3020 350 3079 τῷ
378 3015 434 3075 μὶ
469 3018 589 3063 UBT
734 3017 934 3073 ἐκείνοις
963 3018 1088 3079 πρὸς
1115 3023 1218 3073 (om.
1251 3025 1336 3083 τῷ)
1368 3022 1417 3064 Μ
1446 3021 1647 3076 ἐκείνοις
1678 3026 1747 3084 τῷ
1775 3019 1837 3080 μὴ
1870 3018 1994 3081 πρὸς
2024 3022 2160 3079 UBT,
2191 3035 2307 3068 corr.

224 3087 406 3134 Geelius
494 3093 518 3132 3
551 3093 797 3150 διαδρᾶσαι
819 3090 869 3134 Μ
899 3086 1127 3148 διαδράσῃ
1149 3091 1287 3146 UBT,
1319 3105 1435 3137 corr.
1467 3093 1600 3148 Emp.
1689 3097 1716 3137 4
1744 3090 1899 3140 ἐκεῖσε
1931 3093 1968 3136 Τ
2058 3097 2083 3137 6
2114 3091 2310 3152 ἑταίραν

223 3157 295 3202 bis
316 3158 365 3201 M
449 3166 742 3218 καταφυγεῖν
756 3159 878 3205 UBT
966 3164 989 3203 7
1022 3155 1386 3208 άπαλάττεσθαι
1406 3161 1444 3206 Τ
1534 3167 1558 3207 8
1579 3157 1799 3222 ὑποβολῇ
1821 3163 1859 3208 U
1954 3168 1979 3209 9
2008 3167 2096 3224 γῆν
2117 3165 2310 3210 Casaub.

226 3224 311 3286 τὴν
337 3228 442 3272 libri
525 3225 678 3283 ἕξεται
706 3229 757 3272 Μ
873 3233 921 3273 11
955 3231 1036 3275 καὶ
1066 3229 1232 3275 seclusi
1319 3226 1426 3279 οὐδὲ
1455 3233 1493 3277 Β
1605 3238 1654 3278 13
1686 3234 1744 3280 τὸ
1777 3231 1935 3281 πάντα
1964 3235 2053 3292 μὲν
2083 3231 2142 3283 τὰ
2173 3236 2224 3280 Μ

228 3302 280 3342 14
309 3296 560 3356 γινομένην
589 3297 719 3343 MUT
868 3303 919 3342 15
952 3301 1050 3344 τῶν
1081 3312 1167 3344 om.
1199 3300 1236 3343 B
1382 3306 1432 3346 17
1469 3297 1807 3364 ὁμοφροσύνης
1840 3305 1888 3348 Μ
2030 3301 2114 3353 ἐπ’
2147 3301 2310 3362 αὐτοῖς

223 3368 339 3422 libri,
371 3381 484 3413 corr.
517 3368 646 3425 Emp.
821 3371 871 3413 18
902 3365 1061 3416 πάντα
1090 3371 1240 3416 ταῦτα
1271 3370 1319 3414 Μ
1473 3369 1601 3421 ἔοικε
1623 3391 1658 3420 z:
1688 3377 1795 3430 (una
1823 3376 1908 3421 litt.
1939 3380 2086 3433 erasa)
2117 3377 2157 3423 U

226 3442 278 3482 20
312 3433 467 3485 αὐτῶν
495 3436 576 3484 UT
611 3432 761 3485 αὑτὸν
789 3438 838 3482 Μ
981 3443 1031 3484 21
1066 3443 1153 3487 τοῦ
1179 3441 1414 3500 μεγέθους
1443 3444 1481 3488 Β
1627 3448 1681 3490 22
1713 3443 1941 3501 εὔξασθαι
1969 3447 2020 3492 Μ
2163 3452 2216 3493 23
2247 3442 2307 3496 τὸ

223 3508 324 3553 add.
355 3509 521 3554 Reiske
636 3513 689 3553 25
720 3501 937 3563 ἅπαντας
966 3510 1004 3554 Β
1121 3514 1174 3555 26
1206 3517 1548 3574 σμικρολογίας
1576 3516 1614 3560 Β
1739 3514 1808 3565 ἔτι
1838 3544 1892 3551 -—
1925 3523 1976 3564 27
2008 3517 2305 3578 θαυμάζεται

226 3584 270 3624 et
298 3581 378 3624 καὶ
407 3579 561 3633 delevi,
591 3585 783 3638 possunt
811 3581 946 3625 etiam
977 3576 1045 3627 ἔτι
1074 3606 1129 3614 -
1158 3584 1457 3641 θαυμάζεται
1486 3591 1591 3643 post
1618 3591 1700 3635 καὶ
1728 3589 1966 3647 transponi
2109 3594 2160 3634 27
2192 3595 2306 3636 θαυ-

221 3647 395 3706 μάζετε
424 3650 506 3696 UT
622 3646 679 3697 τὸ
710 3648 772 3710 μὴ
804 3651 884 3696 UB
1020 3651 1279 3712 νενέμησθε
1309 3655 1358 3700 Μ
1502 3661 1555 3702 28
1586 3656 1643 3706 τὸ
1675 3672 1814 3718 supra
1844 3660 2022 3715 lineam,
2052 3660 2248 3706 fortasse
2278 3673 2310 3705 a

221 3732 278 3764 m.
310 3732 399 3765 sec.
431 3720 472 3765 U
589 3719 797 3783 ἑκατέρῳ
826 3721 1029 3767 Hertlein
