2684 4140
15 483 19 599 j

1071 273 1436 320 PRAEFATIO.
2240 274 2308 318 IX

216 417 375 472 dente
424 418 668 472 humanis
707 417 954 487 Coryllus
1003 435 1100 472 rex
1138 418 1435 473 Gothorum
1483 419 1536 471 in
1572 435 1737 486 regno
1777 417 2086 473 conscendit
2123 422 2176 473 et
2210 435 2308 488 per

215 500 571 570 quadraginta
618 519 783 557 annos
820 504 875 556 in
913 503 1085 558 Dacia
1121 505 1230 558 suis
1267 504 1513 571 gentibus
1551 500 1891 572 imperavit.“

352 587 477 639 Fra
494 603 614 655 gm.
641 586 703 639 V.
771 587 1049 654 „Longum
1074 603 1304 655 namque
1334 592 1456 655 post
1493 588 1832 642 intervallum
1861 588 2169 642 Domitiano
2208 589 2303 642 im-

212 676 463 739 peratore
490 675 746 737 regnante
774 670 995 737 eiusque
1033 672 1317 724 avaritiam
1342 677 1638 726 metuentes
1676 670 1881 741 foedus,
1923 673 2066 741 quod
2105 673 2305 729 dudum

213 770 332 808 cum
370 755 493 808 aliis
530 753 860 821 principibus
910 754 1254 823 pepigerant,
1303 754 1467 808 Gothi
1517 757 1809 824 solventes,
1858 759 2030 826 ripam
2067 758 2306 813 Danubii

210 838 316 891 iam
365 838 523 905 longe
571 852 873 905 possessam
926 838 994 891 ab
1054 838 1279 906 imperio
1327 839 1566 893 Romano
1616 840 1810 895 deletis
1875 843 2134 897 militibus
2185 860 2305 897 cum

211 937 393 974 eorum
452 921 676 976 ducibus
721 927 1079 977 vastaverunt.
1167 923 1254 976 cui
1304 924 1616 991 provinciae
1664 930 1787 979 tunc
1836 932 1959 994 post
2007 928 2304 997 Agrippam

210 1003 417 1074 Oppius
473 1012 721 1074 praeerat
772 1006 1030 1073 Savinus,
1092 1006 1283 1061 Gothis
1339 1012 1516 1060 autem
1575 1009 1892 1077 Dorpaneus
1947 1012 2306 1079 principatum

207 1091 431 1160 agebat,
481 1091 695 1159 quando
746 1092 890 1145 bello
939 1091 1222 1145 commisso
1261 1090 1454 1158 Gothi,
1503 1093 1774 1147 Romanos
1823 1094 2091 1159 devictos,
2143 1095 2306 1165 Oppii

209 1174 397 1228 Savini
445 1181 604 1244 caput
650 1176 946 1243 abscisum,
994 1175 1164 1228 multa
1212 1175 1435 1229 castella
1484 1181 1537 1229 et
1586 1177 1832 1231 civitates
1881 1178 2198 1234 invadentes
2236 1181 2304 1234 de

205 1264 357 1326 parte
403 1261 739 1327 imperatoris
786 1260 1002 1327 publice
1051 1259 1461 1327 depraedarunt.
1559 1277 1665 1328 qua
1717 1263 2037 1316 necessitate
2089 1281 2302 1318 suorum

206 1344 543 1398 Domitianus
581 1361 699 1398 cum
738 1345 882 1398 omni
910 1345 1106 1397 virtute
1134 1361 1230 1398 sua
1257 1345 1533 1413 Illyricum
1561 1347 1874 1415 properavit
1902 1351 1956 1400 et
1981 1348 2142 1403 totius
2168 1365 2306 1418 pene

204 1429 285 1481 rei
320 1429 568 1496 publicae
606 1429 863 1483 militibus
903 1428 1122 1483 duetore
1160 1429 1332 1483 Fusco
1381 1431 1624 1498 praelato
1674 1447 1792 1484 cum
1828 1431 2137 1487 lectissimis
2175 1435 2306 1489 viris

203 1529 414 1567 amnem
441 1513 675 1567 Danubii
714 1513 969 1567 consertis
1007 1514 1236 1568 navibus
1263 1513 1334 1567 ad
1360 1515 1527 1569 instar
1552 1517 1730 1585 pontis
1757 1521 2088 1571 transmeare
2128 1521 2309 1587 coegit

206 1613 366 1666 super
413 1598 706 1653 exercitum
746 1598 1034 1667 Dorpanei.
1119 1603 1229 1652 tum
1277 1598 1440 1652 Gothi
1490 1598 1620 1653 haut
1668 1616 1860 1668 segnes
1908 1604 2106 1670 reperti
2156 1621 2307 1658 arma

206 1687 490 1751 capessunt
544 1683 824 1751 primoque
883 1681 1130 1737 conflictu
1177 1700 1306 1737 mox
1358 1684 1627 1739 Romanos
1680 1685 1971 1740 devincunt
2017 1686 2298 1756 Fuscoque

207 1766 344 1822 duce
383 1769 646 1822 exstincto
685 1768 904 1822 divitias
942 1767 1010 1821 de
1051 1770 1237 1822 eastris
1274 1769 1501 1822 militum
1541 1770 1775 1838 spoliant
1811 1787 2110 1839 magnaque
2147 1774 2304 1841 potiti

205 1868 303 1920 per
339 1852 460 1906 loca
489 1851 713 1905 victoria
737 1854 844 1905 iam
871 1867 1119 1920 proceres
1146 1869 1287 1920 suos,
1327 1870 1550 1921 quorum
1578 1855 1732 1921 quasi
1757 1855 1968 1909 fortuna
1995 1857 2300 1926 vincebant,

207 1953 313 1989 non
349 1953 512 2005 puros
551 1936 810 2004 homines,
849 1937 944 1991 sed
984 1937 1250 1992 semideos
1290 1938 1362 2002 [id
1401 1944 1481 1992 est
1517 1935 1698 2007 Ansis]
1741 1940 2121 1994 vocaverunt.“

351 2021 601 2089 Sequitur
637 2022 855 2075 aliunde
891 2024 1062 2089 petita
1098 2021 1410 2076 Amalorum
1449 2025 1783 2091 genealogia.

350 2106 497 2160 Haec
518 2123 655 2174 quae
675 2106 746 2159 ad
767 2106 1123 2160 definiendam
1147 2107 1336 2161 Dionis
1357 2108 1411 2160 in
1431 2109 1733 2162 narratione
1753 2109 2077 2164 Iordaniana
2096 2117 2302 2179 partem

206 2192 509 2245 necessaria
547 2196 711 2258 erant,
753 2190 839 2243 hic
876 2191 1198 2259 proferenda
1234 2191 1382 2260 duxi,
1421 2192 1530 2246 alio
1568 2193 1687 2247 loeo
1721 2193 1789 2248 de
1819 2194 2123 2249 Geticorum
2163 2196 2302 2264 frag-

206 2276 397 2329 mentis
436 2274 602 2329 fusius
642 2275 1021 2342 disputaturus

347 2359 505 2413 Addo
545 2359 669 2414 huic
706 2359 1025 2429 praefationi
1053 2361 1359 2414 librorum
1394 2361 1880 2430 deperditorum
1915 2366 2303 2434 catalogum.

207 2445 533 2513 Fragmenta
547 2450 691 2499 certo
703 2445 840 2498 libro
856 2446 1138 2499 tribuenda
1150 2463 1255 2500 non
1271 2445 1528 2501 habemus
1545 2448 1648 2501 nisi
1665 2448 1967 2502 Geticorum
1989 2466 2126 2517 quae
2144 2451 2304 2505 modo

206 2530 461 2599 proposui
488 2535 541 2583 et
567 2528 912 2584 Oeconomici
943 2547 1079 2598 quae
1118 2548 1168 2600 p.
1200 2534 1301 2585 309
1342 2531 1499 2586 huius
1538 2533 1823 2588 voluminis
1864 2533 2101 2587 exhibui.
2165 2535 2302 2588 Nam

207 2618 417 2685 Χρεῖαι
437 2631 543 2668 non
563 2615 776 2668 fuerunt
795 2616 962 2684 ipsius
986 2616 1176 2671 Dionis
1195 2634 1329 2685 opus
1352 2616 1416 2671 cf.
1435 2634 1487 2685 p.
1511 2619 1613 2672 309
1636 2619 1759 2672 adn.
1783 2618 1853 2673 ad
1872 2620 1934 2672 fr.
1948 2619 1988 2672 I.
2019 2620 2306 2674 Praeterea

207 2717 275 2753 ex
313 2699 652 2760 Philostrato,
690 2699 934 2769 Synesio,
975 2700 1143 2755 Suida
1181 2702 1344 2756 hosce
1382 2704 1564 2757 titulos
1602 2705 1848 2758 novimus
1888 2704 2146 2759 librorum
2177 2706 2304 2760 Dio-

206 2800 443 2853 neorum,
484 2802 708 2852 quorum
745 2803 852 2839 non
890 2792 1102 2840 exstant
1137 2788 1464 2856 fragmenta:

352 2872 400 2931 1)
445 2872 726 2922 Ψιττακοῦ
762 2873 998 2934 ἔπαινος
1035 2889 1087 2941 p.
1117 2875 1235 2936 311,
1270 2877 1332 2925 15
1373 2873 1661 2936 (Philostr.)
1701 2874 1766 2928 ef.
1808 2877 1927 2943 316,
1952 2877 2038 2927 25.

346 2956 397 3019 2)
435 2958 731 3019 Κώνωπος
769 2959 1005 3019 ἔπαινος
1042 2974 1094 3025 p.
1126 2960 1244 3022 319,
1274 2960 1341 3010 22
1381 2958 1611 3027 (Synes.)

350 3041 401 3103 3)
439 3043 688 3107 Μέμνων
726 3058 778 3108 p.
809 3043 927 3109 318,
961 3045 1005 3094 1.
1038 3045 1102 3095 13
1143 3042 1375 3110 (Synes.)

347 3126 400 3187 4)
437 3130 468 3194 ἡ
509 3132 619 3176 τῶν
662 3130 905 3192 Τεμπῶν
948 3129 1158 3196 φράσις
1195 3143 1247 3194 p.
1276 3130 1395 3191 317,
1419 3130 1502 3180 33.
1544 3128 1663 3193 318,
1694 3129 1754 3180 13
1796 3125 2030 3194 (Synes.)

350 3208 400 3270 5)
441 3211 470 3258 ὁ
493 3211 633 3259 κατὰ
660 3216 771 3260 τῶν
801 3208 1139 3280 φιλοσόφων
1165 3227 1216 3277 p.
1237 3212 1454 3279 315,28.
1478 3212 1597 3279 316,
1619 3215 1699 3264 19.
1736 3213 1854 3279 318,
1875 3214 1955 3264 13.
1979 3215 2045 3265 30
2069 3212 2303 3281 (Synes.)

351 3294 402 3355 6)
442 3295 472 3342 ὁ
511 3296 655 3359 πρὸς
693 3295 1039 3345 Μουσώνιον
1078 3310 1130 3362 p.
1159 3297 1278 3363 315,
1300 3297 1383 3348 30.

350 3380 398 3436 7)
439 3377 582 3430 Laus
622 3377 943 3431 Essenorum
981 3395 1032 3446 p.
1063 3381 1182 3447 317,
1212 3382 1279 3430 24
1319 3380 1550 3448 (SyneS.)

349 3462 398 3523 8)
439 3461 655 3528 Dialogi
696 3461 957 3516 Socratici
993 3464 1145 3526 (τοὺς
1172 3467 1229 3515 ἐν
1268 3471 1390 3527 τοῖς
1432 3472 1656 3531 συχνοῖς
1699 3466 1886 3535 λόγοις
1911 3471 2187 3535 Διογένεις
2212 3472 2305 3521 καὶ

540 3546 861 3613 Σωκράτας)
899 3564 950 3615 p.
991 3551 1110 3616 317,
1144 3552 1205 3599 17
1246 3548 1475 3618 (Synes.)

348 3632 399 3693 9)
440 3630 623 3685 Oratio
662 3632 732 3685 ad
776 3633 971 3686 milites
1022 3632 1208 3686 habita
1256 3637 1313 3696 ἐς
1351 3638 1593 3706 νεώτερα
1645 3639 1935 3706 ὁρμῶντας
1985 3640 2083 3689 ἐπὶ
2120 3641 2300 3704 Δομε-

549 3717 723 3787 τιανῷ
764 3720 1184 3789 ἀπεσφαγμένῳ
1225 3736 1277 3788 p.
1318 3722 1437 3790 312,
1472 3724 1534 3773 12
1575 3720 1868 3785 (Philostr.)
