2684 4140
1097 278 1322 324 ORATIO
1352 279 1521 325 xxlx.
2237 281 2338 329 291

254 421 503 489 φροσύνη
532 422 632 485 μὲν
670 419 929 491 ὑπῆρξεν,
971 421 1198 493 ἀνδρεία
1228 422 1286 474 δὲ
1327 422 1535 494 ἄδηλον
1562 427 1613 476 εἰ
1639 432 1852 495 παρῆν·
1896 426 1958 476 οὐ
1995 426 2098 494 γὰρ
2126 423 2340 496 ἀληθὲς

250 506 544 574 τεκμήριον
579 508 890 576 κυνηγεσία.

394 582 519 638 ἀλλ’
574 590 636 651 ὃς
687 588 750 660 δὴ
792 594 978 642 πάντα
1026 594 1095 643 τὰ
1133 595 1191 644 ἐν
1230 594 1566 662 ἀνθρώποις
1603 595 1795 661 ἀγαθὰ
1834 595 2129 664 ἐκτήσατο,
2176 592 2335 657 ἄξιος
2357 597 2422 649 19

251 673 319 723 ἂν
358 671 443 742 εἴη
481 675 574 724 καὶ
610 681 709 743 τῆς
746 672 1003 746 τελευτῆς
1041 674 1556 743 εὐδαιμονίζεσθαι.
1633 679 1684 728 εἰ
1719 680 1820 743 μὲν
1860 679 1962 747 γὰρ
2003 680 2034 728 ὁ
2070 677 2337 741 πλεῖστος

193 766 217 807 5
254 756 592 824 ἀνθρώποις
624 760 826 827 χρόνος
853 761 1084 828 ἄριστος
1109 758 1190 830 ἦν,
1230 763 1400 830 ταύτῃ
1441 763 1508 812 ἀν
1534 779 1621 823 τις
1649 755 1814 813 αὐτὸν
1844 760 2203 832 ὠλοφύρατο·
2242 769 2335 814 νῦν

247 837 326 903 δέ,
368 838 555 908 ὀλίγου
606 849 709 892 τοῦ
744 845 958 905 παντὸς
996 845 1332 912 ἀνθρώποις
1374 846 1500 912 βίου
1552 842 1879 911 δεδομένου,
1930 844 2231 909 πλείστους
2268 849 2335 899 ἂν

246 926 402 994 εὕροι
427 943 529 989 τις,
571 927 656 988 οἷς
683 925 830 977 πολὺ
858 929 1086 993 ἄμεινον
1120 928 1279 994 εἶχεν,
1320 931 1370 980 εἰ
1394 931 1607 981 θᾶττον
1634 927 1997 1000 ἐτελεύτησαν
2015 943 2026 954 ·
2064 937 2336 983 τοσαῦται

248 1012 535 1080 συμφοραὶ
570 1009 1110 1079 καταλαμβάνουσιν.
1186 1015 1271 1064 ἔτι
1319 1012 1378 1064 δὲ
1427 1020 1538 1065 τῶν
1584 1012 1846 1065 παλαιῶν
1892 1017 2022 1076 τοὺς
2060 1014 2330 1081 ἐξοχωτά-
2351 1018 2417 1070 20
2487 1082 2491 1086 η

244 1111 375 1155 τους
425 1096 697 1161 ἀκούομεν
749 1088 947 1147 ουδένα
998 1091 1179 1148 αὐτῶν
1230 1099 1328 1148 ἐπὶ
1376 1096 1521 1147 πολὺ
1570 1096 1813 1150 ἐλθόντα
1865 1105 1968 1148 τοῦ
2009 1100 2161 1165 βίου,
2212 1098 2333 1148 Πά-

166 1189 212 1230 10
249 1176 480 1260 τροκλόν
527 1197 587 1229 τε
631 1182 726 1231 καὶ
757 1173 1102 1246 Ἀντίλοχον,
1151 1182 1236 1231 ἔτι
1285 1179 1343 1231 δὲ
1391 1179 1732 1259 Σαρπηδόνα
1781 1184 1875 1233 καὶ
1922 1184 2193 1248 Μέμνονα
2241 1183 2335 1233 καὶ

238 1248 496 1345 Ἀχιλλέα
542 1265 636 1314 και
666 1257 1026 1315 ἩΙππόλυτον
1075 1267 1206 1325 τούς
1255 1282 1314 1314 τε
1361 1267 1652 1326 Βοιωτούς
1681 1249 1840 1316 Ὠτον
1891 1268 1984 1317 καὶ
2019 1260 2332 1336 Ἐφιάλτην,

246 1349 342 1409 οὓς
378 1349 675 1414 μεγίστους
712 1350 806 1399 καὶ
841 1346 1174 1409 καλλίστους
1215 1349 1487 1415 γενέσθαι
1539 1350 1709 1418 φησὶν
1735 1342 1981 1419 Όμηρος
2018 1351 2156 1416 μετὰ
2190 1344 2334 1419 Ὠρί-

30 1445 225 1488 (545311)
248 1450 389 1496 ωνα,
443 1424 610 1482 αὐτόν
648 1449 709 1482 τε
747 1434 972 1483 ἐκεῖνον.
1050 1426 1175 1482 ἀλλ’
1221 1430 1338 1483 οἵδε
1375 1435 1476 1498 μὲν
1517 1425 1593 1484 δι’
1638 1435 1964 1503 ἀφροσύνην
2011 1432 2334 1485 ἀπώλοντο·

243 1519 374 1578 τοὺς
423 1515 482 1567 δὲ
533 1514 764 1579 ἄλλους,
819 1518 913 1577 οὓς
963 1515 1154 1579 εἶπον,
1204 1518 1358 1567 θεῶν
1409 1515 1624 1579 παῖδας
1668 1520 1762 1569 καὶ
1801 1520 2116 1586 ἀπογόνους
2155 1518 2332 1569 εἷπον.

164 1612 211 1653 15
251 1595 348 1652 οὐκ
397 1603 465 1652 ἂν
515 1601 610 1652 οὖν
661 1602 717 1651 οἱ
763 1602 897 1652 θεοὶ
933 1605 1054 1662 τοῖς
1092 1605 1303 1652 ἑαυτῶν
1342 1603 1512 1653 παισὶ
1556 1604 1650 1653 καὶ
1689 1604 1784 1664 οὓς
1819 1601 2065 1668 μάλιστα
2103 1601 2334 1674 ἐφίλουν

241 1691 468 1752 ταχεῖαν
495 1687 775 1755 ἐποίησαν
801 1687 899 1755 τὴν
925 1684 1199 1757 τελευτήν,
1234 1688 1285 1737 εἰ
1307 1688 1379 1756 μὴ
1411 1688 1630 1754 ἀγαθὸν
1656 1692 1777 1748 τοῖς
1808 1689 2143 1757 ἀνθρώποις
2168 1694 2332 1738 τοῦτο

242 1772 519 1823 ἐτίθεντο.

383 1862 557 1906 ταῦτα
599 1855 710 1918 οὖν,
752 1854 794 1904 ὦ
836 1852 1049 1924 ἄνδρες,
1091 1851 1477 1922 λογιζομένους
1514 1858 1658 1922 ὑμᾶς
1695 1859 1905 1908 ἐκεῖνόν
1943 1876 2002 1909 τε
2042 1861 2118 1919 ὡς
2154 1860 2327 1923 μακά·
2348 1862 2411 1912 21

241 1958 364 2010 ριον
402 1936 647 2007 νομίζειν
681 1942 784 2010 χρὴ
823 1942 917 1990 καὶ
945 1933 1148 2001 αὐτούς
1185 1938 1357 2009 μηδὲν
1395 1941 1561 2011 ἦττον
1602 1939 1694 1991 διὰ
1721 1949 1888 1992 τοῦτο
1919 1944 2195 2012 ἐφίεσθαι
2220 1949 2330 1993 τῶν

159 2035 206 2075 20
244 2029 435 2077 πόνων
472 2028 565 2076 καὶ
602 2033 699 2095 τῆς
729 2022 1059 2094 φιλοτιμίας
1099 2026 1191 2085 ὡς,
1232 2023 1289 2074 εἴ
1307 2042 1419 2075 τινι
1450 2029 1732 2089 συμπέσοι
1757 2025 2083 2097 τελευτῆσαι
2109 2029 2330 2091 ταχύτε-

238 2128 351 2182 ρον,
393 2113 661 2179 ἀνόνητος
700 2111 966 2174 ἐσόμενος
1004 2114 1115 2158 τῶν
1155 2110 1389 2175 ἀγαθῶν
1428 2121 1607 2170 τινος·
1659 2111 1689 2159 ὁ
1732 2112 1835 2179 γὰρ
1877 2105 2127 2172 εὐκλεοῦς
2167 2108 2332 2179 δόξης

91 2197 419 2261 (298Μ)τυχὼν
455 2196 661 2260 μεστὸς
699 2195 901 2244 ἄπεισι
937 2199 1048 2243 τῶν
1087 2194 1349 2259 ἀγαθῶν·
1399 2191 1539 2243 ἀλλὰ
1587 2196 1680 2244 καὶ
1722 2192 2072 2261 γυμνάζεσθε
2111 2196 2330 2264 προθύ-

235 2299 356 2347 μως
381 2282 474 2331 καὶ
499 2283 743 2342 πονεῖτε,
784 2279 839 2328 οἱ
879 2279 979 2342 μὲν
1005 2279 1271 2346 νεώτεροι
1312 2274 1633 2343 νομίζοντες
1673 2281 1866 2341 αὐτοῖς
1905 2278 2331 2349 ἀπολελεῖφθαι

235 2368 334 2437 τὴν
372 2366 583 2416 ἐκείνου
617 2366 822 2432 χώραν,
864 2364 920 2412 οἱ
959 2360 1017 2412 δὲ
1046 2363 1421 2432 πρεσβύτεροι
1447 2369 1558 2413 τῶν
1587 2361 1746 2414 ἰδίων
1775 2358 1952 2432 ἔργωνΥ
1988 2362 2174 2427 ἀξίως.
2238 2365 2331 2414 καὶ

157 2460 203 2500 25
243 2455 501 2522 φρονεῖτε
543 2447 601 2500 δὲ
641 2441 738 2499 ἐπ’
785 2448 976 2508 αὐτοῖς
1014 2449 1147 2497 ὅσον
1181 2449 1283 2516 χρὴ
1324 2445 1532 2514 ἄνδρας
1577 2450 1721 2517 πρὸς
1759 2450 1995 2500 ἔπαινον
2032 2451 2124 2500 καὶ
2163 2446 2328 2511 δόξαν

237 2538 459 2606 ἀγαθὴν
497 2536 759 2602 βιοῦντας
801 2534 894 2583 καὶ
931 2539 1030 2601 τῆς
1068 2525 1269 2602 ἀρετῆς
1320 2534 1484 2593 ὄντας
1525 2524 1782 2602 ἀσκητάς.
1859 2536 1955 2584 τὸν
1995 2532 2053 2584 δὲ
2094 2526 2325 2597 ἀποιχό-
2346 2535 2411 2584 22

235 2638 403 2688 μενον
440 2621 623 2689 μνήμῃ
665 2625 879 2685 τιμᾶτε,
918 2619 990 2686 μὴ
1035 2614 1326 2686 δάκρυσιν·
1379 2610 1443 2667 οὗ
1480 2618 1582 2686 γάρ
1622 2623 1839 2686 πρέποι
1886 2621 1952 2670 ἂν
1991 2616 2088 2688 ἥδε
2123 2622 2154 2687 η
2196 2618 2324 2686 τιμὴ

235 2707 513 2775 γενναίοις
561 2706 674 2754 ὑπὸ
714 2703 1008 2770 γενναίων,
1062 2694 1184 2751 οὐδ’
1229 2702 1294 2751 ἂν
1321 2695 1566 2771 Ὅμηρον
1615 2704 2012 2768 ἐπαινέσαιμι,
2062 2704 2149 2752 ὅτι
2189 2702 2329 2770 φησὶ

239 2790 513 2843 δεύεσθαι
549 2791 650 2850 τάς
675 2805 734 2838 τε
766 2786 1083 2855 ψαμάθους
1108 2787 1201 2836 καὶ
1226 2786 1293 2835 τὰ
1322 2783 1469 2836 ὅπλα
1497 2790 1618 2846 τοῖς
1657 2784 1892 2855 δάκρυσι
1929 2792 2039 2836 τῶν
2072 2779 2323 2849 Ἀχαιῶν.

154 2884 202 2926 30
240 2871 381 2928 ἀλλὰ
432 2878 640 2935 ἐκεῖνος
689 2875 789 2939 μὲν
841 2878 1109 2940 ποιητικῇ
1157 2867 1368 2935 μᾶλλον
1418 2868 1801 2939 ἠκολούθησεν
1851 2867 2049 2938 ἡδονῇ,
2099 2870 2325 2938 θρήνων

235 2958 554 3030 ὑπερβολὰς
592 2955 1036 3022 ἐπιδειξάμενος,
1079 2956 1237 3019 ὑμεῖς
1277 2952 1335 3004 δὲ
1374 2956 1653 3023 ἐγκρατῶς
1693 2958 1906 3023 φέρετε.

383 3104 395 3141 1
434 3092 600 3154 ἀνδρία
632 3094 668 3138 U
702 3108 759 3138 m.
791 3107 858 3149 pr.
1029 3090 1323 3146 praeferrem:
1365 3084 1577 3147 ἀσφαλὲς
1618 3106 1873 3150 τεκμηριον
2047 3096 2071 3135 3
2103 3087 2247 3143 ἄλλος
2276 3090 2325 3136 δὲ

28 3141 33 3215 3
236 3175 475 3226 (superscr.
507 3166 578 3224 δὴ)
601 3166 650 3209 Μ
736 3163 795 3210 τὰ
828 3175 912 3208 om.
934 3161 1015 3206 UB
1100 3164 1128 3204 4
1159 3153 1202 3204 δ’
1234 3155 1295 3207 ἄν
1322 3158 1454 3204 ΠΒΜ
1485 3156 1546 3206 ἄν
1567 3160 1618 3216 Τ,
1651 3162 1725 3217 qui
1755 3159 1826 3220 εἴη
1858 3175 1942 3207 om.
2033 3164 2084 3205 12
2105 3155 2324 3220 ὤρείωνα

30 3224 37 3289 3
235 3243 284 3286 M
317 3241 372 3285 cf.
405 3239 534 3283 Hom.
567 3236 649 3280 od.
679 3235 747 3278 XI
779 3237 915 3277 307-
921 3235 1002 3275 320
1121 3234 1173 3273 13
1205 3227 1301 3276 οἵδε
1329 3229 1418 3312 μὲν
1449 3231 1613 3287 scripsi
1644 3228 1740 3278 οἶδε
1769 3233 1857 3289 μὲν
1887 3233 1936 3276 Μ
1968 3231 2014 3279 οἱ
2041 3233 2129 3289 μὲν
2158 3232 2237 3277 UB

13 3292 32 3365 ι’
237 3308 484 3373 ἆφρθσῦνη
515 3309 562 3351 M
678 3300 963 3352 dadazovvo
995 3302 1033 3345 B
1165 3304 1212 3343 2¹
1250 3316 1456 3359 ανθηῒθς
1486 3301 1566 3346 UB
1595 3297 1859 3361 ἀνονήτους
1888 3302 2145 3360 ἐσομένους
2175 3301 2321 3357 Pflug-

31 3365 39 3419 3
235 3385 361 3439 kius3
395 3381 615 3438 duplicem
646 3374 976 3422 anacoluthiam
1007 3375 1051 3415 et
1080 3371 1254 3415 numeri
1284 3376 1328 3415 et
1362 3383 1495 3417 casus
1526 3372 1725 3417 defendit
1754 3374 1890 3430 Emp.
1922 3375 1984 3429 (in
2015 3373 2209 3428 schedis)

236 3456 455 3510 εὖκλέους
483 3451 530 3495 Μ
676 3451 729 3492 22
759 3443 1081 3506 γυμνάζεσθαι
1118 3441 1167 3484 Μ
1313 3445 1364 3486 23
1397 3436 1558 3497 αὐτοῖς
1596 3443 1637 3488 U
1780 3440 2104 3502 ἀπολελίφθαι
2133 3445 2181 3486 Μ

13 3531 39 3588 4ς
237 3536 290 3576 25
323 3530 522 3590 φρονίτε
552 3524 601 3567 Μ
716 3515 890 3577 ἀνδρὸς
919 3511 1104 3566 UBMT,
1136 3524 1249 3556 c01‘1'·
1281 3512 1387 3557 editi
1502 3519 1553 3558 27
1586 3518 1776 3572 τιμᾶται
1803 3516 1853 3559 Μ
1968 3515 2138 3573 πρέπει
2168 3514 2208 3558 U

240 3605 293 3646 28
324 3601 454 3646 Hom.
485 3598 538 3642 ΙΙ.
566 3593 721 3640 XXIII
758 3594 887 3647 15sq.
917 3593 1112 3644 δεύοντο
1145 3585 1382 3650 ψάμαθοι,
1413 3581 1607 3635 δεύοντο
1640 3588 1688 3634 δὲ
1716 3584 1883 3645 τεύχεα
1925 3588 2100 3643 φωτῶν
2129 3583 2321 3642 δάκρυσι

38 3755 47 3827 3
1902 3811 1982 3855 19*

36 3833 50 4014 ἓ
