2684 4140
383 281 415 330 6
1036 269 1183 315 DION
1186 268 1240 315 18
1269 266 1807 314 BORYSTHENITICA

379 422 614 492 ἀρχαίαν
638 418 731 469 καὶ
749 408 1052 481 Ἑλληνίδα,
1090 407 1426 476 βουλόμενοι
1452 411 1690 462 ἀκοῦσαι
1728 414 1861 481 περὶ
1887 409 2124 475 πόλεως.
2186 417 2280 467 καὶ
2318 422 2470 485 πρῶ-

378 508 476 557 τόν
513 518 588 570 γε,
628 502 788 569 ἔφην,
827 499 935 560 ὅ,τι
961 496 1114 548 ἐστὶν
1142 494 1276 544 αὐτὸ
1305 500 1470 545 τοῦτο
1495 496 1640 565 ὑπὲρ
1670 494 1738 546 οὗ
1762 498 1793 547 ὁ
1820 494 1983 565 λόγος
2007 504 2215 566 γνῶναι
2244 507 2471 571 σαφῶς·

380 590 524 639 οὕτω
573 585 675 652 γὰρ
727 583 794 632 ἂν
832 579 984 650 εἴητε
1034 580 1150 645 ἅμα
1186 571 1512 649 ᾐσθημένοι
1547 582 1642 632 καὶ
1681 583 1885 634 ὁποῖόν
1923 584 1981 634 τί
2017 585 2187 636 ἐστιν.
2275 587 2330 635 οἱ
2367 587 2469 655 γὰρ

377 667 598 731 πολλοί,
638 668 798 736 ἔφην,
837 664 1147 732 ἄνθρωποι
1181 665 1247 716 τὸ
1288 666 1463 732 ὄνομα
1503 666 1637 717 αὐτὸ
1679 665 1840 718 ἴσασι
1864 669 1958 719 καὶ
1986 668 2336 738 φθέγγονται
2374 677 2476 721 τοῦ

289 756 355 810 19
375 756 707 822 πράγματος
732 750 985 812 ἑκάστου,
1024 749 1088 800 τὸ
1129 746 1189 800 δὲ
1229 743 1431 819 πρᾶγμ’
1475 752 1786 819 ἀγνοοῦσιν.
1851 755 1907 803 οἱ
1934 751 1993 804 δὲ
2022 752 2469 821 πεπαιδευμένοι
2505 764 2528 804 5

372 845 538 890 τοῦτο
580 831 1003 907 φροντίζουσιν,
1053 836 1212 896 ὅπως
1259 835 1353 886 καὶ
1398 837 1498 906 τὴν
1547 834 1783 903 δύναμιν
1830 837 2084 890 εἴσονται
2131 842 2367 891 ἑκάστου
2410 840 2479 891 οὗ

374 922 629 991 λέγουσιν
645 933 656 946 ·
687 920 808 972 οἷον
830 922 894 971 τὸ
915 926 1018 970 τοῦ
1035 920 1350 989 ἀνθρώπου
1373 921 1548 986 ὄνομα
1567 923 1777 984 πάντες
1797 924 1941 973 οὕτω
1966 921 2220 991 λέγουσιν
2241 927 2298 976 οἱ
2317 923 2473 996 ἑλλη-

371 1005 632 1073 νίζοντες,
672 1007 770 1058 ἐὰν
798 1002 857 1057 δὲ
897 1006 1059 1074 πύθῃ
1087 1007 1241 1067 τινὸς
1268 1006 1450 1056 αὐτῶν
1477 1008 1583 1070 ὅ,τι
1609 1008 1731 1058 ἐστὶ
1764 1014 1948 1072 τοῦτο,
1991 1006 2129 1076 λέγω
2172 1007 2230 1060 δὲ
2270 1011 2474 1061 ὁποῖόν

371 1112 429 1146 τι
463 1095 558 1146 καὶ
592 1086 739 1144 καθ’
784 1092 815 1143 δ
851 1089 1051 1162 μηδενὶ
1087 1097 1199 1142 τῶν
1238 1089 1423 1142 ἄλλων
1460 1092 1680 1156 ταύτόν,
1723 1093 1819 1144 οὐκ
1857 1094 1924 1144 ἂν
1963 1094 2082 1159 ἔχοι
2120 1095 2303 1145 εἰπεῖν
2343 1089 2468 1145 ἀλλ’

368 1180 400 1250 ἢ
444 1175 627 1242 δεῖξαι
661 1180 834 1244 μόνον
874 1178 1041 1229 αὑτὸν
1079 1177 1111 1246 ἢ
1152 1173 1339 1240 ἄλλον,
1381 1178 1574 1246 ὥσπερ
1605 1179 1661 1228 οἱ
1685 1178 1980 1248 βάρβαροι.
2045 1180 2076 1229 ὁ
2104 1177 2162 1230 δὲ
2195 1181 2467 1250 ἔμπειρος
2504 1191 2551 1232 10

369 1262 449 1332 τῷ
490 1264 902 1330 πυνθανομένῳ
944 1263 1002 1313 τί
1037 1263 1191 1313 ἐστιν
1218 1263 1533 1332 ἄνθρωπος
1559 1264 1928 1333 ἀποκρίνεται
1965 1267 2055 1316 ὅτι
2081 1261 2223 1334 ζῴον
2252 1263 2469 1333 λογικὸν
2495 1280 2574 1321 (443
2595 1280 2647 1322 Μ)

370 1351 602 1419 θνητόν.
645 1350 740 1400 τὸ
778 1348 882 1417 γὰρ
922 1353 1087 1398 τοῦτο
1128 1346 1276 1399 εἶναι
1311 1350 1462 1415 μόνῳ
1494 1348 1787 1417 ἀνθρώπῳ
1819 1351 2128 1420 συμβέβηκε
2165 1350 2260 1401 καὶ
2288 1347 2472 1402 οὐδενὶ

286 1437 354 1525 20
375 1433 543 1503 ἄλλῳ.
622 1436 800 1495 ουτως
841 1433 936 1483 ουν
972 1433 1067 1483 καὶ
1102 1434 1202 1503 τὴν
1242 1430 1411 1484 πόλιν
1452 1434 1627 1503 φασιν
1667 1432 1814 1485 εἷναι
1864 1433 2093 1506 πλῆθος
2142 1436 2470 1505 ἀνθρώπων

371 1523 430 1572 ἐν
478 1518 664 1587 ταύτῷ
715 1520 1126 1569 κατοικούντων
1175 1519 1288 1568 υπὸ
1328 1519 1501 1583 νόμου
1542 1516 1943 1586 διοικούμενον.
2018 1519 2138 1591 ἤδη
2167 1521 2261 1571 ουν
2303 1518 2469 1591 δηλον

371 1608 461 1657 ὅτι
506 1612 606 1675 τῆς
653 1603 1042 1673 προσηγορίας
1088 1604 1296 1673 ταύτης
1343 1600 1581 1672 οὐδεμιᾷ
1630 1606 1905 1675 προσήκει
1951 1611 2063 1657 τῶν
2110 1604 2466 1672 καλουμένων
2507 1618 2550 1658 15

371 1686 596 1740 πόλεων
644 1693 756 1739 τῶν
806 1689 1075 1758 ἀφρόνων
1122 1688 1218 1738 καὶ
1255 1688 1494 1753 ἀνόμων.
1574 1689 1769 1740 οὔκουν
1817 1688 1943 1741 οὐδὲ
1983 1692 2116 1760 περὶ
2153 1693 2329 1743 Νίνου
2381 1691 2466 1762 εἴη

373 1775 440 1824 ἂν
490 1774 522 1824 0‘
570 1774 813 1843 ποιητὴς
863 1774 941 1834 ὡς
991 1773 1126 1841 περὶ
1173 1769 1398 1834 πόλεως
1435 1773 1697 1842 εἰρηκώς,
1747 1776 2138 1845 ἀφραινούσης
2184 1793 2243 1843 γε
2283 1778 2468 1847 αὐτῆς.

374 1860 567 1928 ὥσπερ
607 1858 710 1928 γὰρ
740 1851 870 1908 οὐδὲ
899 1858 1215 1927 ἄνθρωπος
1241 1859 1451 1920 ἐκεῖνός
1477 1859 1631 1910 ἐστιν
1661 1851 1707 1927 ᾦ
1730 1862 1804 1930 μὴ
1835 1862 2112 1929 πρόσεστι
2138 1863 2202 1911 τὸ
2233 1858 2467 1928 λογικόν,
2493 1876 2551 1918 (83
2572 1877 2605 1911 R
2629 1877 2680 1920 11)

374 1946 552 2006 οὕτως
592 1935 720 1994 οὐδὲ
761 1940 946 2006 πόλις,
985 1935 1022 2012 ᾗ
1058 1946 1132 2014 μὴ
1165 1945 1475 2015 συμβέβηκε
1501 1946 1719 2012 νομίμῳ
1760 1944 1926 1997 εἶναι.
1995 1948 2234 2012 νόμιμος
2273 1944 2332 1998 δὲ
2374 1940 2472 1997 οὐκ

284 2032 349 2085 21
375 2031 442 2081 ἂν
480 2028 565 2100 εἴη
607 2030 748 2079 ποτὲ
788 2029 989 2099 ἄφρων
1025 2030 1120 2080 καὶ
1155 2030 1405 2096 ἄκοσμος
1445 2029 1601 2081 οὖσα.
1671 2029 1811 2090 ἴσως
1849 2030 1945 2080 οὖν
1984 2026 2219 2100 ζητήσαι
2257 2034 2324 2082 ἄν
2362 2050 2466 2096 τις,
2505 2045 2552 2086 20

371 2116 423 2166 εἰ
470 2111 708 2165 ἐπειδὰν
748 2114 804 2163 οἱ
842 2115 1107 2183 ἄρχοντες
1142 2113 1238 2165 καὶ
1274 2120 1633 2183 προεστῶτες
1672 2114 1781 2166 ὦσι
1822 2118 2093 2186 φρόνιμοι
2138 2118 2232 2168 καὶ
2278 2119 2467 2187 σοφοί,

298 2202 299 2205 ’
371 2201 435 2251 τὸ
477 2197 536 2250 δὲ
579 2196 781 2250 λοιπὸν
809 2195 1039 2269 πλῆθος
1079 2196 1361 2269 διοικῆται
1397 2200 1542 2250 κατὰ
1578 2201 1677 2270 τὴν
1715 2203 1930 2251 τούτων
1955 2203 2177 2271 γνώμην
2216 2203 2469 2268 νομίμως

368 2286 462 2336 καὶ
502 2286 830 2354 σωφρόνως,
869 2286 967 2355 τὴν
1005 2286 1271 2354 τοιαύτην
1305 2287 1406 2356 χρὴ
1447 2282 1636 2336 καλεῖν
1677 2287 1945 2356 σώφρονα
1983 2288 2077 2337 καὶ
2102 2289 2340 2353 νόμιμον
2376 2289 2470 2338 καὶ

368 2368 448 2438 τῴ
487 2371 606 2420 ὄντι
647 2366 817 2420 πόλιν
856 2370 972 2420 ἀπὸ
1011 2374 1122 2420 τῶν
1163 2366 1550 2421 διοικούντων·
1602 2372 1795 2440 ὥσπερ
1830 2372 2000 2440 χορὸν
2041 2370 2180 2434 ἴσως
2222 2373 2468 2442 φαίημεν

369 2457 437 2506 ἂν
473 2456 761 2521 μουσικόν,
801 2461 904 2505 τοῦ
925 2456 1239 2524 κορυφαίου
1265 2462 1541 2521 μουσικοῦ
1577 2457 1751 2519 ὄντος,
1790 2462 1902 2507 τῶν
1942 2454 2001 2508 δὲ
2042 2455 2226 2508 ἄλλων
2270 2458 2459 2524 ἐκείνῳ
2499 2471 2546 2513 25

372 2543 767 2606 συνεπομένων
814 2541 908 2591 καὶ
956 2537 1130 2610 μηδὲν
1180 2540 1337 2609 παρὰ
1386 2537 1556 2606 μέλος
1606 2542 2011 2611 φθεγγομένων
2057 2543 2089 2612 ἢ
2134 2543 2337 2611 σμικρὰ
2374 2544 2469 2594 καὶ

283 2628 353 2679 22
373 2623 610 2695 ἀδήλως.
704 2625 927 2695 ἀγαθὴν
973 2627 1075 2692 μὲν
1119 2625 1222 2694 γὰρ
1272 2623 1334 2689 ἐξ
1380 2627 1649 2677 ἁπάντων
1698 2628 1935 2695 ἀγαθῶν
1984 2625 2154 2679 πόλιν
2204 2629 2330 2680 οὔτε
2380 2645 2468 2689 τις

368 2714 666 2779 γενομένην
706 2711 982 2779 πρότερον
1023 2709 1144 2762 οἶδε
1182 2706 1435 2783 [θνητὴν]
1476 2712 1603 2763 οὔτε
1630 2714 1770 2762 ποτὲ
1812 2714 1888 2773 ὡς
1926 2715 2196 2783 ἐσομένην
2234 2714 2466 2782 ὕστερον

369 2793 529 2859 ἄξιον
568 2793 963 2865 διανοηθῆναι,
1004 2793 1150 2866 πλὴν
1189 2798 1339 2868 εἰμὴ
1367 2798 1524 2848 θεῶν
1548 2801 1814 2868 μακάρων
1839 2791 1965 2848 κατ’
2010 2799 2261 2867 οὐρανόν,
2303 2795 2466 2848 οὐδα-

366 2886 489 2947 μῶς
527 2881 787 2950 ἀκίνητον
827 2878 953 2931 οὐδὲ
994 2881 1191 2951 ἀργήν,
1241 2879 1383 2932 ἀλλὰ
1425 2881 1682 2953 σφοδρὰν
1721 2884 1894 2934 οὖσαν
1930 2885 2024 2935 καὶ
2062 2887 2460 2952 πορευομένην,
2500 2898 2547 2940 30

368 2972 479 3017 τῶν
517 2967 618 3032 μὲν
656 2969 974 3033 ἡγουμένων
1013 2983 1072 3016 τε
1109 2967 1204 3018 καὶ
1241 2969 1484 3036 πρώτων
1521 2969 1678 3019 θεῶν
1709 2970 1883 3035 χωρὶς
1921 2966 2108 3038 ἔριδος
2143 2969 2238 3019 καὶ
2273 2970 2465 3038 ἥττης·

371 3052 498 3103 οὔτε
545 3051 648 3120 γὰρ
701 3046 903 3120 ἐρίζειν
951 3052 1127 3113 θεοὺς
1178 3052 1303 3104 οὔτε
1351 3053 1644 3123 ἡττᾶσθαι
1690 3054 1864 3119 θέμις
1904 3054 2030 3104 οὔτε
2067 3045 2169 3105 ύπ>
2213 3050 2467 3123 ἀλλήλων

512 3248 537 3290 2
570 3241 597 3292 ὁ
629 3259 717 3292 om.
751 3244 829 3290 UT
945 3250 970 3290 5
1003 3250 1201 3306 πρᾶγμα
1223 3245 1264 3290 U
1351 3250 1377 3291 6
1407 3244 1630 3294 εἴσωνται
1660 3247 1739 3293 UB
1857 3253 1879 3292 7
1913 3240 2047 3296 οὗτοι
2078 3250 2116 3294 Β
2239 3254 2286 3294 10
2319 3247 2469 3299 αὐτὸν

369 3315 501 3360 MUT
620 3319 672 3361 16
704 3311 879 3363 οὐκοῦν
906 3317 1029 3362 UBT
1158 3322 1207 3362 Π
1241 3313 1307 3372 ὥς
1336 3321 1446 3377 περὶ
1474 3344 1530 3351 -
1558 3335 1613 3378 γε
1644 3312 1788 3379 αὐτῆς
1816 3332 1902 3366 om.
1935 3320 2015 3365 UT
2146 3316 2470 3382 ἀφραινούσης

369 3385 528 3442 Emp„
516 3401 527 3413 ·
559 3381 860 3446 ἀφρενούσης
889 3386 939 3430 Μ
967 3381 1274 3447 ἀφρονούσης
1303 3389 1341 3433 Β
1489 3392 1540 3434 19
1570 3385 1598 3449 ἢ
1628 3389 1678 3433 Μ
1794 3393 1848 3434 20
1878 3388 2041 3449 ἄφρον
2070 3392 2109 3436 Τ
2225 3398 2276 3439 21
2311 3397 2356 3442 εἰ
2383 3408 2468 3441 om.

371 3456 516 3513 UBT;
547 3455 593 3503 εἰ
618 3457 776 3502 melius
807 3457 1105 3503 collocaretur
1124 3463 1231 3504 ante
1259 3477 1347 3519 την
1372 3460 1402 3505 l.
1435 3463 1490 3505 23
1664 3464 1719 3506 22
1750 3465 1980 3522 διοικῆται
2009 3463 2192 3518 Reiske,
2223 3469 2466 3513 διοικεῖται

368 3527 474 3574 libri
502 3527 565 3582 (in
594 3527 634 3572 U
663 3530 894 3586 διοικῆται
922 3531 1144 3574 mutatum
1174 3530 1221 3576 in
1252 3534 1498 3578 διοικεῖται
1526 3544 1555 3577 a
1573 3545 1632 3578 m.
1654 3536 1741 3589 pr.)
1828 3536 1880 3578 27
1911 3531 2007 3593 γὰρ
2037 3548 2111 3580 om
2142 3535 2181 3580 Τ
2268 3539 2322 3581 28
2353 3542 2466 3597 θνη-

371 3595 456 3659 τὴν
484 3610 868 3656 supervacaneum
897 3604 1086 3657 propter
1113 3596 1236 3659 πλὴν
1265 3598 1306 3648 ει
1336 3615 1374 3647 e.
1407 3616 1447 3659 q.
1478 3615 1514 3647 s.
1618 3607 1673 3648 30
1702 3598 1858 3663 ἀργόν
1887 3604 2023 3650 Dind.
2119 3604 2310 3667 σφόδρα
2340 3610 2391 3654 Μ

373 3675 422 3715 31
459 3669 811 3730 πρωτευόντων
831 3670 938 3715 Wil.
1054 3673 1158 3728 post
1187 3676 1320 3719 θεῶν
1348 3673 1567 3719 excidisse
1597 3675 1824 3732 suspicor.
1855 3675 1984 3731 (των
2009 3676 2063 3723 δὲ
2093 3673 2384 3737 επομένων),
2417 3685 2468 3726 ut

370 3734 512 3804 ἥττης
540 3740 706 3787 habeat
736 3756 824 3798 quo
854 3742 1078 3788 referatur
