2684 4140
1037 268 1265 315 ORATIO
1295 268 1506 313 XXXIX.
2245 264 2312 310 45

15 386 503 477 ¹157311)voooc‘vrzroec
564 413 621 466 δὲ
678 412 921 482 γλῶτται
971 421 1338 481 παραινοῦσι,
1393 419 1665 464 τοσαῦται
1722 409 1780 461 δὲ
1845 408 2094 462 διάνοιαι
2145 430 2313 483 φρον-

229 496 493 561 τίζουσιν.
593 498 853 570 διαφέρει
912 500 1014 568 γὰρ
1072 498 1230 550 οὐδὲν
1288 500 1319 569 ἢ
1379 498 1436 549 εἴ
1487 516 1574 559 τις
1631 498 1785 547 θεῶν
1846 497 2023 557 οὕτως
2060 496 2313 598 μεγάλης

226 586 320 634 καὶ
358 583 817 653 πολυανθρώπου
858 582 1078 645 πόλεως
1127 585 1261 649 μίαν
1307 585 1491 653 ψυχὴν
1539 583 1823 651 ἐποίησεν.
1900 583 1978 641 ὡς
2016 582 2141 632 οὔτε
2179 602 2312 654 χρη-

228 671 422 733 μάτων
484 667 711 739 πλῆθος
772 669 897 718 οὔτε
959 669 1285 735 ἀνθρώπιον
1351 669 1475 718 οὔτε
1535 665 1671 736 ἄλλη
1735 665 1967 731 δύναμις
2030 664 2313 738 ξυνήνεγκε

169 768 194 809 5
231 758 352 815 τοῖς
391 752 848 824 διαφερομένοις,
897 751 1037 803 ἀλλὰ
1087 754 1410 804 τούναντίον
1461 754 1646 802 πάντα
1695 756 1868 800 ταῦτα
1919 754 2063 819 πρὸς
2100 751 2313 825 βλάβης

225 836 438 903 μᾶλλόν
487 841 610 889 ἐστι
656 840 749 888 καὶ
785 840 897 904 ὅσῳ
939 839 1005 887 ἂν
1055 835 1289 888 πλείονα
1329 839 1576 905 ὑπάρχῃ,
1626 837 1876 901 τοσούτῳ
1924 833 2180 900 μείζονος
2217 842 2310 891 καὶ

220 920 646 992 χαλεπωτέρας·
699 924 889 990 ὥσπερ
931 921 1092 986 οἶμαι
1137 923 1231 972 καὶ
1268 927 1378 971 τῶν
1431 922 1705 986 σωμάτων
1745 917 1823 985 τῶ
1861 921 1962 984 μὲν
1999 923 2308 987 ὑγιαίνοντι

226 1012 500 1078 συμφέρει
535 1010 598 1058 τὸ
636 1008 879 1074 μέγεθος
915 1007 1008 1057 καὶ
1045 1007 1107 1056 τὸ
1148 1003 1376 1075 πλῆθος
1415 1011 1525 1054 τῶν
1556 1009 1789 1066 σαρκῶν,
1830 1002 1908 1070 τῷ
1951 1001 2009 1054 δὲ
2049 1015 2309 1059 νοσοῦντι

47 1104 198 1148 (48511)
221 1094 314 1142 καὶ
364 1090 592 1162 φαύλως
640 1093 822 1156 ἔχοντι
867 1088 1270 1160 σφαλερωτάτη
1323 1090 1474 1139 ἐστὶν
1523 1092 1554 1157 ἡ
1606 1091 1835 1156 τοιαύτη
1877 1087 1992 1150 ἕξις
2041 1092 2134 1141 καὶ
2185 1091 2307 1155 ὀξύ-

0 1157 12 1240 ff
142 1184 190 1227 10
225 1193 393 1227 τατον
455 1178 656 1242 ἐπάγει
717 1173 982 1225 κίνδυνον.
1096 1174 1307 1238 ὁμοίως
1369 1170 1427 1222 δὲ
1493 1173 1586 1222 καὶ
1651 1178 1784 1232 ναῦς
1848 1174 1972 1241 ἥτις
2039 1176 2105 1225 ἂν
2160 1179 2300 1241 μετὰ
2341 1182 2372 1232 6

222 1262 488 1325 ὁμονοίας
542 1258 683 1328 πλέῃ
741 1266 843 1309 τοῦ
891 1259 1223 1327 κυβερνήτου
1279 1259 1373 1307 καὶ
1420 1262 1530 1306 τῶν
1591 1262 1833 1319 ναυτῶν,
1894 1259 2028 1328 αὐτή
2086 1277 2144 1310 τε
2199 1260 2305 1329 σῴ-

220 1340 373 1406 ζεται
408 1346 502 1395 καὶ
541 1340 704 1410 σῴζει
742 1345 872 1405 τοὺς
909 1340 1286 1408 ἐμπλέοντας·
1328 1343 1378 1392 εἰ
1418 1339 1476 1391 δὲ
1514 1342 1608 1410 μή,
1647 1343 1759 1408 ὅσῳ
1803 1339 1982 1392 πλείω
2022 1345 2090 1394 τὰ
2134 1346 2303 1411 ἱστία,

217 1431 466 1495 τοσούτῳ
521 1425 900 1496 σφοδρότερον
948 1429 1044 1478 τὸν
1089 1432 1338 1492 χειμῶνα
1387 1428 1481 1477 καὶ
1528 1428 1626 1496 τὴν
1676 1429 1920 1497 ταραχὴν
1956 1425 2128 1493 μείζω
2172 1445 2305 1497 συμ-

216 1513 430 1579 βαίνειν
468 1514 689 1582 ἀνάγκη.
754 1514 817 1562 τὸ
859 1513 991 1563 αὐτὸ
1019 1518 1184 1562 τοῦτο
1226 1512 1325 1562 ἐπὶ
1363 1512 1628 1580 ἅρματος,
1669 1513 1735 1560 ἂν
1773 1514 1874 1577 μὲν
1901 1515 1931 1563 ὅ
1967 1507 2039 1563 θ’
2081 1516 2306 1585 ἡνίοχος

138 1606 185 1648 15
221 1599 408 1666 ἄρχειν
456 1599 760 1667 ἐπίστηται
804 1598 944 1647 κατὰ
993 1599 1206 1666 τρόπον
1259 1598 1319 1646 οἵ
1361 1614 1421 1647 τε
1482 1597 1658 1646 ἵπποι
1716 1598 2164 1667 ὁμοφρονοῦντες
2211 1605 2304 1654 καὶ

214 1684 555 1748 πειθόμενοι
593 1682 759 1745 ὦσιν,
805 1679 970 1743 ἐλπίς
1007 1684 1161 1732 ἐστιν
1201 1683 1258 1731 ἐν
1295 1682 1395 1746 μὲν
1436 1681 1610 1747 ἀγῶνι
1647 1687 1831 1745 νικᾶν,
1871 1684 1929 1733 ἐν
1970 1681 2028 1734 δὲ
2069 1684 2298 1755 πολέμῳ

216 1763 505 1834 σῴζεσθαι
551 1770 614 1817 τὸ
664 1774 920 1818 τοιοῦτον
973 1768 1149 1835 ἅρμα·
1203 1768 1454 1826 στάσεως
1505 1763 1563 1815 δὲ
1616 1767 1710 1816 καὶ
1758 1775 2001 1838 ταραχῆς
2050 1772 2299 1842 ἐνούσης,

213 1855 461 1919 τοσούτῳ
501 1848 703 1918 μείζων
743 1853 773 1901 ὁ
808 1849 1076 1914 κίνδυνος,
1117 1853 1229 1917 ὅσῳ
1271 1852 1337 1901 ἂν
1377 1851 1727 1919 ἰσχυρότεροι
1753 1850 1893 1902 ὦσιν
1923 1856 1979 1904 οἱ
2006 1856 2184 1908 ἵπποι
2208 1861 2301 1910 καὶ

213 1938 518 2004 ταχύτεροι.
604 1935 1020 2006 παραπλησίως
1059 1934 1118 1987 δὲ
1155 1938 1249 1986 καὶ
1287 1933 1454 1986 πόλει
1493 1936 1806 2005 ὁμονοούσῃ
1847 1940 2034 1989 πάντα
2072 1942 2141 1994 τοὶ
2180 1960 2294 1994 τοι·
2337 1948 2366 1997 7

132 2026 183 2068 20
220 2027 358 2070 αῦτα
392 2023 638 2091 χρήσιμά
676 2023 828 2083 ἐστι,
879 2022 1180 2090 περιουσία
1214 2023 1514 2090 χρημάτων
1551 2022 1644 2071 καὶ
1694 2019 1923 2092 πλῆθος
1973 2026 2300 2094 ἀνθρώπιον

209 2107 302 2156 καὶ
338 2108 498 2170 τιμαὶ
532 2107 625 2156 καὶ
663 2103 798 2168 δόξα
835 2108 928 2157 καὶ
967 2104 1228 2171 δύναμις·
1268 2107 1318 2156 εἰ
1358 2103 1417 2155 δὲ
1456 2106 1548 2174 μή,
1590 2103 1906 2176 δύσχρηστα
1944 2111 2037 2160 καὶ
2057 2109 2298 2176 χαλεπά,

15 2197 188 2241 158311)
212 2189 332 2240 οἶον
381 2192 438 2240 ἐν
486 2189 669 2257 ταύτῷ
718 2194 1077 2260 τρεφομένων
1126 2191 1348 2259 θηρίων
1389 2187 1615 2241 πολλῶν
1653 2192 1684 2260 ἢ
1725 2192 2123 2262 βοσκημάτων,
2174 2199 2298 2259 ἐνὸς

207 2273 488 2343 εἴργοντος
526 2273 859 2344 περιβόλου,
907 2278 1276 2344 κυριττόντων
1325 2293 1384 2326 τε
1434 2272 1646 2344 ἄλληλα
1694 2278 1788 2327 καὶ
1837 2281 2168 2331 πατούντων
2205 2284 2298 2333 καὶ

207 2360 662 2426 ἐπεμβαινόντων
701 2358 980 2430 ἀλλήλοις.
1045 2355 1168 2410 ἀλλ’
1216 2362 1266 2410 εἰ
1303 2362 1404 2426 μὲν
1443 2361 1708 2427 ὑγιαίνων
1742 2363 2054 2430 ἐτύγχανον,
2095 2367 2190 2416 οὐκ
2229 2369 2296 2418 ἀν

123 2453 174 2496 25
210 2444 461 2514 ἀπέστην
497 2452 599 2495 τοῦ
636 2443 815 2513 λόγου,
855 2447 987 2515 πρὶν
1028 2445 1228 2507 ἱκανῶς
1267 2447 1433 2496 αὑτὸν
1473 2444 1724 2497 διελθεῖν
1760 2449 1900 2497 κατὰ
1927 2450 2026 2519 τὴν
2054 2451 2300 2516 ἐμαυτοῦ

205 2527 463 2594 δύναμιν·
516 2537 608 2581 νῦν
659 2528 717 2581 δὲ
765 2533 923 2597 ὑμεῖς
970 2549 1030 2582 τε
1082 2530 1221 2592 ἴσως
1271 2533 1416 2600 πρὸς
1465 2535 1680 2600 ἑτέροις
1716 2530 1929 2596 μᾶλλόν
1979 2537 2105 2586 ἐστε
2143 2538 2292 2604 κάγὼ

204 2611 350 2663 πολὺ
397 2613 830 2684 καταδεέστερον
878 2617 983 2680 ἔχω
1033 2617 1064 2685 ἢ
1118 2618 1263 2685 πρὸς
1310 2618 1373 2666 τὸ
1422 2617 1668 2683 μέγεθος
1717 2624 1819 2667 τοῦ
1873 2617 2101 2685 ἀγῶνος.
2195 2624 2291 2672 τὸν
2331 2628 2367 2679 8

205 2698 300 2749 οὖν
336 2700 680 2769 βραχύτατον
718 2703 811 2752 καὶ
849 2703 1274 2767 ἀνυσιμώτατον
1317 2699 1479 2769 λόγον
1527 2699 1935 2753 καταλείπεται
1974 2706 2157 2756 εἰπεῖν
2197 2708 2293 2757 τὸν

203 2785 348 2852 πρὸς
384 2785 515 2846 τοὺς
551 2786 740 2847 θεούς.
805 2784 962 2836 οὗτοι
998 2786 1101 2855 γὰρ
1140 2788 1234 2837 καὶ
1270 2792 1381 2835 τῶν
1418 2789 1617 2854 μικρὸν
1659 2788 2063 2856 φθεγγομένων
2098 2791 2133 2838 οἳ
2173 2788 2292 2840 δια-

122 2877 170 2919 30
205 2875 465 2920 νοοῦνται
492 2868 697 2921 ἴσασιν.
765 2869 903 2931 ἴσως
939 2871 1042 2938 γάρ
1068 2872 1161 2921 καὶ
1186 2877 1351 2920 τοῦτο
1379 2877 1481 2920 τοῦ
1507 2867 1729 2939 σφόδρα
1758 2872 2082 2932 εὐνοοῦντός
2107 2875 2261 2923 ἐστιν
2279 2886 2289 2896 ·

203 2953 394 3023 ὥσπερ
446 2955 502 3004 οἱ
543 2957 778 3024 χρηστοὶ
826 2960 1065 3024 πατέρες
1116 2960 1237 3016 τοῖς
1284 2957 1484 3005 παισὶν
1536 2957 1570 3004 οἳ
1617 2956 1717 3018 μὲν
1770 2952 2033 3004 δύνανται
2082 2971 2289 3024 παραι-

347 3162 366 3201 1
400 3160 706 3214 φροντίζουσι
738 3160 821 3206 UT
941 3164 966 3204 2
997 3154 1124 3207 οὕτω
1153 3160 1233 3205 ΒΤ
1357 3160 1567 3220 διαφέρει
1597 3162 1782 3217 reposui
1810 3174 1865 3206 ex
1895 3175 1960 3208 or.
1992 3163 2015 3207 I
2045 3166 2072 3221 ξ
2095 3168 2163 3219 32,
2197 3170 2290 3213 δια-

202 3227 401 3286 φέρουσι
430 3228 533 3272 libri
627 3234 652 3273 3
684 3224 749 3282 ὡς
779 3227 890 3276 οὔτε
920 3243 959 3275 e.
991 3244 1034 3287 q.
1065 3244 1103 3276 s.
1133 3244 1226 3275 non
1246 3230 1489 3276 cohaerent
1518 3244 1620 3276 cum
1650 3233 2016 3280 antecedentibus
2134 3242 2159 3281 6
2188 3237 2288 3286 ἐστὶ

199 3300 280 3344 καὶ
310 3290 410 3359 όσῳ
438 3298 558 3342 UBT
589 3299 684 3352 (sed
711 3300 758 3343 in
788 3299 828 3344 U
858 3300 944 3344 fuit
972 3298 1114 3353 ἐστὶν)
1144 3293 1325 3347 ἐστὶν
1305 3293 1405 3363 σ’σῳ
1434 3301 1484 3345 Μ
1647 3318 1851 3362 υπαρχει
1882 3304 1971 3348 ΒΜ
2145 3312 2167 3351 7
2198 3311 2287 3366 μὲν

200 3381 283 3413 οιιι.
317 3369 355 3412 Β
442 3371 466 3413 8
496 3369 712 3425 Hippocr.
744 3370 913 3426 Aphor.
936 3374 1001 3426 3,1
1038 3388 1086 3417 αι
1114 3366 1195 3417 ἐπ’
1225 3368 1381 3429 ἄκρον
1410 3367 1582 3426 εὐεξίαι
1612 3375 1863 3433 σφαλεραί.
1886 3375 2026 3431 (Wil.)
2123 3384 2168 3424 11
2195 3383 2287 3427 σαί-

198 3441 328 3495 ζεται
359 3444 424 3492 (αι
455 3452 483 3483 a
515 3444 647 3494 corr.)
676 3440 717 3486 U
837 3446 888 3486 14
919 3432 1000 3487 o'v'
1030 3441 1079 3485 Μ
1171 3447 1219 3486 15
1250 3441 1472 3502 ἐπίστητε
1501 3445 1540 3488 Β
1570 3442 1822 3504 ἐπίστηται
1853 3456 1919 3499 (αι
1949 3459 1977 3490 a
2009 3461 2124 3495 corr.
2159 3451 2198 3496 U

202 3513 250 3554 18
281 3512 434 3566 μίζων
463 3510 512 3554 Μ
649 3514 702 3554 20
733 3506 863 3557 ἕστιε
877 3512 979 3569 ·(0.
1011 3515 1118 3565 ras.)
1150 3512 1188 3558 U
1219 3511 1349 3559 ἐστιν
1379 3514 1417 3558 Τ
1562 3518 1615 3559 22
1647 3517 1991 3576 στρεφομένων
2019 3519 2137 3578 libri,
2169 3535 2283 3569 corr.

197 3580 388 3626 casaub.
507 3584 560 3625 24
590 3579 940 3641 ἐπιβαινόντων
970 3583 1057 3627 ΒΜ
1171 3580 1433 3643 ἐτύγχανον
1472 3581 1540 3631 ῶν
1559 3587 1597 3631 Β
1714 3592 1767 3633 26
1797 3587 1983 3646 μαλλόν
2011 3591 2120 3640 ἐστε
2150 3595 2283 3652 Emp.

194 3649 302 3697 ἐστὲ
328 3654 512 3707 μᾶλλον
542 3643 667 3699 ὥστε
698 3653 817 3698 UBT
848 3656 1032 3710 μᾶλλον
1062 3645 1186 3700 ὥστε
1215 3657 1320 3708 (οιιι.
1350 3653 1475 3709 ἐστὲ)
1505 3656 1556 3701 Μ
1642 3661 1694 3701 27
1724 3660 2076 3720 καταδεέστερα
2107 3665 2186 3710 UT

195 3716 317 3779 ἔχων
347 3719 471 3781 πρός
500 3723 547 3767 Μ
663 3727 715 3768 29
746 3727 931 3783 μικρῶν
961 3724 1010 3769 Μ
1039 3721 1211 3785 μικρὸε
1227 3742 1279 3770 ·ν
1307 3725 1412 3780 (fuit
1439 3729 1640 3788 μικρῶν)
1671 3728 1711 3773 U
1742 3733 1958 3789 σμικρῶν
1987 3733 2025 3776 Β
