2684 4140
372 270 475 318 270
987 266 1194 312 DIONIS
1224 266 1309 311 DE
1338 266 1803 315 PULCHRITUDIN
1804 269 1846 315 E

369 416 493 473 τοῖς
541 409 710 461 ὕδασι
754 412 1094 477 γιγνόμενον.
1134 437 1203 446 --
1246 411 1319 461 Τί
1357 409 1454 482 δή,·
1505 439 1570 448 -
1609 414 1678 464 A.
1721 407 1832 466 Ότι
1879 422 1982 467 τοῦ
2027 415 2188 485 ήλίου
2235 418 2476 487 ἐπιλάμ-

368 503 589 563 ψαντος
627 495 709 555 εἰς
746 496 809 544 τὸ
847 486 975 544 κατ’
1019 486 1163 545 εὐθύ
1200 492 1452 560 μάλιστα
1494 495 1854 565 ἀντιλάμπει.
1918 503 2013 553 καὶ
2044 501 2184 566 ίσως
2226 507 2481 573 ἑώρακας

366 582 424 630 ἐν
464 583 587 640 τοῖς
621 579 836 643 τοίχοις
860 581 924 629 τὸ
950 581 1277 645 κινούμενον
1301 582 1395 633 καὶ
1421 587 1753 652 περιτρέχον
1782 591 1922 655 φῶς,
1964 580 2062 639 οὐκ
2090 590 2154 640 ον
2181 587 2474 660 ἀληθινόν,

367 656 501 714 ἀλλ’
545 664 661 713 ἀπὸ
701 670 800 732 τῆς
849 665 907 714 ἐν
944 667 1067 726 τοῖς
1105 661 1306 716 ὕδασιν
1346 659 1518 738 αὐγῆς
1566 674 1670 718 τοῦ
1713 666 1875 740 ήλίου
1923 675 2151 741 γεγονὸς
2201 669 2366 745 [πρὸς
2403 677 2466 726 τὸ
2493 687 2573 729 (273
2594 686 2649 730 Μ)

362 744 613 815 μάλιστα
650 739 780 799 κατ’
812 742 992 818 εὐθύ]
1065 757 1325 803 τοιοῦτον
1353 752 1449 804 οὖν
1487 771 1545 804 τι
1579 756 1674 805 καὶ
1701 755 1818 806 ἀπὸ
1845 764 1945 827 τῆς
1970 756 2250 830 ἀληθινῆς
2277 758 2472 823 αἰδοῦς
2507 771 2532 810 5

364 829 710 900 ἀντιλάμπει
754 851 814 884 τε
851 835 946 885 καὶ
996 839 1165 886 ποιεῖ
1206 833 1389 888 δοκεῖν
1441 835 1744 891 αἰδεῖσθαι
1780 843 1912 903 τοὺς
1952 844 2230 912 ὁρῶντας·
2282 839 2468 897 ἔπειτ’

364 912 542 981 εὐθὺς
580 917 938 982 ἀπελθόντες
977 918 1230 983 ἀναιδεῖς
1258 923 1420 975 εἰσιν.
1447 917 1631 986 -Ὡς
1669 926 1860 994 ἔμοιγε
1893 928 1989 979 καὶ
2027 930 2058 978 ὁ
2095 927 2474 1000 παιδοτρίβης
2493 940 2675 982 (507311

282 1008 347 1059 15
368 1002 552 1056 ἐδόκει
588 1006 682 1056 καὶ
709 997 877 1067 αὐτὸς
915 1004 1036 1057 οἷον
1073 1007 1394 1060 ἐνθουσιῶν
1430 1026 1491 1060 τε
1526 1010 1621 1061 καὶ
1658 1008 2132 1082 ἐκπεπληγμένος.
2161 1041 2233 1048 --
2266 1015 2334 1064 A.
2367 1006 2475 1066 Οὗ-

361 1095 492 1141 κοῦν
531 1090 617 1141 ἔτι
653 1087 863 1157 μᾶλλον
901 1089 1242 1158 θαυμάσεις,
1283 1091 1520 1146 ἐπειδάν
1559 1096 1723 1165 πύθῃ
1769 1098 1858 1147 ὅτι
1898 1095 2062 1159 οὗτος
2099 1103 2358 1160 τοιοῦτος
2396 1101 2473 1150 ὢν

363 1168 590 1237 οὐδενὸς
628 1170 788 1246 [υἱός]
828 1178 999 1228 ἐστιν.
1038 1204 1110 1213 -
1146 1179 1286 1240 Πῶς
1337 1177 1516 1247 λέγεις
1562 1178 1802 1251 μηδενὸς
1853 1181 2001 1234 εἶναι
2041 1176 2238 1246 αὖτόν,·
2284 1211 2356 1218 —
2396 1186 2465 1236 A.
2506 1192 2552 1233 10

367 1260 564 1323 Οὕτως
611 1264 770 1323 ὅπως
820 1264 886 1312 σὺ
925 1264 1150 1314 ἐπύθου
1201 1266 1331 1315 ὅτου
1371 1266 1541 1317 ἐστίν.
1623 1265 1787 1333 οἶμαι
1838 1268 1945 1338 γὰρ
1985 1270 2200 1338 ἐρωτᾶν
2242 1282 2303 1320 σε
2342 1271 2472 1321 ὅτου

359 1347 485 1408 υἱός
520 1349 692 1399 ἐστιν.
731 1374 803 1382 -
834 1341 988 1398 Ἀλλ’
1030 1346 1067 1419 ἦ
1102 1355 1213 1400 τῶν
1250 1349 1531 1420 Σπαρτῶν
1569 1353 1724 1403 ἐστιν
1764 1352 1875 1415 εἷς,
1912 1381 1983 1388 —-
2008 1355 2076 1404 A.
2104 1355 2336 1424 Πρέποι
2371 1356 2474 1421 μὲν

363 1433 431 1483 ἂν
480 1431 561 1500 τῷ
597 1434 834 1501 μεγέθει
884 1426 1059 1485 αὐτοῦ
1101 1437 1196 1486 καὶ
1245 1443 1314 1506 τῇ
1352 1434 1612 1506 ἀνδρείᾳ,
1664 1436 1723 1488 εἴ
1763 1454 1822 1505 γε
1872 1440 2144 1500 ἐπιεικεῖς
2191 1435 2335 1509 ἦσαν
2381 1440 2476 1490 καὶ

365 1511 783 1587 φιλάνθρωποι
819 1519 921 1580 τὰς
962 1521 1179 1589 φύσεις,
1223 1522 1416 1591 ὥσπερ
1457 1519 1567 1586 ὅδε,
1608 1520 1750 1573 ἀλλὰ
1788 1526 1862 1595 μὴ
1905 1522 2197 1586 παντελῶς
2245 1522 2475 1595 σκληροὶ

364 1603 462 1653 καὶ
487 1604 677 1672 ἄγριοι
703 1611 802 1674 τῆς
827 1611 926 1674 γῆς
951 1605 1020 1654 τὰ
1047 1609 1237 1656 τέκνα·
1277 1607 1406 1658 ἐπεὶ
1445 1610 1510 1657 τό
1547 1623 1607 1674 γε
1649 1607 1810 1674 σῶμα
1851 1625 1915 1659 ου
1957 1608 2188 1680 φαύλως
2226 1603 2465 1672 εἰκάζεις
2505 1618 2550 1659 15

365 1688 629 1754 Βοιωτίῳ
682 1686 893 1753 μᾶλλον
931 1685 1164 1752 εἰκάζων
1216 1682 1351 1741 αυτὸ
1400 1693 1432 1761 ἢ
1471 1692 1791 1761 Λακωνικῷ
1830 1712 1891 1746 τε
1926 1697 2021 1746 καὶ
2052 1689 2304 1764 Ἀττικῷ.
2383 1698 2471 1747 ὅτι

362 1772 464 1836 μὲν
511 1773 615 1842 γὰρ
659 1763 971 1843 Ἑλληνικὸν
1017 1776 1202 1845 ἄκρως
1251 1777 1404 1827 ἐστὶν
1454 1770 1517 1827 οὗ
1572 1775 1667 1828 δεῖ
1710 1776 1893 1848 δήπου
1946 1781 2351 1851 ἀμφιγνοῆσαι.
2407 1809 2473 1815 -

279 1858 343 1909 16
370 1858 443 1907 Τί
477 1855 615 1927 γάρ;
664 1857 749 1928 ειή
799 1877 888 1920 τις
936 1860 1003 1910 ἂν
1051 1866 1155 1910 του
1197 1864 1391 1928 γένους
1440 1859 1690 1932 διαφορὰ
1744 1866 1918 1933 πρός
1933 1879 1995 1931 γε
2043 1866 2106 1915 τὸ
2154 1863 2389 1928 κάλλος,·
2435 1868 2676 1936 ἢ(5ΟΒΒΙΓ,

365 1935 568 1994 οὗδενα
609 1942 720 1994 οἴει
756 1945 1058 2011 γίγνεσθαι
1095 1946 1154 1996 ἐν
1193 1950 1316 2008 τοῖς
1353 1945 1668 2017 βαρβάροις
1704 1946 1905 2011 καλόν,’
1952 1976 2023 1984 —-
2071 1951 2139 2001 A.
2175 1944 2330 2002 Ἀλλ’
2375 1944 2472 2002 οὐκ

362 2026 472 2078 οιέι
519 2030 583 2078 τὸ
631 2046 733 2094 μεν
772 2047 829 2080 τι
875 2030 1219 2099 βαρβαρικὸν
1268 2030 1416 2082 εἶναι
1466 2033 1659 2100 ὥσπερ
1699 2031 1852 2095 εἶδος
1889 2036 1983 2085 καὶ
2018 2033 2248 2100 κάλλος,
2298 2038 2362 2087 τὸ
2404 2034 2462 2087 δὲ
2501 2042 2550 2083 20

353 2105 691 2183 Ἑλληνικόν,
742 2115 935 2184 ὥσπερ
985 2117 1080 2166 καὶ
1119 2118 1312 2187 φωνὴν
1349 2119 1443 2168 καὶ
1492 2119 1741 2188 ἐσθῆτα,
1789 2116 1883 2190 <ἢ>
1929 2122 2143 2186 ὁμοίως
2185 2135 2277 2172 σοι
2319 2119 2482 2172 δοκεῖ

363 2200 641 2266 γενέσθαι
676 2197 846 2261 καλὸς
879 2193 1163 2265 Ἀχιλλεύς
1199 2219 1260 2252 τε
1285 2196 1626 2272 καὶἝκτωρ,·
1665 2231 1733 2239 --
1766 2196 1846 2254 Οὐ
1871 2205 1975 2274 γὰρ
2013 2207 2186 2270 μόνον
2225 2208 2301 2267 ὡς
2340 2208 2474 2273 περὶ

362 2280 623 2352 ἀνδρείου
663 2278 1035 2355 τοῦἝκτορος
1063 2287 1094 2336 ὁ
1118 2288 1363 2357 ποιητὴς
1401 2285 1700 2351 διέξεισιν,·
1739 2316 1806 2325 -
1831 2283 2097 2340 Δ.“Όπου
2123 2307 2184 2358 γε
2210 2291 2311 2352 τὰς
2338 2297 2471 2352 ναῦς

362 2370 791 2439 ἐμπίμπρησιν·
845 2371 907 2420 οὐ
957 2371 1060 2440 γὰρ
1114 2370 1277 2437 οἶμαι
1326 2374 1459 2442 περὶ
1493 2370 1732 2435 κάλλους
1778 2375 2026 2445 ἔπρεπεν
2067 2376 2240 2426 αὐτοῦ
2274 2394 2330 2426 τι
2374 2394 2470 2441 με·

360 2455 636 2525 μνῆσθαι.
719 2453 1155 2526 τελευτήσαντος
1206 2454 1264 2507 δὲ
1302 2459 1396 2508 καὶ
1443 2459 1841 2525 γυμνωθέντος
1891 2458 2237 2531 ἐκπλαγῆναί
2286 2474 2460 2530 φησιν
2499 2467 2548 2509 25

362 2540 539 2590 αὐτοῦ
572 2542 635 2591 τὸ
674 2538 878 2603 κάλλος
914 2544 1045 2603 τοὺς
1078 2533 1340 2607 Ἀχαιούς
1379 2541 1620 2607 ἰδόντας,
1664 2545 1809 2595 οὕτω
1850 2561 1976 2607 πως
2016 2543 2215 2614 λέγων·

706 2628 764 2676 οἳ
797 2628 891 2678 καὶ
927 2628 1223 2697 θηήσαντο
1265 2630 1411 2698 φυὴν
1447 2630 1542 2680 καὶ
1580 2627 1731 2692 εἶδος
1769 2631 1974 2701 ἀγητὸν

691 2706 969 2781 Ἕκτορος.

279 2793 343 2842 17
369 2795 431 2844 οὐ
469 2796 572 2864 γὰρ
611 2793 677 2865 ἦν
717 2798 909 2859 αὐτοῖς
950 2800 1226 2867 πρότερον
1268 2796 1428 2864 οἶμαι
1483 2796 1648 2870 σχολὴ
1698 2800 2047 2871 θηήσασθαι
2098 2801 2265 2852 αὐτὸν
2315 2802 2467 2871 ἀκρι-

504 2967 531 3006 4
562 2958 688 3022 πρὸς
717 2959 774 3010 τὸ
805 2959 1013 3020 μάλιστα
1042 2958 1156 3011 κατ’
1189 2959 1304 3012 εὐθὺ
1335 2978 1390 3010 ex
1421 2966 1795 3011 antecedentibus
1828 2978 1981 3011 errore
2010 2967 2204 3023 repetita
2236 2979 2337 3011 esse
2357 2966 2468 3012 vidit

364 3032 498 3090 Emp.
616 3037 642 3077 6
664 3028 933 3094 ἀντιλάμπη
955 3037 1004 3080 Μ
1123 3030 1344 3095 ὁρῶντας
1366 3036 1579 3093 casaub„
1608 3035 1823 3097 ἐρῶντας
1842 3037 1947 3081 libri
2034 3041 2057 3080 7
2080 3029 2201 3083 ὥστ’
2222 3038 2284 3084 M.
2330 3031 2396 3091 (ὃς
2410 3061 2467 3069 —-

360 3102 750 3163 ἐκπεπληγμένος
779 3106 1091 3151 interlocutori
1121 3106 1282 3152 tribuit
1311 3106 1474 3152 Selden
1593 3111 1617 3152 8
1647 3106 1863 3155 ἐπιδοκεῖ
1889 3108 1940 3152 Μ
2070 3112 2096 3154 9
2127 3105 2275 3155 πύθοι
2304 3108 2354 3152 Μ

370 3179 422 3218 10
453 3172 556 3229 υἱός
584 3176 770 3221 seclusit
800 3177 933 3234 Emp.
964 3177 1195 3223 Additam.
1226 3192 1271 3235 p.
1307 3181 1388 3222 825
1506 3176 1608 3225 ἐστι
1638 3179 1676 3222 Β
1798 3183 1844 3224 11
1877 3175 2087 3226 ἐπεύθου
2106 3179 2157 3224 Μ
2276 3181 2327 3223 12
2358 3174 2467 3226 ἀλλ’

363 3240 397 3302 ἦ
425 3246 464 3290 Β
609 3247 778 3306 τρέποι
808 3248 849 3293 U
996 3254 1047 3294 15
1079 3248 1138 3295 τό
1169 3266 1225 3308 γε
1256 3249 1431 3306 Pflugk‚
1464 3266 1519 3309 γε
1549 3245 1607 3296 τὸ
1639 3249 1743 3295 libri
1869 3247 2069 3307 δικάζεις
2099 3251 2149 3294 Μ
2275 3254 2327 3294 16
2355 3245 2467 3296 κάτ-

362 3319 482 3362 τικῶ
509 3318 548 3361 Β
721 3323 769 3362 17
804 3317 1058 3378 ἑλληνικῶν
1088 3317 1239 3380 ἄκρος
1271 3321 1309 3366 U
1511 3316 1839 3381 ἀμφιγνοῆσαι
1868 3321 2047 3379 Scripsi,
2078 3316 2312 3381 ἀγνοῆσαι
2341 3320 2466 3375 libri;

365 3382 519 3442 οὐδεὶς
548 3385 696 3448 δήπου
729 3385 1010 3450 ἀγνοήσειεν
1040 3388 1102 3439 ἀν
1133 3392 1297 3437 Selden
1416 3396 1466 3438 18
1499 3389 1627 3452 πρός
1656 3409 1709 3440 τε
1739 3393 1779 3437 U
1892 3388 1924 3452 ἢ
1955 3386 2123 3439 οὐδένα
2153 3416 2208 3424 -
2233 3394 2285 3436 19
2314 3389 2468 3436 καλὸν

362 3459 499 3515 vulgo
516 3460 727 3515 leguntur
747 3466 852 3518 post
873 3458 997 3515 εἶδος
1024 3465 1105 3509 καὶ
1125 3460 1303 3518 κάλλος
1331 3464 1360 3509 1.
1386 3467 1455 3517 20,
1486 3464 1575 3508 huc
1605 3463 1889 3520 transposuit
1918 3463 2113 3508 casaub.
2203 3464 2253 3506 21
2285 3456 2316 3518 ἢ
2335 3460 2466 3516 Wil.;

364 3523 479 3576 ἀλλ’
508 3529 564 3585 U,
596 3544 680 3575 om.
703 3532 793 3574 ΒΜ
881 3536 934 3576 22
955 3529 1200 3588 κάλλοςΜ
1289 3537 1342 3579 23
1375 3529 1624 3595 ἀνδρείους
1654 3535 1703 3578 Μ
1792 3538 1846 3578 24
1875 3533 2163 3594 ἐμπίπρησιν
2191 3532 2272 3577 UB
2358 3527 2465 3576 ἐπέ·

362 3616 539 3660 τρεπεν
560 3602 706 3658 UBM,
738 3598 944 3662 επρεπεν
965 3603 1003 3647 Τ
1099 3600 1250 3652 αὐτοῦ
1277 3623 1322 3652 τι
1351 3606 1528 3663 scripsi,
1560 3601 1710 3652 αὐτοῦ
1739 3601 1807 3652 ἔτι
1827 3607 1909 3652 UB
1931 3602 2107 3659 αὐτοὺς
2136 3599 2203 3650 ε’τι
2223 3602 2293 3657 M,
2323 3599 2376 3647 ἐν
2397 3602 2468 3662 τῷ

362 3670 426 3718 τό
432 3688 485 3719 τε
507 3671 742 3729 Pflugkius
830 3677 884 3719 26
902 3667 1054 3729 οὕτως
1074 3679 1178 3730 πῶς
1198 3677 1238 3723 U
1327 3681 1379 3721 27
1402 3677 1454 3723 Il.
1475 3677 1608 3721 XXII
1625 3681 1708 3721 370
1797 3680 1850 3721 29
1873 3670 1930 3723 οὗ
1949 3671 2044 3734 γὰρ
2065 3669 2198 3731 οἶμαι
2218 3670 2466 3731 πρότερον

361 3744 420 3800 ἠν
452 3738 617 3797 αὐτοῖς
647 3745 750 3799 (hoc
780 3745 892 3801 ord.)
912 3745 952 3791 U
977 3747 1033 3791 cf.
1056 3747 1186 3792 Hom.
1215 3748 1318 3794 11.1.
1341 3749 1470 3794 1371
1496 3742 1603 3795 οὐδ’
1627 3744 1723 3808 ἄρα
1757 3743 1812 3793 οι
1825 3763 1895 3800 τις
1924 3739 2149 3804 ἀνουτητί
2167 3759 2223 3803 γε
2252 3741 2465 3801 παρέστη
