2684 4140
1018 322 1245 369 ORATIO
1275 322 1372 368 LV.
2172 317 2273 364 117

195 466 470 538 ἀληθείας
505 469 598 519 καὶ
635 469 857 537 ἀπάτης
902 468 996 519 καὶ
1042 469 1200 529 ὅπως
1248 462 1575 530 δοξάζουσιν
1627 466 1682 515 οἱ
1730 461 1935 515 πολλοὶ
1980 462 2075 513 καὶ
2120 463 2279 523 ὅπως

194 555 532 604 ἐπίστανται
572 555 628 603 οἱ
667 555 951 623 φρόνιμοι.
1026 554 1119 603 καὶ
1153 554 1262 623 μὴν
1302 553 1524 603 εἰκάσαι
1559 552 1653 601 καὶ
1690 545 2041 619 παραβαλεῖν
2082 547 2280 596 ἱκανώ-

195 653 357 687 τατοι
392 634 549 706 ἦσαν.
579 664 646 674 -
677 640 854 687 Τοῦτο
892 638 994 702 μὲν
1031 637 1383 702 θαυμαστόν,
1425 636 1475 686 εἰ
1511 638 1638 696 ταῖς
1656 624 1895 703 Ὁμήρου
1923 627 2280 700 παραβολαῖς

195 723 373 790 πυρὸς
408 723 501 771 καὶ
539 722 757 786 ἀνέμων
792 722 885 772 καὶ
911 718 1202 790 θαλάττης
1237 722 1332 771 καὶ
1357 721 1535 770 ἀετῶν
1559 721 1653 770 καὶ
1678 720 1898 786 ταύρων
1922 717 2016 768 καὶ
2043 713 2280 766 λεόντων

137 812 161 853 5
196 806 290 855 καὶ
325 810 435 854 τῶν
473 802 672 867 ἄλλων,
714 805 800 865 οἷς
826 807 1100 874 ἐκόσμησε
1139 807 1237 874 τὴν
1277 805 1510 873 ποίησιν
1524 797 1785 873 (Όμηρος,
1828 804 1893 853 σύ
1929 797 2281 870 παραβαλεῖν

190 885 454 950 ἀξιώσεις
477 889 608 948 τοὺς
623 890 954 955 Σωκράτους
977 892 1251 957 κεραμέας
1268 890 1363 940 καὶ
1385 883 1554 956 [τοὺς]
1587 889 1975 953 σκυτοτόμους.
2007 912 2075 921 -
2093 886 2162 936 Δ.
2185 883 2276 935 Εἴ·
2304 885 2366 936 10

190 987 296 1040 περ
333 987 420 1038 γε,
467 970 509 1020 ὦ
549 974 815 1041 μακάριε,
866 974 960 1023 καὶ
996 975 1094 1042 τήν
1126 966 1450 1039 Ἀρχιλόχου
1503 969 1767 1022 ἀλώπεκα
1806 975 1927 1032 τοῖς
1967 968 2157 1020 λέουσι
2191 971 2285 1020 καὶ

189 1057 314 1115 ταῖς
340 1052 659 1123 παρδάλεσι
685 1053 1122 1124 παραβάλλομεν
1159 1058 1253 1107 καὶ
1293 1054 1452 1106 οὐδὲν
1477 1056 1510 1125 ἢ
1537 1058 1610 1125 μὴ
1642 1053 1788 1105 πολὺ
1816 1052 2054 1104 ἀποδεῖν
2083 1070 2282 1123 φαμεν.

190 1135 330 1213 ἀλλὰ
366 1138 469 1206 γάρ
511 1137 650 1200 ἴσως
686 1141 780 1190 καὶ
817 1145 927 1190 τῶν
960 1130 1199 1209 Ὁμήρου
1239 1140 1308 1189 τὰ
1347 1145 1581 1190 τοιαῦτα
1623 1134 2090 1204 ἀποδοκιμάζεις,
2139 1139 2285 1188 ὅπου

112 1231 158 1273 10
193 1226 469 1291 μέμνηται
505 1228 708 1291 ψαρῶν
744 1224 776 1292 ἢ
815 1221 1054 1274 κολοιῶν
1091 1224 1123 1292 ἢ
1153 1221 1394 1292 ἀκρίδων
1431 1224 1463 1292 ἢ
1507 1219 1682 1273 δαλοῦ
1703 1223 1735 1291 ἢ
1763 1226 1977 1292 τέφρας
2000 1223 2033 1291 ἢ
2059 1224 2290 1287 κυάμων

189 1325 248 1358 τε
283 1309 376 1358 καὶ
412 1305 722 1377 ἐρεβίνθων
759 1308 792 1377 ἢ
834 1305 1146 1373 λικμῶντας
1185 1308 1534 1377 ἀνθρώπους
1560 1308 1888 1377 πεποίηκεν,
1930 1303 2072 1356 ἀλλά
2110 1307 2287 1356 ταῦτά

195 1406 286 1443 σοι
324 1389 483 1443 δοκεῖ
511 1393 579 1442 τὰ
621 1389 947 1462 φαυλότατα
986 1391 1132 1443 εἶναι
1169 1398 1280 1443 τῶν
1314 1385 1580 1463 Ὁμήρου·
1625 1394 1832 1458 μόνους
1872 1389 1930 1442 δὲ
1969 1387 2284 1457 θαυμάζεις
2309 1397 2369 1445 11

109 1482 111 1484 ’
191 1478 322 1538 τούς
360 1474 587 1538 λέοντας
623 1478 717 1527 καὶ
754 1478 885 1539 τούς
911 1477 1110 1539 ἀετούς
1145 1479 1239 1528 καὶ
1276 1478 1378 1539 τὰς
1403 1474 1652 1539 Σκύλλας
1674 1477 1769 1528 καὶ
1794 1477 1925 1538 τοὺς
1951 1473 2287 1538 Κύκλωπας,

25 1572 172 1615 (56111)
197 1561 283 1623 οἷς
319 1563 527 1623 ἐκεῖνος
565 1559 747 1631 ἐκήλει
784 1563 916 1623 τούς
953 1562 1356 1632 ἀναισθήτους,
1398 1563 1592 1632 ὥσπερ
1633 1563 1694 1612 αἱ
1730 1563 1930 1613 τίτθαι
1973 1563 2043 1612 τὰ
2082 1559 2288 1613 παιδία

113 1654 160 1696 15
197 1644 556 1717 διηγούμεναι
592 1648 691 1714 τὴν
728 1649 982 1713 Λάμιαν.
1181 1649 1275 1699 καὶ
1310 1649 1419 1718 μὴν
1459 1648 1651 1716 ὥσπερ
1676 1641 1923 1717 Όμηρος
1961 1646 2054 1699 διά
2093 1665 2153 1699 τε
2189 1651 2289 1714 μύ-

193 1733 318 1783 θων
355 1733 449 1782 καὶ
488 1733 744 1800 ἱστορίας
782 1733 1111 1802 ἐπεχείρησε
1149 1733 1281 1794 τούς
1320 1733 1667 1802 ἀνθρώπους
1705 1729 2024 1795 παιδεύειν,
2068 1730 2291 1802 σφόδρα

192 1815 456 1891 ἐργώδεις
495 1818 659 1878 ὄντας
697 1814 1110 1888 παιδευθῆναι,
1159 1818 1254 1868 καὶ
1289 1819 1590 1887 Σωκράτης
1641 1814 1915 1879 πολλάκις
1963 1813 2159 1888 ἐχρῆτο
2210 1811 2288 1883 τῷ

193 1904 450 1968 τοιούτῳ,
488 1903 629 1952 ποτὲ
673 1903 773 1968 μὲν
815 1898 1153 1964 σπουδάζειν
1192 1899 1507 1969 ὁμολογῶν,
1567 1904 1707 1953 ποτὲ
1749 1900 1808 1955 δὲ
1848 1899 2074 1965 παίζειν
2113 1916 2291 1969 προσ-

195 1988 551 2052 ποιούμενος,
578 1988 778 2037 τούτου
805 1989 982 2038 ἕνεκεν
1009 1988 1356 2056 ἀνθρώπους
1383 1984 1594 2057 ὠφέλει
1611 1999 1622 2009 ·
1652 1986 1791 2048 ἴσως
1819 1985 1878 2038 δὲ
1907 1991 2290 2058 προσέκρουσε

0 2032 159 2155 Qum
194 2075 315 2132 τοῖς
352 2068 700 2138 μυθολόγοις
735 2073 830 2122 καὶ
866 2076 987 2133 τοῖς
1028 2077 1453 2141 συγγραφεῦσιν.
1638 2073 1700 2121 οὐ
1750 2073 1936 2123 τοίνυν
1987 2070 2113 2122 οὐδὲ
2157 2074 2288 2133 τοὺς
2312 2071 2376 2122 12

6 2207 7 2210 ,
195 2158 328 2225 περὶ
363 2157 604 2225 Γοργίαν
650 2157 682 2225 ἢ
722 2153 929 2207 Πῶλον
976 2157 1007 2226 ἢ
1065 2155 1439 2225 Θρασύμαχον
1487 2157 1518 2226 ἢ
1570 2154 1855 2226 Πρόδικον
1902 2158 1934 2226 ἢ
1974 2158 2221 2207 Μένωνα
2260 2158 2292 2225 ἢ

3 2231 9 2315 f
195 2241 539 2311 Εὐθύφρονα
577 2241 608 2310 ἢ
646 2233 877 2291 Ἄνυτον
914 2241 946 2310 ἢ
993 2233 1352 2310 Ἀλκιβιάδην
1389 2241 1421 2310 ἢ
1462 2242 1704 2310 Λάχητα
1752 2243 1933 2310 μάτην
1981 2242 2170 2292 ἐποίει
2201 2237 2294 2291 ,λέ-

196 2342 418 2394 γοντας,
469 2322 593 2389 ἐξὸν
642 2323 873 2396 ἀφελεῖν
911 2326 980 2376 τὰ
1021 2327 1296 2391 ὀνόματα·
1349 2323 1490 2376 ἀλλὰ
1529 2318 1656 2395 ᾔδει
1693 2328 1871 2393 τούτῳ
1918 2327 2012 2377 καὶ
2047 2323 2294 2391 μάλιστα

199 2412 412 2480 ὀνήσων
450 2412 580 2472 τούς
618 2412 940 2474 ἀκούοντας,
983 2409 1039 2461 εἴ
1069 2426 1196 2472 πως
1236 2408 1472 2474 ξυνεῖεν·
1513 2412 1629 2461 ἀπὸ
1657 2412 1759 2479 γὰρ
1799 2417 1910 2462 τῶν
1951 2408 2127 2478 λόγων
2165 2412 2296 2471 τοὺς

120 2506 167 2549 25
205 2496 549 2564 ἀνθρώπους
584 2497 678 2546 καὶ
715 2497 831 2546 ἀπὸ
870 2501 980 2546 τῶν
1017 2496 1345 2565 ἀνθρώπων
1383 2498 1514 2557 τοὺς
1564 2494 1762 2563 λόγους
1813 2493 2042 2564 ξυνορᾶν
2092 2495 2154 2545 οὐ
2197 2490 2296 2564 ῥᾴ-

203 2579 324 2632 διον
373 2579 566 2643 ἄλλοις
612 2583 644 2652 ἢ
694 2586 816 2643 τοῖς
866 2579 1212 2652 φιλοσόφοις
1260 2583 1354 2632 καὶ
1398 2586 1520 2643 τοῖς
1558 2580 2053 2648 πεπαιδευμένοις.
2105 2581 2199 2632 Εοἱ
2237 2577 2295 2630 δὲ

203 2663 407 2717 πολλοὶ
453 2668 632 2735 μάτην
681 2665 899 2717 οἴονται
934 2666 1002 2717 τά
1051 2673 1285 2717 τοιαῦτα
1327 2664 1598 2734 λέγεσθαι
1644 2669 1738 2718 καὶ
1788 2665 1947 2732 ὄχλον
1985 2663 2169 2726 ἄλλως
2205 2666 2299 2715 καὶ

206 2749 482 2821 φλυαρίαν
531 2755 807 2821 ἡγοῦνται.
892 2753 1191 2821 Σωκράτης
1230 2749 1288 2802 δὲ
1328 2748 1604 2817 ἐνόμιζεν,
1659 2754 1854 2813 ὁσάκις
1900 2754 2000 2818 μὲν
2050 2746 2291 2812 ἀλαζόνα
2317 2750 2381 2801 13

21 2899 28 2905 ἢ
203 2837 515 2905 ἄνθρωπον
554 2837 781 2904 εἰσάγει,
823 2837 955 2905 περὶ
992 2832 1320 2899 ἀλαζονείας
1360 2833 1563 2904 λέγειν·
1615 2838 1788 2887 ὁπότε
1836 2834 1894 2887 δὲ
1934 2838 2298 2900 ἀναίσχυντον

20 2930 27 2938 ”
125 2929 172 2970 30
206 2923 299 2972 καὶ
345 2919 638 2990 βδελυρόν,
687 2923 820 2990 περὶ
857 2919 1148 2983 ἀναιδείας
1184 2922 1279 2972 καὶ
1315 2918 1638 2990 βδελυρίας·
1691 2922 1866 2971 ὁπότε
1906 2918 1964 2971 δὲ
2004 2921 2298 2986 ἀγνώμονα

350 3077 370 3115 1
404 3067 606 3130 άληθίας
635 3072 684 3116 Μ
829 3076 853 3115 2
885 3075 1182 3131 παρακαλεῖν
1209 3072 1248 3115 Β
1389 3075 1414 3113 4
1444 3066 1694 3127 θαλάσσης
1725 3070 1761 3112 Ρ
1909 3075 1933 3113 5
1951 3062 2156 3129 (Όμηρος
2185 3069 2304 3113 delet

206 3142 476 3187 Herwerden
589 3138 647 3188 σὺ
677 3155 763 3186 om.
795 3142 875 3185 PH
1020 3140 1350 3200 παραβάλλειν
1380 3140 1459 3184 UB
1599 3144 1625 3184 6
1656 3143 1743 3187 τοῦ
1772 3153 1857 3198 pro
1887 3138 2001 3194 τοὺς
2030 3141 2077 3183 Μ
2107 3138 2220 3193 τοὺς
2249 3151 2303 3183 ex

208 3216 294 3259 τοῦ
322 3216 373 3256 ut
401 3212 577 3257 videtur
596 3212 639 3256 H
668 3209 780 3266 τοὺς
809 3215 897 3259 τοῦ
916 3212 952 3255 Ρ
1039 3209 1151 3264 τοὺς
1180 3224 1266 3256 om.
1288 3210 1339 3264 P,
1372 3210 1535 3256 delevit
1554 3210 1687 3255 Dind.
1776 3215 1800 3256 8
1831 3207 2149 3271 παρδάλαισιν
2167 3210 2218 3254 Μ

207 3280 268 3341 μὴ
301 3297 386 3328 om.
408 3282 541 3328 BMU
571 3295 628 3326 m.
650 3295 719 3339 pr.
810 3286 835 3326 9
866 3277 926 3328 τὰ
958 3285 1156 3328 τοιαῦτα
1186 3294 1274 3327 om.
1296 3281 1378 3326 BU
1407 3281 1528 3336 (add.
1559 3281 1606 3326 in
1626 3284 1755 3338 mrg.)
1846 3286 1895 3328 12
1927 3277 2048 3329 εἶναι
2069 3294 2154 3327 om.
2175 3280 2216 3325 U

210 3358 263 3398 14
292 3352 492 3407 ἐκείνοις
520 3353 584 3410 Μ,
616 3366 701 3398 om.
724 3353 760 3396 P
849 3345 1012 3412 ὥσπερ
1043 3366 1130 3397 om.
1161 3352 1197 3396 P
1228 3364 1455 3408 superscr.
1487 3353 1534 3396 in
1565 3352 1607 3396 H
1695 3356 1837 3412 τῆθαι
1868 3354 1909 3397 H
1939 3356 2064 3409 (mrg.
2094 3353 2231 3408 vulg.)

212 3429 262 3470 18
293 3424 380 3482 μὲν
410 3437 495 3469 om.
527 3423 563 3467 P
713 3426 762 3469 19
793 3419 1084 3483 ἀνθρώπους
1114 3419 1285 3476 ἄλλους
1315 3422 1394 3468 UB
1427 3417 1704 3481 ἀνθρώπων
1735 3433 1840 3479 (om.
1871 3422 2059 3477 ἄλλους)
2089 3422 2220 3466 ΡΗΜ

210 3490 441 3554 ὠφελείας
471 3495 518 3538 Μ
538 3508 597 3538 m.
620 3508 688 3551 pr.
720 3520 775 3526 —
804 3493 1022 3539 fortasset
1065 3487 1191 3550 (ἵν’)
1222 3488 1510 3551 ἀνθρώπους
1541 3489 1746 3554 ὠφελοῖ,
1781 3495 2021 3540 lectionem
2059 3494 2109 3538 M
2138 3493 2304 3550 probat

208 3567 316 3612 Wil.
432 3570 480 3610 21
515 3565 693 3622 μένονα
714 3565 796 3610 UB
825 3564 1039 3622 με’μνονα
1069 3564 1150 3607 PH
1283 3567 1336 3607 22
1368 3560 1579 3623 εὔφρονα
1609 3566 1658 3610 Μ
1801 3562 1949 3625 λάχην
1977 3565 2098 3609 ΡΗΒ
2129 3560 2304 3623 λάχνην

210 3637 259 3681 Μ
289 3633 468 3695 λάχητα
501 3640 574 3691 (τα
606 3649 634 3680 a
665 3640 798 3689 corr.)
822 3636 860 3681 U
946 3632 1101 3694 μάτην
1131 3648 1216 3679 om.
1239 3634 1369 3678 PHM
1487 3639 1540 3680 23
1571 3639 1716 3683 τοῦτο
1750 3637 1799 3682 Μ
1901 3640 1955 3680 24
1986 3637 2139 3689 ξυνίει)
2167 3635 2219 3679 Μ

211 3703 306 3767 γὰρ
334 3707 415 3751 ΡΗ
443 3724 498 3766 γε
529 3708 618 3752 ΒΜ
649 3724 700 3754 τε
729 3708 771 3753 U
887 3710 939 3751 25
975 3700 1002 3752 ὃ
1035 3709 1246 3766 συνορᾶν
1275 3705 1355 3750 UB
1488 3710 1539 3750 27
1572 3710 1723 3754 ταῦτα
1751 3719 1834 3764 pro
1865 3706 1924 3753 τὰ
1955 3708 2153 3752 τοιαῦτα
2184 3705 2219 3748 P

214 3782 268 3823 29
299 3775 483 3838 εἰσάγοι
512 3779 548 3823 P
665 3773 924 3835 ἀλαζονίας
953 3777 1002 3821 Μ
1120 3779 1173 3821 30
1205 3770 1420 3830 α’ναιδίας
1450 3778 1499 3821 Μ
