2684 4140
1030 255 1255 301 ORATIO
1285 254 1491 300 XLVIII.
2235 254 2301 302 93

215 402 655 474 παραναλίσκειν
693 409 796 453 τοῦ
828 399 1055 468 μέλιτος
1091 402 1122 471 ἢ
1166 399 1357 462 πάσας
1394 401 1719 471 θορυβῆσαι
1756 399 1857 460 τὰς
1888 397 2168 465 μελίττας.
2235 394 2298 451 οὗ
2324 403 2387 454 16

213 495 408 557 μέντοι
446 480 586 559 παρ’
629 492 761 559 ἡμῖν
799 488 961 552 τυχὸν
1001 479 1185 546 οὐδείς
1221 487 1344 536 ἐστι
1369 482 1551 556 κηφὴν
1579 482 1765 554 ἀργός,
1804 485 2033 551 βομβῶν
2063 483 2301 554 σαθρόν,

214 571 509 644 γευόμενος
546 579 648 624 τοῦ
669 570 911 640 μέλιτος.
975 573 1069 622 καὶ
1091 575 1286 636 μέντοι
1309 573 1403 622 καὶ
1425 573 1716 640 μύρμηκας
1754 572 1901 621 πανὺ
1940 568 2119 640 ήδέως
2159 568 2301 621 ἰδεῖν

217 661 398 723 ἔστιν,
438 662 596 720 ὅπως
632 660 734 725 μὲν
773 658 991 708 οἰκοῦσι
1025 649 1151 722 μετ’
1195 653 1447 726 ἀλλήλων
1487 649 1743 719 εὐκόλως,
1784 658 1942 717 ὅπως
1982 653 2040 706 δὲ
2067 652 2301 718 ἐξίασιν,

158 754 181 794 5
218 747 376 806 ὅπως
414 741 472 794 δὲ
511 744 579 794 τά
616 738 760 814 βάρη
798 739 1337 808 μεταλαμβάνουσιν,
1377 744 1535 802 ὅπως
1576 739 1633 791 δὲ
1662 746 2096 810 παραχωροῦσιν
2134 737 2301 810 ἀλλή-

220 826 339 891 λοις
377 834 487 879 τῶν
526 826 684 880 ὁδῶν.
761 827 956 878 οὔκουν
995 828 1225 896 αἰσχρὸν
1265 827 1612 895 ἀνθρώπους
1651 828 1816 887 ὄντας
1854 827 2303 896 ἀφρονεστέρους

37 922 191 964 (58611)
216 912 363 965 εἶναι
399 914 621 994 θήρίων
660 913 803 962 οὕτω
846 918 1090 981 σμικρῶν
1137 912 1231 962 καὶ
1279 912 1574 1013 ἀφρόνων,·
1621 928 1793 961 ταυτα
1843 912 1944 976 μὲν
1984 911 2079 961 οὖν
2118 907 2303 971 ἄλλως

214 999 427 1069 ἐρρήθη
468 999 681 1066 τρόπον
719 1000 860 1047 τινά.
942 998 1140 1046 στάσιν
1180 993 1238 1046 δὲ
1279 996 1405 1046 οὔτε
1444 991 1737 1061 ὀνομάζειν
1785 992 1944 1057 α’ξιον
1985 988 2125 1064 παρ’
2168 998 2302 1065 ήμῖν

212 1085 350 1153 μήτε
389 1081 589 1151 λεγέτω
626 1079 838 1151 μηδείς.
923 1078 1063 1130 ἀλλά
1110 1097 1207 1145 μοι
1250 1078 1404 1130 δοκεῖ
1447 1080 1945 1148 περικαθήραντας
1993 1082 2105 1173 τὴν·
2131 1077 2298 1129 πόλιν
2324 1082 2386 1133 17

136 1173 182 1214 10
217 1170 290 1239 μή
335 1165 524 1236 σκίλλῃ
571 1164 711 1236 μηδὲ
761 1163 952 1228 ὕδατι,
1002 1162 1149 1214 πολύ
1199 1162 1258 1215 δὲ
1306 1165 1688 1233 καθαρωτέρῳ
1734 1166 1979 1234 χρήματι
2026 1163 2105 1231 τῴ
2159 1162 2299 1231 λόγῳ

13 1259 187 1299 246311)
211 1259 370 1322 κοινῇ
409 1254 677 1319 πράττειν
714 1250 783 1300 τά
824 1247 1016 1311 λοιπά,
1054 1250 1148 1300 καὶ
1172 1250 1304 1314 περὶ
1330 1255 1440 1299 τῶν
1469 1250 1833 1317 ἀγορανόμων
1860 1249 1954 1299 καὶ
1980 1254 2091 1299 τῶν
2118 1246 2302 1298 ἄλλων

212 1333 528 1409 φροντίζειν
575 1337 669 1386 καὶ
715 1336 814 1405 τὴν
861 1331 1065 1404 βουλήν
1114 1331 1460 1402 παρακαλεῖν
1500 1335 1645 1402 πρὸς
1681 1339 1884 1396 ταῦτα,
1936 1334 2053 1395 ἵνα,
2105 1333 2299 1400 ὥσπερ

209 1422 414 1486 εἴωθε,
463 1426 680 1490 προνοῇ
717 1426 816 1490 τῆς
867 1416 1121 1479 πόλεως·
1172 1419 1335 1469 ἔσται
1371 1419 1474 1488 γάρ
1513 1420 1643 1484 ὑμῖν
1683 1421 1830 1470 πάνυ
1870 1416 2059 1487 ῥᾴδια.
2135 1423 2300 1466 τοῦτο

210 1505 269 1558 δὲ
308 1505 467 1571 ἀξιον
503 1508 633 1571 ὑμῖν
673 1501 999 1555 σπουδάσαι
1035 1505 1129 1554 καὶ
1167 1501 1260 1555 διὰ
1288 1506 1384 1555 τὸν
1410 1506 1669 1573 ἄρχοντα,
1709 1504 1772 1555 ὃν
1800 1505 2166 1572 πεποιήκατε,
2210 1502 2299 1552 ἵνα

132 1594 180 1636 15
213 1593 287 1663 μή
330 1589 594 1658 λαβόντες
629 1591 868 1658 ἄπειρον
907 1589 1220 1658 ἄνθρωπον
1258 1590 1457 1640 ἔπειτα
1496 1592 1554 1640 ἐν
1590 1587 1831 1641 κλύδωνι
1855 1590 1948 1640 καὶ
1977 1585 2126 1656 σάλῳ
2157 1591 2299 1639 ἐᾶτε.

407 2095 529 2162 (32)
579 2093 1156 2160 ΠΑΡΑΙΤΗΣΙΣ
1205 2095 1524 2162 ΑΡΧΗΣ
1572 2095 1703 2162 ΕΝ
1752 2096 2134 2164 ΒΟΥΛΗΙ.

1171 2239 1335 2246 —-..—.

353 2339 487 2398 Τοῖς
534 2338 842 2388 ἐπιεικέσιν
891 2338 1230 2408 ἀνθρώποις
1275 2341 1369 2390 καὶ
1416 2337 1895 2405 πεπαιδευμένοις
1956 2340 2080 2391 οὔτε
2130 2339 2298 2411 ἀηδὲς
2340 2356 2363 2404 1

207 2422 271 2471 τὸ
310 2422 497 2490 ἄρχειν
538 2421 665 2472 οὔτε
696 2418 961 2486 χαλεπόν.
1024 2421 1258 2493 ἥδονται
1293 2425 1397 2490 μὲν
1433 2425 1536 2494 γὰρ
1577 2422 1762 2476 οὐδενὶ
1797 2421 2010 2491 μᾶλλον
2047 2427 2078 2496 ἢ
2120 2425 2199 2494 τῷ
2239 2427 2303 2477 εὖ

208 2510 424 2557 ποιεῖν·
461 2504 540 2574 τῷ
581 2503 640 2557 δὲ
679 2507 908 2576 ἄρχοντι
945 2505 1167 2571 πόλεως
1191 2510 1222 2579 ἢ
1252 2510 1458 2572 ἔθνους
1482 2511 1514 2581 ἢ
1543 2512 1637 2562 καὶ
1662 2508 1942 2563 πλειόνων
1971 2512 2299 2581 ἀνθρώπων

210 2592 272 2641 οὐ
310 2593 482 2656 μόνον
519 2588 750 2654 ἐξουσία
790 2589 1026 2664 πλείστη
1066 2600 1170 2645 τοῦ
1204 2596 1508 2664 εὐεργετεῖν
1546 2598 1725 2660 ἐστιν,
1779 2594 1921 2648 ἀλλὰ
1959 2598 2052 2648 καὶ
2091 2598 2296 2666 ἀνάγκη

127 2679 177 2721 20
216 2673 438 2741 σχεδόν·
489 2677 541 2727 εἰ
580 2674 639 2727 δὲ
676 2678 781 2748 μή,
823 2678 919 2728 οὐκ
955 2679 1247 2745 ἀνέχονται
1284 2682 1380 2732 τὸν
1416 2679 1692 2751 βλαβερὸν
1730 2683 1971 2752 ἄρχοντα
2011 2683 2107 2748 οὐχ
2143 2685 2300 2743 ὅπως

208 2761 539 2829 ἄνθρωποι,
578 2755 630 2828 [ὃ
670 2759 732 2832 δὴ
777 2759 938 2813 δοκεῖ
966 2766 1194 2816 πάντων
1234 2763 1573 2835 δριμύτατον
1613 2762 1809 2835 εἶναι,]
1850 2761 1977 2817 ἀλλ’
2022 2766 2149 2818 οὐδὲ
2187 2775 2298 2819 τῶν

204 2845 425 2914 θηρίων
462 2846 530 2895 τὰ
569 2846 978 2917 ἀφρονέστατα.
1056 2849 1182 2900 οὔτε
1218 2851 1321 2919 γὰρ
1359 2852 1490 2918 βόες
1527 2849 1740 2920 ῥᾳδίως
1777 2854 2128 2918 ὑπομένουσι
2164 2854 2293 2919 βου·
2332 2862 2364 2911 2

202 2926 381 2980 κόλων
420 2927 685 2995 ἀμέλειαν
727 2932 854 2983 οὔτε
881 2931 1120 2985 αἰπόλια
1146 2937 1240 2985 καὶ
1266 2939 1510 3001 ποῖμναι
1535 2938 1667 2997 τούς
1695 2937 2046 3006 φθείροντας
2075 2941 2295 3003 νομέας.

205 3013 274 3063 τὰ
310 3015 413 3078 μὲν
449 3015 552 3082 γάρ
593 3016 910 3086 ἀποφεύγει
945 3020 1039 3068 καὶ
1078 3021 1139 3068 οὐ
1179 3021 1486 3083 πείθεται,
1526 3021 1593 3070 τά
1635 3019 1693 3071 δὲ
1730 3023 1825 3072 καὶ
1862 3022 2131 3086 ἀμύνεται
2168 3024 2298 3084 τούς

126 3100 175 3140 25
212 3100 493 3167 πονηρούς
518 3103 858 3168 προστάτας.
919 3104 975 3152 οἱ
1012 3098 1067 3153 δ’
1111 3104 1289 3154 ἵπποι
1324 3107 1455 3166 τούς
1482 3106 1731 3171 ἀμαθεῖς
1755 3109 2013 3176 ἡνιόχους
2043 3106 2296 3175 ἀποβάλ-

209 3177 397 3242 λοντες
446 3180 591 3232 πολὺ
639 3185 831 3235 κάκιον
878 3182 1208 3248 κολάζουσιν
1257 3189 1288 3257 ἢ
1338 3190 1541 3241 ἐκεῖνοι
1601 3197 1670 3260 τῇ
1730 3193 1965 3259 μάστιγι
2012 3194 2294 3255 παίοντες.

349 3363 374 3403 2
404 3356 514 3417 ὑμῖν
544 3360 663 3406 UBT
808 3357 961 3423 ἀργὸς
989 3365 1170 3419 Jacobs,
1202 3364 1371 3426 ἄγριος
1400 3369 1502 3414 libri
1647 3374 1672 3415 6
1704 3364 1792 3418 οὐκ
1822 3365 1908 3419 οὖν
1939 3373 1976 3417 Τ
2132 3378 2157 3418 8
2190 3370 2297 3422 οὐδὲ

206 3430 325 3486 libri,
356 3443 470 3475 corr.
502 3432 632 3488 Emp.
662 3432 710 3477 in
739 3434 843 3479 adn.
995 3435 1465 3497 9περικαθάραντες
1493 3441 1615 3487 UBT
1792 3447 1842 3487 10
1871 3443 1986 3503 μηδὲ
2014 3438 2147 3492 ῧδατι
2175 3446 2296 3502 libri,

207 3501 319 3559 μηδὲ
349 3505 447 3563 δᾳδὶ
477 3503 704 3559 Baguetus
862 3509 913 3550 13
945 3505 1105 3554 εἰώθει
1133 3509 1251 3565 libri,
1282 3507 1425 3557 εἴωθε
1456 3511 1587 3570 Emp.
1763 3518 1815 3559 14
1845 3511 1935 3561 τὸν
1963 3512 2180 3575 ἄρχοντα
2210 3522 2294 3561 etc.

206 3571 351 3616 fuitne
381 3573 455 3617 hic
486 3573 643 3619 Dionis
682 3575 832 3621 filius?
1035 3582 1084 3623 17
1117 3580 1344 3640 παρέχειν
1372 3585 1473 3639 (pro
1502 3600 1560 3630 το
1590 3580 1771 3644 ἄρχειν)
1803 3585 1844 3631 U
1874 3600 1931 3632 m.
1963 3599 2057 3643 pr„
2094 3587 2205 3643 ΒΜ,
2235 3587 2293 3635 τὸ

208 3638 373 3702 ἄρχειν
406 3643 443 3688 U
473 3658 529 3688 m.
563 3657 678 3700 sec„
710 3646 748 3690 T
949 3652 991 3692 2¹
1034 3643 1061 3695 ὃ
1093 3645 1146 3708 δὴ
1178 3676 1233 3684 -
1263 3648 1383 3699 εἶναι
1424 3654 1543 3699 delet
1580 3655 1714 3712 Emp.
1926 3660 1980 3701 23
2011 3660 2217 3716 νομαίας
2245 3659 2295 3704 Μ

209 3712 363 3769 νόμας
391 3714 429 3758 Τ
