2684 4140
388 243 488 291 168
1132 230 1338 276 DIONIS
1366 229 1450 274 DE
1482 229 1710 274 GLORIA

387 386 512 443 σίας
561 379 718 448 δίκην
776 375 1165 442 λαμβάνοντες.
1265 364 1617 442 Ἀριστείδην
1677 370 2094 441 ἐξωστράκισαν
2147 369 2466 448 Ἀθηναῖοι,
2634 367 2671 456 Ὗ

381 467 566 516 καίτοι
590 463 966 525 πεπεισμένοι
1006 463 1205 527 σαφῶς
1242 459 1331 508 ὅτι
1369 454 1586 517 δίκαιος
1613 454 1694 526 ἦν.
1759 458 1817 507 τί
1840 454 1999 525 (οὖν)
2025 457 2119 510 δεῖ
2139 458 2306 532 δόξης
2343 466 2467 516 ἐπι-

381 549 601 611 θυμεῖν,
639 545 705 614 ῆς
729 545 823 594 καὶ
847 543 944 593 ἐὰν
970 544 1119 610 τύχῃ,
1159 538 1433 602 πολλάκις
1461 542 1557 591 οὐκ
1583 534 1679 591 ἐπ’
1714 541 1917 609 ἀγαθῷ
1960 537 2269 615 [πολλάκις]
2308 549 2468 599 ἀπώ-
2634 574 2671 669 sl

382 646 548 691 νατο,
586 623 734 695 [δέον
772 623 1047 687 πολλάκις
1085 623 1474 692 εὐλαβεῖσθαι,
1513 627 1613 676 κᾶν
1653 628 1761 693 ἄρα
1805 628 2078 698 συμβαίνῃ
2120 626 2339 700 τινί**]

522 711 599 779 τῷ
627 713 808 762 Βίωνι
835 708 991 762 δοκεῖ
1011 712 1084 780 μὴ
1116 708 1349 761 δυνατὸν
1376 709 1524 761 εἶναι
1559 715 1681 772 τοῖς
1717 709 1956 773 πολλοῖς
1993 714 2264 783 ἀρέσκειν,
2305 718 2356 768 εἰ
2391 721 2465 789 μὴ
2504 725 2529 766 5

381 795 696 848 πλακοῦντα
722 798 1016 863 γενόμενον
1040 796 1072 866 ἢ
1105 794 1347 846 Θάσιον·
1377 796 1617 865 εὐήθως,
1646 789 1761 864 [ὡς]
1788 797 1914 862 ἐμοὶ
1943 795 2141 851 δοκεῖν.
2199 798 2473 863 πολλάκις

380 883 482 951 γάρ
524 879 650 932 οὐδὲ
689 883 747 932 ἐν
788 879 996 948 δείπνῳ
1040 878 1169 931 δέκα
1209 882 1537 951 ἀνθρώπων
1577 883 1608 931 ό
1645 878 1894 944 πλακοῦς
1919 884 2084 953 ἤρεσε
2112 889 2303 950 πᾶσιν,
2343 880 2467 937 ἀλλ’

383 969 411 1017 0‘
450 968 551 1032 μὲν
591 964 765 1017 ἕωλον
805 965 952 1022 εἶναί
989 980 1180 1036 φησιν,
1222 967 1252 1016 ὁ
1279 963 1337 1017 δὲ
1364 967 1598 1036 θερμόν,
1639 966 1667 1017 ό
1708 965 1766 1018 δὲ
1795 965 1920 1018 λίαν
1946 965 2168 1036 γλυκύν·
2207 973 2258 1020 εἰ
2294 973 2367 1039 μὴ
2409 974 2470 1042 νὴ

379 1053 493 1102 Δία
520 1053 674 1102 Βίων
703 1053 874 1121 φησὶν
913 1054 1001 1102 ὅτι
1036 1053 1130 1102 καὶ
1165 1052 1383 1122 θερμὸν
1422 1049 1742 1103 πλακοῦντα
1769 1055 1862 1104 καὶ
1888 1051 2062 1105 ἕωλον
2094 1052 2188 1106 δεῖ
2204 1057 2476 1123 γενέσθαι

382 1138 492 1213 [καὶ
527 1131 780 1206 ψυχρόν].
862 1134 1115 1187 καθόλου
1157 1134 1216 1188 δὲ
1257 1138 1319 1187 οὐ
1356 1140 1614 1188 τοιοῦτόν
1657 1139 1780 1189 ἐστι
1829 1141 1892 1189 τό
1946 1146 2204 1209 πρᾶγμα·
2257 1141 2474 1203 πόθεν,·
2511 1148 2557 1190 10

298 1225 363 1274 27
387 1219 527 1272 ἀλλὰ
563 1223 657 1273 καὶ
692 1224 869 1290 μύρον
909 1219 1001 1273 δεῖ
1029 1224 1123 1273 καὶ
1161 1220 1465 1293 αὐλητρίδα
1503 1224 1774 1289 γενέσθαι
1809 1225 1904 1275 καὶ
1938 1227 2230 1294 μειράκιον
2269 1227 2479 1293 ὡραῖον

381 1309 474 1358 καὶ
514 1304 811 1358 Φίλιππον
850 1310 945 1359 τὸν
982 1305 1383 1375 γελωτοποιόν.
1474 1306 1732 1360 λείπεται
1784 1307 1842 1360 δὲ
1895 1311 1953 1361 ἓν
2003 1309 2169 1374 ἴσως,
2221 1310 2251 1360 ὃ
2291 1308 2480 1381 δεήσει

383 1394 654 1460 γενέσθαι
691 1395 787 1444 τὸν
814 1391 1060 1444 θέλοντα
1089 1395 1291 1463 ἀρέσαι
1329 1398 1451 1455 τοῖς
1492 1392 1745 1458 πολλοῖς,
1786 1396 2064 1465 ἀργύριον.
2128 1396 2340 1459 οὔκουν,
2377 1396 2479 1446 κᾶν

385 1480 650 1548 ἀργύριον
687 1481 915 1548 γένηταί
943 1494 1046 1542 τις,
1087 1480 1259 1540 εὐθὺς
1284 1481 1507 1549 ἤρεσεν·
1547 1477 1688 1530 ἀλλὰ
1718 1478 1812 1532 δεῖ
1829 1483 2147 1550 ῥάττεσθαι
2171 1483 2265 1532 καὶ
2292 1479 2479 1532 δάκνε-

387 1565 547 1615 σθαι.
601 1565 659 1615 τί
685 1564 780 1615 οὖν
806 1565 891 1615 ἔτι
919 1561 1156 1627 διώκεις,
1185 1563 1228 1614 ὦ
1250 1563 1609 1631 κακόδαιμον,
1644 1572 1870 1635 πρᾶγμα
1898 1568 2188 1637 ἀκίχητον,·
2215 1568 2342 1618 οὔτε
2377 1567 2479 1635 γὰρ
2518 1553 2678 1648 15OEffi}

385 1651 560 1718 μύρον
600 1650 725 1699 οὔτε
766 1653 1045 1719 στέφανος
1085 1649 1210 1700 οὔτε
1252 1649 1404 1711 οἶνος
1445 1652 1510 1700 σύ
1547 1653 1733 1718 γένοιό
1761 1645 1897 1702 ποτ’
1941 1654 2008 1703 ἂν
2037 1644 2157 1703 οὔτ’
2202 1654 2479 1721 ἀργύριον.
2660 1642 2673 1700 ,ἶ

300 1738 366 1789 28
389 1729 505 1802 [κᾶν
544 1736 806 1803 ἀργύριον
844 1735 1071 1803 γένηταί
1107 1752 1212 1797 τις,
1247 1736 1480 1803 χρυσίον
1519 1737 1892 1806 ἐντιμότερον,
1931 1739 2032 1788 κᾶν
2053 1739 2302 1807 χρυσίον,
2343 1740 2482 1806 ἐψη-
2668 1716 2673 1754 ³

384 1820 560 1889 θῆναι
602 1817 804 1888 δεήσει.
881 1822 943 1869 τὸ
983 1820 1086 1889 γὰρ
1129 1812 1174 1887 ᾦ
1215 1818 1515 1890 διαφέρει.]

527 1909 637 1954 τῶν
676 1901 966 1955 πλουσίων
1006 1907 1240 1966 ἕκαστος
1289 1906 1436 1956 ἔοικε
1487 1904 1567 1973 τῴ
1617 1907 1942 1972 νομίσματι.
2027 1908 2121 1957 καὶ
2168 1907 2271 1974 γὰρ
2320 1912 2484 1956 τοῦτο

384 1991 617 2040 ἐπαινεῖ
645 1991 746 2055 μὲν
786 1987 986 2053 οὐδείς,
1021 1997 1223 2060 χρῆται
1263 1988 1322 2041 δὲ
1362 1993 1596 2052 ἕκαστος
1633 1997 1743 2042 τῶν
1777 1989 2088 2058 λαβόντων·
2128 1993 2327 2042 ἔπειτα
2365 1992 2477 2041 ὑπὸ
2515 1998 2563 2039 20

386 2080 497 2125 τῶν
534 2077 836 2143 χρωμένων
875 2075 1189 2143 ἐκτρίβεται
1213 2077 1307 2126 καὶ
1332 2073 1651 2127 τελευταῖον
1678 2078 1736 2127 ἐν
1774 2081 1895 2138 τοῖς
1921 2075 2216 2142 ἀδοκίμοις
2251 2079 2483 2145 ἐγένετο.

383 2160 635 2220 κάκεῖνος
673 2161 755 2220 εἰς
791 2161 923 2221 τούς
975 2163 1222 2229 πένητας
1272 2162 1645 2231 παρηγγυήθη
1695 2163 1789 2212 καὶ
1833 2164 1964 2223 τούς
2014 2160 2344 2228 ἀδοκίμους,
2392 2164 2486 2213 καὶ

388 2241 569 2305 οὐδεὶς
607 2245 692 2294 ἔτι
731 2246 827 2295 τὸν
876 2250 1133 2316 τοιοῦτον
1185 2246 1489 2314 προσίεται
1536 2251 1647 2296 τῶν
1697 2249 1974 2316 πρότερον
2025 2249 2483 2313 τεθαυμακότων,

387 2321 513 2378 ἀλλ’
560 2327 686 2379 οὐδὲ
729 2333 980 2399 στρέψας
1018 2319 1381 2399 ἀπορρίπτει.
2500 2340 2582 2380 (613
2599 2339 2655 2382 Μ)

533 2567 550 2606 1
586 2558 855 2622 άριστείδην
884 2567 911 2608 δ
919 2557 930 2575 ²
961 2563 1055 2607 PH.
1185 2566 1209 2607 2
1242 2556 1327 2611 οὖν
1356 2565 1507 2608 addidi
1652 2569 1675 2609 3
1706 2556 1759 2623 ἧς
1788 2569 1869 2612 καὶ
1900 2580 1987 2611 om.
2019 2567 2063 2611 H
2093 2582 2150 2612 m.
2182 2581 2251 2625 pr.
2369 2566 2484 2626 τύχῃ

386 2629 614 2687 πολλάκις
645 2628 875 2680 ἀπώνατο
907 2641 1009 2687 (om.
1043 2630 1131 2680 οὐκ
1160 2629 1243 2680 ἐπ’
1275 2628 1450 2698 ἀγαθῷ
1479 2632 1722 2691 πολλάκις)
1752 2637 1796 2681 Η
1912 2635 1965 2684 ἐν
1996 2633 2171 2699 ἀγαθῷ
2200 2638 2235 2681 Ρ
2368 2641 2483 2684 πολ-

385 2700 518 2756 λάκις
547 2716 632 2749 om.
664 2703 712 2747 M
857 2708 884 2747 4
914 2703 1023 2750 δέον
1053 2730 1107 2737 -
1137 2707 1228 2751 τινί
1257 2706 1442 2750 seclusit
1471 2706 1603 2762 Emp.
1759 2713 1782 2752 5
1813 2709 1901 2769 βίῳ
1929 2711 2011 2754 καὶ
2042 2722 2123 2764 pro
2154 2710 2301 2755 Βίωνι
2331 2710 2369 2753 Β

387 2778 546 2821 δοκεῖν
575 2775 614 2818 Β
786 2778 812 2819 6
844 2771 909 2828 ὡς
939 2776 1123 2820 seclusit
1154 2776 1348 2822 Casaub.
1524 2781 1546 2820 7
1580 2771 1664 2824 ἅλ’
1697 2772 1723 2824 ὃ
1756 2779 1790 2821 Ρ
1937 2782 1962 2824 8
1994 2786 2098 2835 post
2129 2775 2316 2836 θερμὸν
2346 2792 2485 2822 unum

387 2846 632 2890 membrum
661 2846 825 2891 excidit
852 2847 975 2891 velut
1002 2841 1061 2905 (ὁ
1092 2846 1181 2904 μὲν
1211 2844 1404 2906 δριμὺν)
1518 2849 1627 2894 λίαν
1657 2862 1743 2894 om.
1779 2850 1830 2894 M
1946 2853 2018 2909 νηὶ
2048 2852 2121 2896 δία
2152 2850 2187 2893 Ρ
2305 2854 2330 2894 9
2362 2850 2485 2907 γίνε-

388 2921 502 2963 σθαι
532 2917 575 2960 Η
666 2921 716 2961 10
746 2919 826 2963 καὶ
858 2913 1046 2978 ψυχρὸν
1076 2917 1239 2963 seclusi
1325 2916 1483 2965 πόθεν
1504 2933 1589 2964 om.
1614 2920 1651 2963 B
1745 2924 1791 2963 11
1824 2923 1905 2966 καὶ
1934 2926 2039 2965 ante
2067 2913 2222 2979 μύρον
2251 2933 2336 2964 om.
2360 2920 2401 2963 H

386 2990 466 3034 καὶ
495 2983 745 3047 μειράκιον
775 3014 828 3020 -
863 2991 914 3032 13
945 2989 1170 3047 γενέσθαι
1208 3002 1294 3034 om.
1324 2990 1360 3034 P
1406 2991 1569 3048 (suppl.
1607 3003 1634 3035 a
1673 3004 1790 3035 corr.
1827 2992 1874 3036 in
1914 2995 2042 3047 mrg.)
2185 2994 2235 3035 12
2274 2991 2383 3033 mire
2412 2990 2486 3033 hic

390 3058 583 3116 Philippi
611 3058 928 3115 Xenophontei
957 3060 1228 3104 mentionem
1257 3061 1384 3105 inicit
1502 3064 1553 3105 13
1586 3058 1764 3108 οὐκοῦν
1793 3062 1843 3106 Μ
1965 3067 2016 3107 14
2049 3058 2136 3109 οὐκ
2165 3057 2306 3115 εὐθὺς
2335 3062 2383 3105 Μ

334 3126 342 3134 ’
389 3124 554 3188 ἦρέσαι
587 3128 634 3170 Μ
722 3125 986 3188 ρήττεσθαί
1015 3130 1423 3189 Μ,ταράττεσθαι
1454 3131 1534 3175 ΡΗ
1564 3132 1621 3176 cf.
1653 3133 1786 3177 Arrh.
1817 3133 1968 3189 Epict.
2000 3133 2023 3177 I
2044 3135 2142 3187 20‚9
2267 3137 2312 3176 15
2343 3124 2488 3178 κακό-

389 3203 534 3256 δεμον
562 3199 598 3242 P
714 3193 942 3259 ἀκίχητον
971 3214 1057 3245 om.
1093 3201 1236 3255 UBM,
1268 3202 1463 3258 spectari
1491 3216 1555 3247 vs.
1589 3206 1632 3249 P
1651 3208 1701 3248 75
1732 3204 1843 3248 vidit
1871 3204 1978 3249 Wil.
2103 3209 2151 3248 17
2184 3198 2325 3252 κᾶνδ’
2360 3203 2487 3248 UBM

389 3270 452 3321 (in
484 3269 520 3314 U
553 3262 598 3314 δ’
629 3276 820 3324 erasum)
933 3268 1026 3318 κᾶν
1055 3266 1288 3332 ἀργύριον
1316 3286 1458 3330 usque
1487 3274 1544 3317 ad
1566 3274 1699 3318 finem
1729 3287 1757 3319 a
1777 3275 1923 3320 Dione
1942 3275 2172 3320 abiudicat
2192 3276 2349 3331 Emp.;
2379 3273 2488 3318 mihi

390 3335 483 3387 κᾶν
503 3365 554 3372 -
588 3339 799 3398 διαφέρει
828 3342 971 3386 altera
999 3344 1204 3388 recensio
1234 3344 1441 3389 videntur
1465 3345 1685 3390 enuntiati
1717 3343 1893 3393 οὔκουν
1921 3341 2015 3393 κᾶν
2042 3347 2073 3391 l.
2101 3350 2151 3390 13
2182 3345 2486 3402 (scribendum

391 3407 447 3457 τὸ
477 3406 572 3469 γὰρ
603 3407 761 3468 ἑφθὸν
791 3412 1043 3472 διαφέρει),
1075 3419 1224 3458 cetera
1255 3414 1429 3459 Dionea
1459 3417 1536 3461 sed
1566 3418 1624 3461 ab
1655 3417 1742 3461 hoc
1771 3417 1870 3462 loco
1901 3418 2049 3461 aliena
2196 3419 2247 3461 18
2278 3412 2417 3473 δεήση
2447 3414 2486 3459 U

389 3495 447 3526 m.
477 3493 547 3538 pr.
578 3480 616 3523 B
722 3474 752 3526 ἃ
782 3494 864 3538 pro
897 3474 934 3543 ᾧ
966 3483 1014 3527 Μ
1119 3487 1171 3528 19
1201 3480 1410 3532 ἕκαστον
1440 3486 1474 3529 Ρ
1591 3490 1644 3531 20
1674 3485 1886 3534 ἐπαινεῖν
1917 3481 2069 3540 οὐδεὶς
2098 3489 2200 3540 (om.
2229 3485 2333 3542 μὲν)
2363 3483 2400 3527 Ρ

393 3556 441 3595 21
476 3554 573 3597 τῶν
598 3550 795 3610 χρόνων
815 3553 895 3596 ΡΗ
1012 3557 1063 3598 22
1090 3550 1283 3601 κάκεῖνο
1301 3572 1372 3610 εις
1392 3559 1510 3610 (cum
1532 3570 1717 3615 rasura;
1748 3571 1776 3602 a
1795 3572 1853 3603 m.
1875 3571 1942 3615 pr.
1965 3557 2051 3602 fuit
2069 3562 2246 3611 acutus,
2267 3555 2346 3600 ubi
2365 3569 2485 3600 nunc

393 3628 462 3666 est
494 3621 825 3676 circumflexus)
855 3623 895 3668 U
1031 3630 1376 3685 παρεγγυηθεὶς
1405 3628 1523 3683 iibri,
1555 3641 1672 3675 corr.
1705 3630 1867 3685 Pflugk
2002 3631 2056 3672 24
2086 3622 2379 3687 ἀποῤῥιπτεῖ
2405 3626 2484 3671 UB

392 3687 732 3752 α’πορρίίΙΙπτεῖ
760 3694 862 3739 <sici
897 3707 996 3738 cum
1028 3708 1188 3741 rasura
1218 3701 1242 3740 3
1272 3696 1539 3752 litterarum)
1570 3699 1605 3742 P
