2684 4140
347 280 451 332 258
1083 239 1291 318 moins
1319 268 1409 314 DE
1438 267 1700 314 secessu

346 419 519 491 καλῆς
567 419 803 483 εὐωχίας
846 417 906 467 ἐν
956 415 1296 483 ἀνθρώποις
1343 410 1680 483 τρισχιλίοις
1728 415 1823 465 καὶ
1871 411 2161 479 πλείοσιν,
2211 415 2342 485 ἧκον
2393 418 2451 467 ἐν

349 506 603 571 πρώτοις
640 499 789 551 πάνυ
827 500 1082 568 θαρρῶν.
1143 499 1261 564 εἰμὶ
1300 495 1358 548 δὲ
1391 495 1663 567 φιλήκοος
1688 499 1783 548 καὶ
1811 496 2163 568 φιλόμουσος
2191 501 2452 565 ἀτεχνῶς,

350 588 413 638 οὐ
452 587 600 637 πάνυ
639 586 912 653 ἔμπειρος
949 585 1028 634 ὢν
1064 590 1365 653 μουσικῆς·
1419 583 1566 633 ὥστε
1603 581 1765 651 εἴπερ
1805 585 1997 650 ἔτυχον
2034 587 2274 654 γεγονὼς
2310 587 2451 637 κατὰ

346 671 548 722 ταύτὸν
579 661 803 739 Ὀρφεῖ,
857 665 1001 718 δοκῶ
1040 685 1170 734 μοι,
1223 673 1454 737 πρῶτος
1502 668 1570 719 ἂν
1610 667 2066 738 ἐπηκολούθουν,
2117 673 2168 722 εἰ
2203 674 2298 723 καὶ
2335 670 2452 723 ἔδει
2468 683 2596 723 (4873

344 756 485 822 μετὰ
534 755 745 822 νεβρῶν
794 771 965 804 τινων
1013 754 1045 823 ἢ
1095 755 1350 819 μόσχων,
1404 750 1564 804 οὐδὲν
1615 751 1974 820 αἰδούμενος·
2032 757 2161 808 ἐπεὶ
2207 759 2302 808 καὶ
2350 764 2445 809 νῦν
2483 767 2507 806 5
2654 761 2663 812 ἱ,

345 841 514 891 ταύτὸ
553 845 719 889 τοῦτο
759 839 961 903 πάσχω
1002 835 1294 902 πολλάκις,
1335 836 1573 890 ἐπειδὰν
1601 839 1993 908 εἰσαφίκωμαι
2022 848 2319 911 σοφιστου,
2360 841 2453 894 διὰ

346 927 445 995 τὴν
484 925 814 994 προσοῦσάν
851 940 953 989 μοι
991 924 1267 993 ἀκρασίαν
1307 925 1440 993 περὶ
1477 925 1610 984 τούς
1650 921 1872 990 λόγους,
1919 919 2050 994 [καὶ]
2087 927 2228 991 μετὰ
2268 930 2453 978 τοιού·
2478 938 2557 979 (261
2580 937 2662 980 Μ)

347 1027 459 1061 των
489 1005 934 1077 συναγελάζομαι
958 1010 1328 1079 θρεμμάτων,
1368 1010 1594 1078 ὡραίων
1619 1010 1715 1059 και
1739 1006 1941 1073 καλῶν,
1981 1008 2167 1071 ἄλλως
2195 1009 2254 1062 δὲ
2281 1012 2457 1082 θορυ-

279 1098 314 1148 4
351 1096 601 1162 βούντων
650 1097 744 1146 καὶ
794 1100 1019 1163 σκιρτᾶν
1069 1095 1578 1163 προθυμουμένων.
1663 1099 1830 1144 τοῦτο
1883 1091 1943 1144 δὲ
1994 1097 2270 1147 πέπονθα
2309 1099 2457 1167 πρὸς

348 1182 480 1243 τούς
509 1182 792 1251 σοφιστάς
818 1197 878 1231 τε
902 1181 997 1231 καὶ
1021 1180 1266 1250 ῥήτορας
1293 1180 1552 1240 ἅπαντας
1581 1176 1791 1244 σχεδόν.
1852 1180 2119 1250 καθάπερ
2150 1183 2207 1232 οἱ
2232 1185 2451 1248 πτωχοὶ
2488 1189 2535 1231 10

347 1266 442 1317 καὶ
476 1267 608 1326 τούς
645 1266 889 1335 μετρίως
928 1266 1206 1335 εὐπόρους
1250 1260 1623 1334 μακαρίζουσι
1675 1262 1769 1315 διὰ
1818 1266 1918 1335 τὴν
1969 1267 2151 1318 αὐτῶν
2190 1268 2456 1337 ἀπορίαν,

348 1351 498 1419 κάγὼ
537 1352 670 1412 τοὺς
708 1352 968 1420 ἁμῃγέπῃ
1011 1348 1281 1412 δυνατούς
1321 1348 1498 1418 λέγειν
1537 1346 1816 1416 θαυμάζω
1866 1352 1960 1402 καὶ
2009 1352 2211 1419 ἀγαπῶ
2260 1351 2353 1404 διὰ
2393 1354 2456 1403 τὸ
2661 1414 2669 1429 ὃ

352 1437 520 1498 αὐτὸς
558 1434 835 1497 ἀδύνατος
873 1435 1020 1487 εἶναι
1060 1434 1253 1504 λέγειν.
1339 1437 1403 1486 τὸ
1453 1439 1650 1502 μέντοι
1698 1442 1810 1487 τῶν
1859 1435 2203 1504 κιθαρῳδῶν
2254 1455 2313 1489 τε
2365 1440 2460 1489 καὶ
2664 1443 2669 1496 ἶ

350 1523 413 1592 νὴ
453 1523 568 1573 Δία
607 1527 719 1572 τῶν
756 1523 1077 1589 ὑποκριτῶν
1117 1523 1179 1572 οὐ
1219 1514 1362 1591 παρ’
1408 1518 1596 1588 ὀλίγον
1634 1538 1736 1587 μοι
1778 1518 1939 1571 δοκεῖ
1970 1519 2263 1592 διαφέρειν
2314 1525 2460 1593 πρὸς
2659 1520 2669 1534 ”

349 1604 571 1677 ἡδονήν.
668 1602 765 1676 <ἥ>
811 1623 871 1657 τε
908 1608 1012 1676 γὰρ
1056 1609 1214 1677 φωνὴ
1254 1603 1460 1673 μείζων
1506 1608 1601 1657 καὶ
1651 1604 1819 1677 δῆλον
1872 1609 1960 1657 ὅτι
2009 1605 2385 1676 ἐμμελεστέρα
2426 1610 2460 1677 ἥ
2498 1613 2548 1656 15

352 1710 412 1743 τε
453 1690 602 1756 λέξις
641 1693 738 1743 οὐκ
776 1691 1168 1758 αὐτοσχέδιος,
1221 1694 1415 1762 ὥσπερ
1453 1696 1486 1760 ἠ
1536 1699 1648 1744 τῶν
1699 1694 1955 1762 ῥητόρων
2004 1689 2065 1754 ἐξ
2101 1694 2350 1760 ὑπογύου
2391 1693 2459 1742 τὰ

350 1775 537 1828 πολλὰ
576 1782 944 1847 πειρωμένων
985 1776 1180 1846 λέγειν,
1220 1775 1362 1828 ἀλλὰ
1403 1783 1659 1847 ποιητῶν
1699 1773 1987 1841 ἐπιμελῶς
2022 1778 2118 1827 καὶ
2153 1778 2294 1827 κατὰ
2337 1791 2460 1842 σχο-
2504 1823 2506 1825 ,

286 1865 318 1915 5
359 1860 456 1933 λὴν
495 1865 911 1932 πεποιηκότων.
985 1865 1080 1914 καὶ
1116 1865 1186 1913 τά
1224 1878 1284 1930 γε
1324 1859 1509 1913 πολλοὶ
1551 1864 1732 1913 αὐτῶν
1773 1863 1978 1931 ἀρχαῖά
2017 1864 2142 1913 ἐστι
2177 1863 2272 1912 καὶ
2315 1859 2462 1912 πολὺ

356 1951 700 2018 σοφωτέρων
739 1945 957 2017 ἀνδρῶν
995 1949 1028 2018 ἢ
1068 1955 1180 2000 τῶν
1219 1955 1340 2000 νῦν·
1380 1949 1449 1999 τοὶ
1487 1950 1589 2014 μὲν
1622 1955 1721 2019 τῆς
1745 1945 2048 2015 κωμῳδίας
2076 1949 2326 1998 ἅπαντα·
2366 1954 2464 2018 τῆς

355 2030 414 2083 δὲ
453 2030 770 2102 τραγῳδίας
807 2034 875 2083 τὰ
913 2035 1015 2099 μὲν
1056 2035 1271 2103 ἰσχυρά,
1313 2035 1390 2095 ὡς
1415 2034 1579 2097 ἔοικε,
1618 2037 1803 2099 μένει·
1844 2031 1983 2101 λέγω
2014 2030 2073 2083 δὲ
2100 2033 2169 2082 τὰ
2197 2033 2457 2100 ἰαμβεῖα·
2496 2039 2544 2080 2ο

352 2119 447 2168 καὶ
483 2120 698 2169 τούτων
746 2122 886 2188 μέρη
929 2116 1205 2181 διεξίασιν
1253 2120 1312 2169 ἐν
1361 2122 1483 2179 τοῖς
1520 2119 1821 2187 θεάτροις·
1873 2119 1941 2168 τὰ
1994 2116 2053 2169 δὲ
2090 2115 2460 2187 μαλακώτερα
2486 2125 2674 2170 (488RII)

355 2200 645 2272 ἐξερρύηκε
696 2204 766 2253 τὰ
815 2205 948 2272 περὶ
995 2205 1064 2254 τὰ
1113 2201 1285 2273 μέλη·
1349 2205 1541 2271 ὥσπερ
1594 2202 1757 2268 οἶμαι
1810 2209 1922 2253 τῶν
1971 2204 2300 2273 ἀνθρώπων
2349 2209 2460 2254 τῶν

356 2285 619 2338 παλαιῶν
657 2289 762 2338 ὅσα
800 2291 902 2353 μέν
941 2290 1065 2338 ἐστι
1106 2288 1302 2357 στερεὰ
1341 2294 1445 2338 τοῦ
1484 2289 1772 2353 σώματος,
1826 2289 2097 2354 ὑπομένει
2146 2287 2225 2355 τῴ
2260 2290 2461 2358 χρόνῳ,

356 2375 426 2423 τά
476 2390 536 2423 τε
587 2373 730 2422 ὀστᾶ
775 2374 869 2424 καὶ
908 2374 964 2423 οἱ
1010 2375 1172 2438 μύες,
1222 2370 1399 2423 τᾶλλα
1451 2370 1510 2423 δὲ
1550 2370 1764 2423 ἐλάττω
1810 2374 2073 2440 γίγνεται.
2161 2374 2356 2423 οὐκοῦν
2394 2374 2462 2422 τά

361 2459 594 2524 σώματα
636 2459 833 2526 ὁρᾶται
870 2459 939 2508 τὰ
966 2464 1077 2509 τῶν
1104 2455 1397 2519 παντελῶς
1421 2460 1696 2527 γερόντων
1723 2455 2068 2509 ἐνδεδωκότα
2094 2460 2188 2508 καὶ
2216 2456 2427 2527 λαγαρά
2446 2470 2456 2481 ·
2495 2466 2544 2507 25

359 2546 486 2594 ὅσοι
527 2536 580 2593 δ’
625 2543 698 2593 αὖ
732 2547 934 2607 παχεῖς
969 2547 1226 2612 γέροντες
1261 2544 1375 2593 ὑπὸ
1418 2540 1667 2593 πλούτου
1705 2544 1800 2593 καὶ
1837 2550 2070 2614 τρυφῆς,
2112 2544 2343 2613 ἰσχυροῦ
2365 2545 2467 2608 μὲν

362 2626 587 2689 οὐδενὸς
636 2630 954 2696 προσόντος
1003 2629 1115 2691 ἔτι,
1166 2625 1409 2698 πιμελῆς
1449 2626 1507 2678 δὲ
1548 2629 1674 2679 ἀντὶ
1713 2634 1825 2680 τῶν
1867 2635 2113 2698 σαρκῶν,
2168 2630 2468 2698 εὐτραφεῖς

364 2710 427 2783 δὴ
471 2715 714 2783 ὁρῶνται
751 2714 845 2764 καὶ
881 2714 1147 2782 νεώτεροι
1184 2717 1306 2774 τοῖς
1345 2710 1598 2775 πολλοῖς.
1628 2710 1655 2741 *
1681 2710 1708 2741 *
1733 2710 1760 2741 '⁸‘

509 2895 528 2935 1
563 2883 695 2951 ἥκων
722 2890 760 2935 U
878 2895 902 2934 2
934 2888 1165 2949 φιλήκοος
1194 2894 1238 2950 (η
1266 2904 1294 2935 a
1325 2894 1461 2947 corr.)
1492 2892 1532 2937 U
1650 2896 1673 2936 3
1705 2887 1818 2939 κατ’
1851 2885 2001 2938 αὐτὸν
2029 2892 2079 2935 Μ
2181 2895 2207 2935 4
2237 2888 2355 2938 δοκό
2384 2907 2469 2948 μοι

362 2962 403 3008 U
433 2976 492 3008 m.
523 2976 592 3020 pr.
740 2959 1093 3009 ἐπικολούθουν
1125 2963 1161 3007 U
1192 2976 1249 3006 m.
1279 2976 1348 3021 pr.
1510 2968 1535 3009 6
1566 2959 1815 3023 ἀφίκωμαι
1845 2962 1911 3016 εἰς
1940 2961 2227 3014 Herwerden‚
2259 2974 2347 3016 quo
2378 2974 2468 3006 non
2532 3019 2538 3022 .

363 3047 479 3091 opus
625 3038 648 3078 7
682 3028 924 3094 ἀκρασίαν
954 3034 1167 3087 casaub„
1199 3029 1439 3094 ἀκρόασιν
1468 3035 1550 3080 UB
1581 3031 1818 3092 άκροᾶσιν
1847 3033 1897 3077 Μ
2047 3035 2128 3078 καὶ
2158 3045 2246 3077 om.
2278 3031 2325 3075 M

368 3110 413 3148 11
451 3099 610 3152 αὐτῶν
639 3105 679 3149 U
802 3109 852 3149 12
883 3100 999 3165 άμῆι
1028 3104 1083 3165 γέ
1113 3121 1177 3165 πη
1207 3106 1247 3151 U
1369 3110 1419 3150 13
1452 3122 1503 3152 τε
1535 3119 1620 3150 om.
1652 3105 1702 3149 M
1829 3108 1882 3148 14
1913 3099 2038 3163 πρὸς
2067 3099 2240 3162 ἡδονήν
2270 3119 2322 3149 τε
2349 3102 2469 3158 libri,

368 3180 418 3220 15
450 3169 478 3234 ἦ
508 3176 610 3221 add.
639 3177 770 3233 Emp.
890 3181 942 3221 15
973 3176 1314 3237 ἒπιμελεστέρα
1344 3177 1463 3230 libri,
1496 3190 1614 3223 corr.
1644 3176 1754 3221 Wil.
1895 3179 1944 3220 16
1975 3173 2094 3229 λέξις
2123 3173 2349 3231 Reiskius‚
2379 3171 2469 3229 ἕξις

364 3247 455 3291 ΒΜ
486 3244 575 3301 ἕξις
595 3246 636 3291 U
755 3250 805 3292 18
837 3245 896 3294 τά
927 3264 982 3307 γε
1011 3248 1240 3302 Reiskius‚
1271 3244 1331 3295 τά
1362 3264 1415 3294 τε
1444 3248 1547 3292 libri
1643 3251 1697 3292 20
1728 3242 1788 3294 τὰ
1819 3247 2010 3291 alterum
2040 3259 2125 3291 om.
2154 3247 2193 3290 B
2310 3249 2362 3289 23
2391 3258 2468 3290 ex·

366 3319 649 3374 spectamus:
682 3313 773 3363 τὸν
799 3315 985 3376 χρόνον
1174 3322 1229 3363 24
1259 3318 1309 3366 δὲ
1338 3332 1423 3376 pro
1453 3335 1506 3365 τε
1537 3319 1573 3364 U
1718 3319 1853 3375 μυίες
1883 3317 1921 3362 U
2081 3318 2292 3376 γίγνεται
2321 3316 2468 3372 Emp.,

366 3388 571 3434 τείνεται
600 3387 731 3432 UBM
848 3383 935 3436 οὐκ
967 3385 1084 3437 ὄντα
1114 3403 1199 3448 pro
1232 3385 1408 3437 οὐκοῦν
1438 3386 1497 3437 τὰ
1528 3390 1577 3433 Μ
1709 3393 1763 3434 25
1796 3387 1946 3450 ὁρᾶτε
1975 3387 2107 3433 UBM
2140 3382 2312 3447 ὁρᾶται
2343 3386 2382 3429 Τ

367 3463 420 3503 27
453 3462 673 3516 πειμελῆς
702 3460 749 3503 Μ
857 3464 911 3506 28
942 3461 991 3508 δὲ
1017 3475 1101 3518 pro
1132 3459 1184 3520 δὴ
1216 3462 1298 3508 UB
1418 3457 1646 3520 νεώτεροι
1676 3463 1733 3515 (ω
1764 3473 1793 3505 a
1822 3466 1956 3513 corr.)
1988 3458 2027 3503 U
2126 3458 2179 3501 In
2209 3456 2299 3501 fine
2328 3456 2468 3500 multa

368 3530 524 3576 deesse
553 3529 664 3575 vidit
694 3530 856 3575 Selden
