2684 4140
965 318 1191 364 ORATIO
1221 316 1474 362 XXXVIII.
2195 314 2261 363 33

180 469 281 534 μὲν
327 465 557 537 ήδοναῖς
605 466 968 527 πεισθέντες,
1029 465 1085 514 οἱ
1133 461 1191 514 δὲ
1244 466 1454 524 πόνους
1504 463 1800 533 φεύγοντες
1849 462 2123 528 ὑγιεινοὺς
2169 463 2264 511 καὶ

184 550 405 613 διαίτας
463 553 775 621 σώφρονας.
870 550 920 600 εἰ
977 546 1034 599 δὲ
1090 545 1164 618 μὴ
1217 554 1380 598 τοῦτο
1430 551 1551 608 τοῖς
1598 547 1885 613 μεγίστοις
1929 545 2038 596 τῶν
2085 544 2264 596 κακῶν

181 638 391 707 ὑπῆρχε
429 637 723 706 βοήθημα,
761 637 793 702 ἠ
835 634 1150 702 παραυτίκα
1188 630 1384 703 ἡδονή,
1427 630 1659 696 δύναμιν
1698 633 1764 681 ἂν
1804 622 1924 681 οὐδ’
1969 628 2111 692 ὅλως
2151 629 2261 695 εἶχε

8 733 83 773 ῑ472
103 733 154 774 Μ)
179 719 475 787 βλάπτειν·
513 727 606 772 νῦν
646 718 703 770 δὲ
744 710 936 779 αὐτοῖς
974 716 1232 787 ἔδωκενή
1265 719 1450 787 φύσις,
1492 717 1636 766 ὥστε
1661 713 1950 778 ἐξαπατᾶν
1977 713 2263 766 δύνασθαι

123 816 147 855 5
183 808 276 856 καὶ
312 809 538 874 τέρπειν
575 806 706 865 τούς
742 801 1152 868 ἀδικουμένους.
1223 803 1316 852 καὶ
1353 802 1454 851 ἐπί
1489 816 1548 868 γε
1587 793 1632 867 ᾦ
1669 818 1756 861 τις
1794 801 1860 850 ἂν
1897 801 1990 850 καὶ
2015 797 2260 865 μάλιστα
2287 803 2350 853 13

184 891 527 960 φθονήσειεν
567 882 784 951 αὐτοῖς,
835 889 1011 938 ἐκεῖνό
1048 889 1201 937 ἐστιν
1240 888 1328 936 ὅτι
1376 882 1583 952 [πάντα
1622 885 1690 934 τά
1729 879 1888 951 κακοὶ]
1934 882 2107 935 λυπεῖ
2136 887 2266 946 τούς

0 985 149 1026 ‘³631ss
179 975 523 1043 ἀνθρώπους
562 975 735 1024 ὁποῖά
774 974 927 1023 ἐστιν
964 973 1389 1036 ἐπισταμένους.
1467 971 1518 1020 εἰ
1554 971 1655 1034 μὲν
1699 969 1792 1019 οὖν
1819 986 1906 1030 τις
1933 971 2263 1038 ἐρωτήσειεν

179 1062 272 1110 ἕνα
312 1057 486 1127 ἄνδρα
523 1060 554 1128 ἢ
595 1055 841 1118 πολλοὺς
880 1058 1022 1122 ὁμοῦ
1058 1057 1189 1124 περὶ
1214 1054 1323 1104 τῶν
1351 1056 1642 1119 ὀνομάτων
1670 1047 1869 1113 αἰτῶν,
1908 1055 1966 1103 ἐν
2006 1055 2153 1120 ποίῳ
2197 1051 2261 1124 δὴ

179 1148 338 1213 μέρει
374 1145 443 1193 τὰ
481 1148 713 1193 τοιαῦτα
750 1143 1170 1201 κατατάττεται,
1212 1136 1456 1202 πόλεμοι
1493 1139 1587 1188 καὶ
1615 1139 1844 1198 στάσεις
1868 1139 1961 1188 καὶ
1988 1140 2148 1188 νόσοι
2174 1141 2268 1189 καὶ

101 1235 148 1277 10
183 1228 252 1278 τά
290 1227 512 1288 τούτοις
551 1228 860 1294 ὁμότροπα,
901 1221 1059 1274 οὐδὲν
1097 1224 1164 1273 ἂν
1201 1219 1482 1291 μελλήσας
1521 1222 1891 1289 ἀποκρίναιτο
1920 1215 2139 1289 [οὐδεὶς]
2181 1225 2269 1273 ὅτι

183 1318 358 1362 ταῦτα
397 1314 454 1362 ἐν
491 1315 613 1371 τοῖς
650 1312 841 1369 κακοῖς
878 1310 1140 1358 τάττεται
1164 1307 1258 1357 καὶ
1284 1307 1462 1366 οὕτως
1484 1300 1621 1370 <ώς>
1660 1306 1774 1369 ἔχει
1811 1307 1904 1356 καὶ
1941 1303 2269 1370 νενόμισται

178 1397 270 1447 καὶ
305 1393 557 1446 καλεῖται
593 1395 747 1444 κακά.
809 1392 878 1442 τὰ
919 1384 972 1442 δ’
1015 1392 1240 1441 ἐναντία
1266 1391 1506 1452 τούτοις,
1547 1391 1734 1459 εἰρήνη
1773 1391 1867 1440 καὶ
1895 1388 2131 1455 ὁμόνοια
2169 1393 2262 1442 καὶ
2287 1395 2351 1445 14

178 1481 358 1547 ὑγεία,
406 1480 499 1530 καὶ
535 1484 709 1528 ταῦτα
749 1474 930 1538 οὐδεὶς
968 1471 1095 1543 <ἀν>
1143 1476 1404 1526 ἀντείποι
1453 1471 1527 1544 μὴ
1580 1476 1698 1540 ούχὶ
1748 1475 1941 1542 ἀγαθοὶ
1991 1477 2084 1526 καὶ
2122 1474 2269 1526 εἶναι

177 1565 270 1614 καὶ
307 1561 591 1630 λέγεσθαι.
657 1566 903 1631 φανερᾶς
943 1558 1001 1611 δὲ
1043 1561 1221 1621 οὕτως
1261 1560 1430 1629 οὔσης
1469 1567 1567 1630 τῆς
1603 1562 1783 1629 μάχης
1808 1566 1919 1610 τῶν
1957 1566 2138 1611 κακῶν
2175 1563 2268 1611 καὶ

97 1658 146 1701 15
180 1646 289 1698 τῶν
327 1647 575 1715 ἀγαθῶν,
614 1649 766 1713 ὅμως
791 1647 906 1697 εἰσί
929 1663 1093 1710 τινες,
1131 1642 1343 1711 μᾶλλον
1372 1643 1430 1695 δὲ
1459 1642 1681 1708 πολλοί,
1724 1646 1928 1706 οἵτινες
1954 1644 2063 1696 τῶν
2089 1645 2268 1696 κακῶν

175 1736 296 1794 τοῖς
345 1730 813 1799 ὁμολογουμένοις
855 1731 1139 1799 χαίρομεν.
1223 1731 1317 1781 καὶ
1366 1731 1498 1798 περὶ
1545 1727 1603 1780 δὲ
1641 1737 1740 1800 τῆς
1777 1731 1915 1791 νεὼς
1965 1733 2172 1792 πάντες
2213 1733 2268 1781 οἱ

177 1815 443 1879 πλέοντες
481 1819 852 1883 ἐπιστάμενοι
881 1814 1032 1867 διότι
1057 1817 1159 1881 μία
1189 1817 1325 1885 αὕτη
1354 1817 1475 1866 ἐστὶ
1504 1817 1770 1885 σωτηρία,
1811 1817 1873 1865 τὸ
1903 1816 2034 1876 τούς
2060 1817 2266 1876 ναύτας

179 1903 434 1968 ὁμονοεῖν
469 1903 563 1952 καὶ
599 1901 679 1968 τῷ
715 1902 1013 1970 κυβερνήτῃ
1061 1901 1412 1963 πείθεσθαι,
1462 1904 1759 1970 γενομένης
1808 1897 1866 1950 δὲ
1920 1902 2171 1961 στάσεως
2209 1902 2266 1951 ἐν

180 1987 318 2055 αὐτῇ
354 1988 447 2037 καὶ
484 1986 793 2046 ἀπειθείας
831 1979 981 2036 διότι
1017 1987 1111 2035 καὶ
1147 1985 1215 2035 τὰ
1256 1982 1411 2047 δεξιοὶ
1452 1982 1721 2046 πολλάκις
1774 1983 1884 2036 τῶν
1931 1988 2265 2051 πνευμάτων

100 2080 150 2124 20
187 2072 268 2132 εἰς
306 2072 556 2121 ἐναντίον
593 2077 661 2140 τῇ
698 2072 788 2140 νηὶ
825 2071 1188 2138 περιίσταται
1224 2071 1317 2120 καὶ
1354 2068 1463 2119 τῶν
1505 2068 1741 2134 λιμένων
1782 2071 2266 2137 ἀποτυγχάνουσιν

177 2157 334 2223 ἐγγύς
355 2158 545 2218 ὄντων,
580 2158 732 2220 ὅμως
755 2151 1153 2216 στασιάζουσιν
1174 2155 1326 2204 ἔστιν
1348 2157 1439 2204 ὅτε
1459 2156 1571 2204 ὑπὸ
1594 2156 1919 2225 ἀφροσύνης
1941 2149 2016 2223 [οἱ
2033 2151 2266 2223 ναῦται],

174 2242 267 2291 καὶ
303 2246 465 2290 τοῦτο
506 2237 820 2290 ἀπόλλυσιν
848 2240 1048 2300 αύτούς
1074 2241 1486 2304 ἐπισταμένους
1512 2245 1614 2289 τοῦ
1638 2237 1881 2308 ὀλέθρου
1920 2236 2018 2309 τὴν
2058 2241 2261 2290 αἰτίαν.
2290 2244 2351 2293 15

173 2327 265 2376 καὶ
283 2323 391 2375 τῶν
420 2323 586 2376 οἴκων
614 2322 672 2375 δὲ
699 2331 798 2393 τῆς
827 2325 1106 2393 σωτηρίας
1129 2325 1299 2394 οὔσης
1320 2325 1377 2374 ἔν
1398 2341 1457 2374 τε
1478 2331 1546 2394 τῇ
1567 2323 1678 2375 τῶν
1701 2322 1992 2375 δεσποτῶν
2015 2326 2264 2394 ὁμοφρο-

178 2412 308 2479 σύνῃ
347 2411 440 2461 καὶ
475 2412 533 2460 ἐν
571 2416 640 2479 τῇ
677 2408 786 2460 τῶν
815 2409 1040 2460 οἰκετῶν
1068 2410 1401 2479 πειθαρχίᾳ,
1442 2407 1689 2471 πολλοὺς
1715 2412 1867 2475 ὅμως
1896 2409 2082 2471 οἴκους
2108 2412 2239 2460 ἀπώ

98 2501 145 2543 25
183 2492 338 2546 λεσεν
363 2496 396 2564 ἥ
422 2512 481 2546 τε
509 2491 812 2564 δεσποτικὴ
843 2496 1041 2556 στάσις
1064 2497 1158 2545 καὶ
1181 2499 1213 2565 ἡ
1254 2492 1606 2546 κακοδουλία.
1671 2494 1752 2562 τῴ
1777 2497 1878 2561 μὲν
1915 2496 2019 2563 γὰρ
2060 2497 2268 2563 ἅρματι

180 2581 321 2629 ποία
347 2577 749 2630 καταλείπεται
777 2581 1024 2649 σωτηρία
1051 2579 1160 2630 τῶν
1189 2581 1387 2631 ἵππων
1416 2581 1646 2631 συνθεῖν
1672 2577 1746 2650 μὴ
1770 2578 2058 2631 θελόντων
2068 2599 2087 2642 ,·
2113 2582 2266 2631 ἐπει-

181 2661 282 2714 δάν
310 2665 412 2732 γὰρ
455 2661 736 2734 ἄρξωνται
764 2662 1093 2726 διαστάντες
1119 2663 1383 2735 ἀφέλκειν
1409 2662 1579 2727 ἄλλος
1606 2663 1834 2735 ἀλλαχῇ,
1874 2671 2029 2716 πᾶσα
2058 2667 2263 2735 ἀνάγκη

178 2747 515 2800 κινδυνεύειν
565 2751 661 2800 τὸν
708 2751 948 2819 ἡνίοχον.
1043 2752 1073 2800 ὁ
1125 2748 1183 2801 δὲ
1230 2753 1408 2818 γάμος
1447 2752 1478 2800 ὁ
1515 2752 1737 2818 ἀγαθὸς
1773 2752 1830 2801 τί
1868 2748 2005 2800 ἄλλο
2044 2752 2196 2801 ἐστὶν
2233 2752 2264 2819 ἢ

24 2843 152 2887 7311)
178 2834 411 2899 ὁμόνοια
451 2831 653 2899 ἀνδρὸς
692 2836 836 2902 πρὸς
872 2839 1135 2902 γυναῖκα,·
1184 2837 1277 2885 καὶ
1326 2837 1356 2885 ὁ
1390 2837 1558 2896 κακὸς
1602 2838 1780 2902 γάμος
1829 2837 1885 2885 τί
1932 2832 2068 2885 ἄλλο
2107 2837 2259 2885 ἐστὶν

98 2927 146 2968 30
179 2919 210 2988 ἢ
250 2922 281 2986 ἡ
321 2921 533 2969 τούτων
573 2916 854 2983 διχόνοια;
900 2921 995 2970 καὶ
1031 2923 1234 2970 τέκνων
1275 2917 1333 2970 δὲ
1373 2920 1459 2981 τίς
1507 2917 1755 2989 ὠφέλεια
1803 2926 2081 2986 γονεῦσιν,
2131 2921 2264 2969 ὅταν

320 3074 344 3113 2
376 3065 448 3116 διὰ
480 3066 566 3124 τὰς
597 3070 645 3113 Μ
760 3074 785 3114 3
816 3069 1012 3126 δύναμιν
1041 3084 1125 3115 om.
1158 3070 1206 3113 M
1331 3064 1439 3116 οὐδὲ
1468 3070 1519 3114 Μ
1635 3075 1659 3114 5
1692 3086 1762 3123 τις
1791 3066 1854 3116 ἄν
1882 3072 1962 3115 καὶ
1990 3067 2196 3127 μάλιστα
2226 3072 2263 3116 Β

178 3156 248 3193 τις
276 3136 337 3186 ἄν
364 3138 568 3197 μάλιστα
598 3140 647 3183 Μ
684 3143 764 3186 καὶ
802 3138 1008 3197 μάλιστα
1048 3143 1118 3194 τὶς
1156 3136 1217 3187 ἄν
1246 3139 1329 3185 UT
1502 3144 1527 3184 6
1556 3137 1715 3187 πάντα
1746 3166 1801 3172 -
1829 3138 1955 3189 κακὰ
1986 3142 2175 3197 seclusi,
2213 3143 2268 3188 de

179 3210 386 3254 omnibus
416 3210 543 3254 malis
573 3211 660 3255 hoc
689 3211 779 3255 dici
807 3212 962 3268 nequit
1062 3207 1123 3258 τὰ
1151 3206 1274 3257 καλὰ
1298 3210 1420 3255 ΠΒΤ
1537 3215 1560 3254 7
1591 3209 1846 3271 ἐρωτήσειε
1876 3212 1964 3255 ΒΜ
2079 3217 2104 3257 9
2134 3213 2266 3274 μέρει

179 3276 231 3336 δὴ
262 3278 366 3330 (hoc
397 3279 511 3331 ord.)
543 3279 623 3324 UT
652 3279 784 3339 μέρει
814 3283 886 3326 δεῖ
909 3280 959 3324 Μ
1104 3285 1156 3325 10
1185 3284 1323 3336 μελεε
1341 3273 1461 3339 η’σας
1480 3281 1520 3326 U
1548 3278 1756 3340 μελήσας
1778 3281 1816 3325 Τ
1968 3275 2264 3341 ἀπεκρίνατο

178 3348 295 3402 libri,
329 3362 444 3395 corr.
467 3350 646 3395 Geelius
821 3346 970 3404 οὐδεὶς
999 3351 1118 3396 delet
1149 3351 1330 3396 Geelius
1491 3356 1537 3396 11
1573 3351 1793 3399 τέτατται
1824 3352 1945 3407 (εἰσί)
1977 3354 2057 3399 ΠΤ
2202 3348 2268 3408 ὡς

178 3419 280 3464 add.
313 3420 480 3464 Reiske
627 3425 679 3465 13
709 3417 772 3468 ἀν
800 3421 903 3467 add.
934 3421 1104 3467 Reiske
1217 3425 1299 3468 καὶ
1330 3436 1416 3468 om.
1447 3422 1498 3466 M
1615 3427 1667 3468 16
1693 3425 1933 3485 χαίρομεν
1961 3425 2078 3477 libri,
2110 3428 2264 3470 tuetur

177 3491 283 3535 Wil.
317 3491 416 3536 coll.
448 3491 590 3536 Isocr.
624 3496 664 3544 7,
686 3496 725 3537 9.
760 3495 826 3546 12,
846 3495 900 3536 92
1071 3495 1153 3551 τῆς
1183 3491 1302 3548 νεώς
1331 3494 1690 3551 coniungendam
1730 3502 1799 3540 est
1829 3509 1930 3541 cum
1959 3498 2173 3556 σωτηρία
2205 3496 2264 3541 cf.

175 3561 204 3605 1.
235 3564 288 3605 23
320 3565 417 3608 τῶν
448 3559 594 3608 οἴκων
624 3562 672 3609 δὲ
702 3565 784 3619 τῆς
814 3564 1073 3623 σωτηρίαςς
1102 3564 1254 3620 itaque
1274 3577 1357 3621 pro
1387 3567 1468 3611 καὶ
1497 3568 1605 3626 περὶ
1636 3566 1685 3612 δὲ
1714 3567 1865 3611 scribo
1894 3568 2068 3624 καίπερ
2099 3564 2150 3625 δὴ
2343 3562 2346 3565 ’

181 3636 227 3674 17
261 3626 376 3691 αὐτή
409 3632 445 3676 Τ
583 3636 633 3677 18
666 3634 914 3679 πείσεσθαι
945 3634 992 3677 Μ
1111 3637 1161 3678 19
1193 3628 1418 3689 ἀπειθίας
1447 3635 1497 3679 Μ
1626 3639 1676 3681 21
1713 3635 1759 3682 οὶ
1790 3639 1958 3683 ναῦται
1988 3638 2152 3682 seclusi

177 3706 227 3747 27
261 3700 487 3763 ἄρξονται
517 3703 557 3748 U
739 3699 951 3762 ἀλλαχοῦ
979 3704 1096 3759 libri,
1127 3700 1310 3764 ἀλλαχῇ
1339 3707 1473 3764 Emp.
1655 3710 1709 3752 28
1740 3704 1895 3767 γάμος
1926 3702 1952 3753 ὁ
1986 3720 2069 3751 om.
2103 3707 2152 3752 Μ

177 3777 230 3818 30
263 3769 445 3831 ω’φελία
477 3774 526 3818 Μ
557 3770 737 3834 ω’φελια
770 3774 810 3820 U

263 3851 357 3888 DIO.
385 3853 433 3888 II.
1902 3853 1926 3893 3
