2684 4140
409 285 510 333 256
879 279 1084 326 DIONIS
1114 278 1199 323 DE
1228 275 1490 321 DICENDI
1520 276 2032 324 EXERCITATIONE

398 431 560 494 χεῖρα
613 424 867 494 αἰσθήσῃ
919 428 1023 472 τοῦ
1069 419 1299 491 ἀνδρός,
1362 423 1412 471 εἰ
1477 414 1628 490 αὐτῷ
1679 423 2000 492 προθύμως
2046 425 2140 476 καὶ
2193 423 2510 495 φιλοτίμως

408 506 776 575 ἐντυγχάνοις.

321 603 384 655 18
547 590 786 662 γράφειν
831 593 932 657 μὲν
982 591 1078 641 οὖν
1129 584 1192 642 οὐ
1249 589 1607 658 συμβουλεύω
1658 605 1749 643 σοι
1799 585 1949 661 αὐτῷ
2012 587 2138 644 ἀλλ’
2195 597 2227 666 ἢ
2283 591 2507 667 σφόδρα
2534 608 2684 665 (48εαῖΙῖ

404 680 644 747 ἀραιῶς,
698 674 1028 727 ἐπιδιδόναι
1076 674 1134 727 δὲ
1184 674 1414 742 μᾶλλον.
1493 683 1722 747 πρῶτον
1770 681 1872 744 μὲν
1910 680 2012 749 γὰρ
2061 678 2390 750 ὁμοιότερος
2428 681 2507 750 τῷ
2678 678 2684 698 '²

403 761 620 830 λέγοντι
657 763 688 812 ὁ
725 763 1091 831 ὑπαγορεύων
1129 768 1233 812 τοῦ
1266 760 1614 833 γράφοντος·
1655 764 1854 814 ἔπειτα
1894 761 2152 816 ἐλάττονι
2190 762 2347 835 πόνῳ
2388 769 2502 836 γίγ-
2540 776 2564 816 5

401 859 583 899 νεται’
634 848 834 898 ἔπειτα
876 848 1022 916 πρὸς
1061 844 1298 913 δύναμιν
1336 849 1437 913 μὲν
1476 848 1644 918 ἦττον
1685 846 2065 916 συλλαμβάνει
2111 858 2215 901 τοῦ
2247 849 2503 924 γράφειν,

401 934 546 1002 πρὸς
584 930 699 996 ἕξιν
740 930 798 983 δὲ
839 929 1054 984 πλεῖον.
1139 929 1233 984 καὶ
1269 930 1512 1004 γράφειν
1554 930 1613 984 δὲ
1669 934 1731 983 οὐ
1770 928 1948 984 ταῦτά
1988 948 2049 986 σε
2089 933 2228 998 ἀξιῶ
2268 938 2337 987 τὰ
2380 951 2503 1004 σχο-
2527 951 2608 992 (259
2627 948 2684 996 M)

403 1017 527 1071 λικὰ
567 1013 905 1085 πλάσματα,
945 1011 1104 1083 ἀλλ’,
1144 1017 1307 1089 εἴπερ
1348 1020 1475 1089 ἄρα,
1515 1019 1641 1070 τινὰ
1679 1025 1791 1070 τῶν
1833 1017 2036 1087 λόγων,
2089 1020 2175 1081 οἷς
2212 1023 2280 1073 ἂν
2316 1025 2506 1094 ἡσθῇς

399 1107 742 1173 ἐντυγχάνων
753 1146 769 1170 ,
837 1102 1086 1171 μάλιστα
1153 1110 1264 1155 τῶν
1321 1100 1792 1175 Ξενοφωντείων,
1861 1106 1894 1175 ἢ
1960 1103 2319 1174 ἀντιλέγοντα
2384 1114 2506 1171 τοῖς

315 1205 378 1256 19
405 1191 721 1261 εἰρημένοις
783 1192 815 1261 ἢ
866 1191 935 1241 τὰ
989 1190 1128 1241 αὐτὰ
1188 1193 1377 1260 ἕτερον
1426 1188 1644 1260 τρόπον
1687 1188 2101 1257 ὑποβάλλοντα.
2199 1188 2327 1263 [καὶ]
2376 1195 2508 1246 ἀνα·
2550 1203 2595 1244 10
2664 1198 2684 1276 j

402 1274 708 1344 λαμβάνειν
754 1280 978 1343 μέντοι,
1028 1274 1086 1327 εἴ
1131 1289 1224 1327 σοι
1272 1273 1473 1346 ῥᾴδιον
1530 1276 1888 1347 μεμνῆσθαι,
1947 1278 2017 1327 τὰ
2075 1278 2299 1330 ἐκείνων
2348 1281 2505 1346 ἄμει-
2654 1278 2684 1359 ἦ

400 1379 511 1414 νον.
586 1361 666 1431 τῷ
705 1380 766 1414 τε
802 1363 905 1432 γὰρ
945 1359 1142 1431 τρόπῳ
1184 1369 1282 1433 τῆς
1322 1360 1669 1430 ἀπαγγελίας
1701 1364 1795 1413 καὶ
1832 1369 1901 1432 τῇ
1940 1363 2197 1432 ἀκριβείᾳ
2234 1370 2345 1416 τῶν
2385 1363 2504 1417 δια·
2531 1358 2684 1431 (484Βῆ

395 1447 691 1519 νοημάτων
742 1444 891 1499 πάνυ
946 1448 1215 1518 συνήθεις
1265 1452 1439 1500 ποιεῖ.
1530 1445 1668 1515 λέγω
1722 1446 1781 1499 δὲ
1833 1449 1929 1513 οὐχ
1981 1450 2071 1500 ἵνα
2125 1445 2413 1518 σύνταγμά
2449 1469 2505 1503 τι
2671 1437 2678 1462 ‘³

397 1531 542 1598 ὅλον,
585 1536 777 1603 ὥσπερ
808 1535 864 1584 οἱ
890 1531 1111 1597 παῖδες,
1143 1531 1309 1602 εἴρων
1341 1531 1643 1602 συνάπτῃς,
1684 1524 1811 1583 ἀλλ’
1845 1535 1952 1598 ἵνα,
1993 1533 2052 1584 εἴ
2069 1536 2127 1586 τί
2155 1549 2247 1586 σοι
2277 1532 2501 1607 σφόδρα
2679 1598 2681 1609 1

395 1621 632 1689 ἀρέσειε,
660 1625 826 1669 τοῦτο
851 1616 1147 1687 κατάσχῃς.
1214 1615 1451 1669 πλείονα
1479 1620 1612 1688 περὶ
1635 1620 1836 1670 τούτου
1861 1621 2131 1688 μειρακίῳ
2162 1622 2229 1672 ἂν
2256 1622 2496 1691 ἔγραψα,
2537 1630 2583 1672 15
2677 1619 2679 1677 ἦ

398 1707 489 1756 σοὶ
529 1703 587 1755 δὲ
628 1706 793 1774 ἀρκεῖ
821 1710 1085 1754 τοσαῦτα.
1162 1705 1257 1754 καὶ
1293 1704 1397 1773 γὰρ
1439 1705 1490 1755 εἰ
1528 1700 1797 1770 ἐλάχιστα
1838 1699 2161 1771 ἀναλάβοις,
2201 1705 2348 1757 πολὺ
2377 1709 2499 1778 ὀνή-
2676 1699 2679 1706 Χ

397 1802 510 1842 σει·
559 1792 653 1841 καὶ
701 1791 752 1840 εἰ
803 1786 1089 1850 δυσκόλως
1140 1790 1291 1854 ἔχοις
1338 1791 1433 1840 καὶ
1483 1790 1623 1855 μετὰ
1676 1786 1876 1859 ὀδύνης
1928 1789 2233 1860 πράττοις,
2300 1794 2394 1843 οὑκ
2443 1791 2505 1857 ἐξ

308 1884 377 1934 20
400 1872 654 1937 ἅπαντος
693 1877 1010 1943 ἀναγκαῖον.

536 1959 677 2012 ἀλλὰ
717 1962 873 2012 ἔοικα
912 1963 1013 2027 μὲν
1053 1954 1203 2011 πάνυ
1262 1966 1501 2030 μηκῦναι
1549 1962 1647 2031 τὴν
1690 1958 2060 2027 συμβουλίαν’
2112 1963 2176 2011 σὺ
2217 1959 2276 2013 δὲ
2317 1961 2501 2024 αἴτιος

393 2049 710 2109 ἀναπείσας
760 2049 854 2098 καὶ
901 2044 1422 2116 προκαλεσάμενος·
1474 2046 1666 2115 ὥσπερ
1719 2048 1776 2096 οἱ
1823 2047 1881 2097 ἐν
1928 2044 2081 2116 πάλῃ
2131 2049 2497 2117 ὑπερέχοντες
2533 2058 2581 2099 20

392 2137 514 2194 τοῖς
553 2133 993 2200 ἀσθενεστέροις
1029 2132 1357 2192 ὑπείκοντες
1395 2132 1575 2181 ἐνίοτε
1614 2132 1895 2200 ἐποίησαν
1933 2132 2136 2193 αὐτούς
2174 2134 2502 2185 πείθεσθαι

395 2220 788 2287 ἰσχυροτέρους
827 2216 1000 2268 εἶναι·
1038 2218 1225 2267 καὶσὺ
1254 2217 1458 2279 ἔοικας,
1501 2217 1535 2265 ἃ
1572 2220 1824 2285 κρεῖττον
1863 2215 2152 2284 τυγχάνεις
2180 2216 2361 2283 εἰδώς,
2402 2221 2499 2285 ε’μὲ

395 2306 726 2372 προτρέψαι
765 2304 841 2364 ὡς
879 2300 1112 2353 ἔλαττον
1152 2303 1516 2369 ἐπισταμένῳ
1557 2299 1794 2371 γράψαι.
1868 2300 2176 2372 βουλοίμην
2217 2297 2271 2353 δ’
2313 2306 2406 2368 ἄν,
2447 2303 2506 2355 εἴ

397 2403 490 2439 σοι
526 2391 923 2457 κεχαρισμένον
963 2386 1076 2457 εἴη,
1125 2389 1219 2438 καὶ
1255 2389 1313 2438 ἐν
1352 2385 1430 2454 τῴ
1472 2385 1622 2455 αὐτῷ
1673 2403 1814 2437 ποτε
1863 2391 2010 2457 ἡμᾶς
2057 2389 2356 2455 γενέσθαι,
2409 2390 2498 2440 ἵνα

300 2481 370 2531 21
393 2475 488 2525 καὶ
523 2472 945 2542 ἐντυγχάνοντες
981 2477 1103 2534 τοῖς
1142 2470 1415 2534 παλαιοῖς
1451 2474 1545 2523 καὶ
1572 2469 1962 2539 διαλεγόμενοι
1988 2475 2120 2542 περὶ
2148 2474 2329 2524 αὐτῶν
2362 2476 2492 2545 χρή-
2530 2485 2578 2525 25

397 2561 558 2625 σιμοί
605 2577 661 2610 τι
708 2559 1043 2627 γενοίμεθα·
1109 2559 1304 2627 ὥσπερ
1358 2562 1480 2619 τοῖς
1533 2553 1856 2627 ζωγράφοις
1914 2559 2008 2608 καὶ
2067 2552 2354 2620 πλάσταις
2405 2561 2499 2610 οὐκ

393 2641 611 2714 ἀπόχρη
663 2647 847 2696 εἰπεῖν
893 2647 981 2695 ὅτι
1029 2642 1124 2695 δεῖ
1165 2641 1361 2694 τοιάδε
1410 2639 1540 2711 <τά>
1583 2645 1855 2712 χρώματα
1916 2642 2064 2694 εἶναι
2115 2646 2209 2695 καὶ
2266 2643 2497 2696 τοιάσδε

391 2731 493 2791 τὰς
530 2733 817 2800 γραμμάς,
858 2727 999 2780 ἀλλὰ
1037 2731 1270 2799 μεγίστη
1312 2727 1590 2800 ὠφέλεια,
1645 2728 1704 2780 εἴ
1733 2746 1821 2790 τις
1861 2729 2063 2790 αὐτοὺς
2100 2730 2131 2799 ἢ
2172 2733 2496 2800 γράφοντας
2519 2743 2655 2786 (4853

2667 1469 2682 1518 ,z

2669 1513 2681 1580 ,ἐ

536 2987 552 3026 1
599 2978 815 3040 αἰσθήσει
858 2981 907 3026 Μ
1080 2984 1105 3025 3
1151 2973 1237 3028 οὖν
1279 2976 1335 3028 οὐ
1374 2981 1438 3038 Τ,
1490 2973 1575 3028 οὖν
1613 2994 1698 3026 om.
1739 2981 1829 3024 ΒΜ
1872 2976 1928 3029 οὗ
1969 2994 2055 3026 om.
2102 2981 2142 3026 U
2295 2989 2496 3044 συμβου-

387 3046 539 3101 λεύσω
562 3053 642 3098 UB
816 3058 842 3097 4
871 3049 1131 3100 ἐπιδιδόναι
1159 3075 1216 3092 =
1245 3052 1477 3109 „dictare”
1510 3052 1635 3104 (vidit
1665 3053 1894 3106 Reiskius)
2041 3051 2352 3115 ἑτοιμότερος
2379 3056 2497 3111 libri,

393 3119 682 3185 ὁμοιότερος
710 3125 922 3170 Reiskius
1012 3129 1036 3169 5
1067 3123 1145 3172 ἐπὶ
1175 3124 1234 3172 τά
1268 3124 1318 3168 Μ
1406 3126 1587 3184 γίνεται
1617 3125 1654 3167 Β
1744 3128 1767 3167 7
1800 3124 2052 3185 προσέξειν
2083 3125 2132 3169 Μ
2249 3130 2273 3171 8
2306 3123 2333 3184 ἢ
2363 3130 2493 3187 παρὰ

388 3209 470 3252 pro
502 3192 638 3252 εἴπερ
668 3193 764 3254 ἄρα
795 3197 845 3240 Μ
971 3200 997 3241 9
1028 3198 1367 3256 ξενοφωντίων
1395 3197 1438 3242 U
1468 3198 1797 3253 ξενοφοντίων
1825 3196 1876 3241 Μ
2024 3200 2074 3240 10
2105 3200 2187 3243 καὶ
2216 3197 2383 3243 seclusi

391 3258 747 3326 ἀναλαμβάνειν
775 3268 872 3313 scil.
904 3270 963 3326 τῇ
991 3265 1149 3328 μνήμῃ
1311 3272 1360 3312 13
1392 3267 1518 3323 λέγει
1549 3268 1599 3312 Μ
1746 3272 1796 3313 15
1828 3262 2045 3329 ἀρέσειεν
2075 3268 2166 3312 UM
2348 3273 2492 3316 τοῦτο

381 3336 444 3393 Τ,
473 3333 652 3384 τούτου
682 3338 813 3383 UBM
928 3341 1130 3386 πλείονα
1160 3339 1389 3395 Reiskius,
1420 3343 1620 3386 πλεῖστα
1649 3339 1754 3385 libri
1883 3335 1946 3387 ἄν
1975 3353 2061 3384 om.
2092 3339 2142 3383 M
2261 3343 2309 3384 17
2342 3336 2494 3399 πράτ-

382 3424 485 3462 τεις
515 3407 593 3452 UB
731 3413 780 3453 21
816 3406 1075 3457 ἀνέπεισαν
1106 3411 1185 3455 UB
1216 3407 1278 3458 ὀίν
1308 3407 1507 3458 ἔπεισαν
1536 3411 1601 3466 Μ,
1631 3409 1865 3470 ἐποίησαν
1895 3411 2028 3467 Emp.
2145 3414 2199 3454 22
2233 3426 2310 3457 σοι
2338 3410 2379 3455 U

388 3474 420 3526 δι’
450 3486 673 3538 κρεῖττον
703 3480 742 3523 Β
772 3474 802 3527 ἃ
832 3482 1066 3540 κρείττων
1105 3481 1147 3526 U
1177 3478 1434 3529 άκτειστον
1474 3482 1524 3526 Μ
1698 3479 1808 3535 ἴδως
1835 3481 1882 3524 Μ
1921 3477 2046 3535 εἰδὸς
2074 3480 2116 3525 U
2288 3484 2341 3525 23
2374 3497 2493 3541 προ-

376 3550 606 3609 ’τρέψεως
635 3550 684 3593 Μ
867 3555 920 3595 26
950 3553 1213 3611 γενοίμεθα
1245 3553 1393 3610 Emp.,
1425 3549 1696 3612 ἐγενόμεθα
1726 3552 1838 3606 ΒΜ,
1876 3552 1983 3596 item
2014 3551 2076 3606 U,
2114 3552 2192 3597 sed
2220 3549 2309 3595 fuit
2337 3550 2491 3609 ἐγινό-

387 3625 544 3679 μεθα,·
584 3622 791 3667 consulto
829 3622 942 3666 haec
981 3623 1188 3679 ambigue
1229 3624 1367 3680 dixit,
1407 3623 1536 3680 quasi
1566 3637 1657 3668 non
1688 3624 1832 3669 solum
1860 3622 1996 3667 lectio
2026 3625 2071 3666 et
2108 3621 2377 3677 colloquium
2410 3623 2489 3667 sed

377 3692 523 3738 ‘etiam
561 3691 734 3737 utilitas
775 3693 1010 3749 utriusque
1054 3695 1301 3739 communis
1340 3694 1497 3740 futura
1538 3699 1657 3740 esset
1843 3697 1895 3738 27
1926 3690 1986 3741 τὰ
2015 3691 2123 3738 add.
2155 3691 2317 3748 Pflugk

389 3766 442 3807 28
475 3759 655 3821 αἷφέλια
686 3763 735 3807 Μ
