2684 4140
380 262 481 309 182
1053 256 1204 301 DION
1206 256 1260 300 IS
1290 255 1377 301 DE
1407 255 1790 300 PHILOSOPHO

374 407 470 454 τόν
505 397 603 469 [γε]
640 408 738 470 τῆς
775 397 968 460 ἐλαίας
1004 396 1239 462 θαλλόν,
1280 400 1330 449 εἰ
1366 401 1439 470 μὴ
1482 407 1805 470 τεκτονικῆς
1843 402 2176 470 ἐπιστήμων
2214 399 2310 471 ἦν,·
2347 410 2473 466 πῶς

376 479 433 537 δ’
475 487 542 535 ἂν
580 480 881 550 περιέβαλε
919 485 1016 533 τὸν
1054 480 1348 548 θάλαμον,
1399 484 1451 534 εἰ
1487 485 1559 554 μὴ
1600 486 1694 535 καὶ
1746 483 2119 555 οἰκοδομῆσαι
2156 488 2473 556 ῆπίστατο,·

376 575 501 630 πῶς
540 562 593 618 δ’
637 569 703 618 ἂν
742 569 1041 636 εἰργάσατο
1081 569 1180 637 τὴν
1221 565 1446 633 σχεδίαν
1475 569 1572 619 οὐκ
1611 570 1688 620 ὢν
1717 570 1990 638 ἔμπειρος
2016 574 2333 641 ναυπηγίας
2346 593 2365 636 ,·
2402 575 2471 624 τὰ

375 652 434 705 δὲ
473 654 606 722 περὶ
645 653 878 722 φυτείαν
915 653 1009 703 καὶ
1045 654 1318 722 γεωργίαν
1358 654 1532 715 εὐθὺς
1569 655 1629 704 ἐκ
1667 652 1892 706 παίδων
1931 655 2301 719 ἐσπουδακὼς
2341 660 2472 728 φαί-

370 755 524 789 νεται
572 737 728 806 παρὰ
775 742 879 786 τοῦ
923 739 1141 806 πατρὸς
1190 735 1390 808 δένδρα
1441 742 1615 790 αἰτῶν
1662 741 1756 790 καὶ
1806 738 2122 805 ἀμπέλους·
2175 740 2359 804 ἄλλως
2404 761 2464 794 τε
2501 754 2525 793 5

367 824 461 873 καὶ
497 827 600 872 τοῦ
635 823 852 891 πατρὸς
898 829 1147 891 γεωργοῦ
1195 824 1356 884 ὄντος
1408 826 1555 874 πάνυ
1605 822 1911 890 ἐπιμελοῦς
1959 842 2019 876 τε
2067 828 2161 877 καὶ
2197 828 2470 897 ἐμπείρου

368 908 515 967 εἰκὸς
561 902 627 976 ἧν
676 906 843 957 αὐτὸν
891 913 1065 958 ταῦτα
1113 909 1187 979 μὴ
1229 909 1476 976 ἀγνοεῖν,
1526 911 1672 959 ὅπου
1727 925 1788 977 γε
1836 911 1930 962 καὶ
1967 909 2338 981 προκαλεῖται
2374 916 2470 964 τὸν

366 991 690 1061 Εὐρύμαχον
727 993 819 1042 καὶ
856 993 1074 1063 ἀμῆσαι
1108 994 1203 1044 καὶ
1240 994 1462 1063 ἀρόσαι.
1551 990 1692 1044 ἀλλά
1733 1008 1880 1065 φησι
1915 997 2010 1047 καὶ
2047 1002 2159 1048 τῶν
2196 1000 2469 1050 τοιούτων

369 1077 639 1144 ἔμπειρος
677 1074 839 1141 εἶναι,
878 1085 1205 1149 μαγειρικῆς
1244 1096 1303 1130 τε
1341 1080 1436 1130 καὶ
1476 1081 1761 1145 οἰνοχοΐας
1785 1082 1880 1132 καὶ
1917 1088 2016 1152 τῆς
2042 1079 2215 1152 ἄλλης
2242 1084 2471 1154 ἀπάσης

287 1161 333 1212 ’5
371 1159 674 1225 διακονίας,
715 1164 751 1212 ἅ
783 1177 927 1233 φησι
951 1165 1082 1226 τοὺς
1103 1165 1363 1233 χείρονας
1388 1170 1510 1226 τοῖς
1537 1165 1784 1232 ἀγαθοῖς
1812 1163 2224 1218 διακονεῖσθαι.
2288 1176 2462 1219 ταῦτα
2503 1179 2548 1221 10

365 1249 467 1313 μὲν
505 1248 601 1299 οὖν
653 1246 792 1310 ἴσως
822 1241 1051 1310 Ἱππίας
1097 1251 1191 1300 καὶ
1231 1241 1531 1311 Ὀδυσσευς
1579 1247 1745 1302 δεινὼ
1795 1252 1996 1322 ἤστην·
2049 1253 2156 1320 ἐγὼ
2208 1251 2271 1304 δέ
2323 1272 2470 1325 φημι

366 1335 463 1384 τὸν
514 1330 836 1404 φιλόσοφον
883 1334 984 1396 τὰς
1020 1336 1122 1400 μὲν
1171 1338 1366 1400 τέχνας
1418 1336 1516 1401 οὐχ
1556 1335 1677 1387 οἶόν
1726 1353 1786 1387 τε
1826 1335 1974 1389 εἶναι
2026 1340 2219 1400 πάσας
2256 1337 2469 1391 εἰδέναι

365 1415 631 1483 (χαλεπὸν
668 1419 771 1488 γὰρ
809 1420 903 1470 καὶ
926 1420 1062 1484 μίαν
1089 1420 1333 1489 ἀκριβῶς
1359 1421 1737 1490 ἐργάσασθαι)
1775 1429 2020 1492 ποιῆσαι
2047 1417 2101 1474 δ’
2147 1425 2214 1475 ἂν
2242 1426 2467 1476 ἅπαντα
2488 1399 2679 1484 (3793Ηὶ

366 1501 588 1570 βέλτιον
626 1506 732 1566 ό,τι
770 1504 838 1554 ἄν
886 1506 1017 1573 τύχῃ
1059 1511 1243 1556 ποιῶν
1281 1511 1393 1556 τῶν
1434 1503 1618 1557 ἄλλων
1669 1507 2025 1576 ἀνθρώπων,
2079 1511 2173 1560 καὶ
2220 1510 2289 1560 τὰ
2326 1511 2468 1561 κατὰ

365 1588 467 1648 τὰς
503 1591 726 1652 τέχνας,
764 1589 833 1639 ἂν
872 1590 981 1655 ἄρα
1022 1590 1356 1660 ἀναγκασθῇ
1396 1607 1539 1642 ποτε
1578 1593 1855 1659 ἅψασθαι
1893 1596 2154 1645 τοιούτου
2194 1598 2363 1659 τινός,
2406 1598 2468 1646 οὐ
2509 1605 2554 1649 15

364 1662 505 1722 κατὰ
544 1674 643 1742 τὴν
681 1677 874 1743 τέχνην
902 1672 1247 1745 διαφέροντα
1274 1702 1344 1710 —-
1370 1682 1535 1726 τοῦτο
1562 1677 1666 1746 γὰρ
1695 1677 1792 1741 οὐχ
1821 1677 1940 1728 οἷόν
1967 1696 2043 1742 τε,
2084 1686 2187 1730 τοῦ
2207 1684 2466 1742 τέκτονος
2481 1695 2561 1737 (62ss
2585 1695 2636 1737 Μ)

363 1759 459 1807 τὸν
487 1755 719 1827 ἰδιώτην
746 1760 975 1824 ἄμεινον
1003 1762 1248 1831 ποιῆσαί
1271 1779 1328 1811 τι
1353 1762 1494 1811 κατὰ
1533 1763 1632 1832 τὴν
1671 1766 1988 1834 τεκτονικὴν
2029 1766 2057 1834 ἢ
2086 1771 2190 1815 τοῦ
2216 1774 2466 1836 γεωργοῦ

364 1844 461 1893 τὸν
501 1844 597 1893 οὐκ
635 1845 767 1894 ὄντα
805 1846 1078 1914 γεωργίας
1115 1847 1388 1916 ἔμπειρον
1430 1848 1488 1898 ἐν
1537 1845 1616 1914 τῴ
1657 1851 1847 1899 ποιεῖν
1898 1866 1955 1899 τι
2002 1855 2114 1900 τῶν
2151 1858 2464 1921 γεωργικῶν

298 1925 330 1976 6
369 1929 770 1998 ἐμπειρότερον
823 1938 1069 2002 φανῆναι
1117 1959 1185 1967 -
1230 1938 1347 1982 ποῦ
1380 1925 1439 1983 δ’
1483 1933 1551 1983 ἂν
1590 1930 1894 2003 διαφέροι,·
1942 1933 2022 2002 τῷ
2063 1939 2464 2006 συμφερόντως

366 2018 556 2065 ποιεῖν
580 2015 612 2085 ἢ
640 2016 713 2085 μὴ
744 2020 934 2067 ποιεῖν
961 2018 1055 2068 καὶ
1079 2019 1171 2068 ὅτε
1200 2015 1294 2068 δεῖ
1309 2019 1403 2069 καὶ
1429 2020 1575 2069 ὅπου
1614 2020 1708 2069 καὶ
1745 2021 1842 2070 τὸν
1881 2022 2077 2090 καιρὸν
2115 2027 2323 2088 γνῶναι
2360 2028 2463 2073 τοῦ
2497 2034 2544 2075 20

368 2097 712 2169 δημιουργοῦ
744 2099 957 2167 μᾶλλον
993 2104 1087 2154 καὶ
1123 2105 1186 2153 τὸ
1228 2101 1479 2156 δυνατόν.
1545 2105 1741 2155 αὐτίκα
1771 2105 1833 2155 οὐ
1875 2102 2035 2156 δοκεῖ
2049 2123 2151 2172 μοι
2174 2105 2465 2169 Δαίδαλος

364 2183 548 2247 καλῶς
574 2187 881 2254 εἰργάσθαι
906 2189 965 2238 ἐν
991 2189 1182 2258 Κρήτῃ
1211 2191 1307 2240 τὸν
1333 2190 1730 2259 Λαβύρινθον,
1771 2188 1842 2240 οὗ
1864 2191 2246 2260 εἰσερχόμενοι
2272 2189 2463 2243 ἀπώλ-

368 2268 528 2321 λυντο
569 2273 625 2321 οἱ
663 2270 899 2323 πολῖται
937 2274 1110 2324 αὐτοῦ
1141 2277 1236 2326 καὶ
1276 2277 1339 2325 αἱ
1376 2273 1694 2337 πολίτιδες’
1747 2276 1809 2326 οὐ
1856 2277 1959 2345 γὰρ
2011 2275 2243 2339 δικαίως
2281 2279 2462 2347 εἰργά-

367 2370 522 2407 σατο.
610 2360 986 2427 συμπράττων
1031 2353 1117 2426 (δ’
1172 2356 1272 2428 aff>
1318 2368 1387 2431 τῇ
1436 2364 1582 2430 νόσῳ
1635 2368 1734 2432 τῆς
1770 2362 2086 2433 Πασιφάης
2136 2363 2233 2413 οὐκ
2270 2363 2463 2432 ὀρθῶς

364 2443 692 2510 εἰργάσατο·
733 2444 795 2493 οὐ
833 2444 936 2513 γὰρ
985 2449 1284 2516 συνέφερεν
1324 2444 1452 2498 οὐδὲ
1490 2444 1555 2517 ἦν
1596 2445 1813 2498 δίκαιον
1853 2445 1980 2498 οὐδὲ
2018 2445 2187 2500 καλὸν
2225 2454 2458 2498 τοιαῦτα
2497 2464 2543 2506 25

367 2529 749 2597 συμπράττειν
788 2526 915 2579 οὐδὲ
963 2532 1214 2599 μηχανὰς
1263 2533 1536 2600 εὑρίσκειν
1585 2534 1684 2584 ἐπὶ
1728 2533 1798 2583 τὰ
1847 2535 2050 2604 αἰσχρὰ
2099 2535 2194 2585 καὶ
2242 2535 2460 2584 ἀνόσια.

366 2609 492 2662 οὐδὲ
531 2614 608 2674 ὡς
644 2614 741 2663 τὸν
759 2605 973 2683 Ἴκαρον
1013 2616 1350 2685 ἐπτέρωσεν,
1391 2618 1442 2667 εἰ
1474 2619 1577 2687 χρὴ
1621 2620 1911 2669 πιστεύειν
1937 2617 2016 2686 τῷ
2053 2620 2242 2688 μύθῳ,
2279 2618 2463 2681 καλῶς

507 2842 526 2881 1
559 2834 648 2883 τόν
677 2853 730 2884 τε
761 2837 810 2882 Μ
981 2855 1036 2898 γε
1076 2838 1160 2886 del.
1191 2840 1401 2887 Reiskius
1575 2846 1600 2886 2
1631 2797 1889 2903 περιέβαλε
1928 2842 1964 2885 Ρ
2007 2841 2323 2902 περιεβάλετο
2355 2846 2460 2896 (om.

359 2904 463 2962 τὸν)
493 2908 537 2952 Η
680 2912 705 2952 3
736 2903 925 2968 ἀμπέχο
958 2923 1074 2955 corr.
1104 2911 1149 2955 in
1180 2909 1406 2972 ἔμπειρος
1436 2914 1471 2958 Ρ
1618 2917 1644 2958 4
1674 2915 1943 2973 γεωργείαν
1971 2915 2022 2959 Μ
2166 2921 2190 2960 5
2223 2916 2371 2962 αἰτῶν
2402 2917 2459 2962 cf.

359 2978 491 3025 Hom.
524 2979 605 3024 Od.
636 2979 788 3026 XXIV
819 2984 899 3025 337
1008 2986 1034 3027 6
1063 2987 1396 3044 γεωργοῦντος
1424 2985 1557 3030 ΜΡΗ
1683 2991 1706 3029 7
1738 3001 1793 3044 γε
1823 2988 1904 3031 καὶ
1935 2985 2017 3030 PH
2047 3003 2103 3046 γε
2134 2987 2213 3032 UB
2243 3004 2296 3034 τε
2325 2987 2375 3031 Μ

363 3054 709 3110 προσκαλεῖται
738 3052 774 3096 Ρ
806 3052 866 3098 ef.
899 3053 982 3099 Od.
1013 3053 1167 3099 XVIII
1197 3058 1279 3100 366
1295 3069 1362 3111 sq.
1538 3061 1562 3100 8
1596 3057 1654 3101 cf.
1687 3057 1770 3102 od.
1802 3057 1889 3103 XV
1920 3061 1997 3102 321
2019 3071 2086 3116 sq.
2235 3063 2287 3103 10
2319 3060 2461 3118 φήσει

360 3120 493 3166 UBM
652 3127 703 3167 12
735 3121 920 3171 οἴονται
949 3125 999 3167 Μ
1170 3123 1256 3181 τὰς
1285 3141 1366 3184 pro
1406 3124 1527 3174 εἶναι
1554 3127 1592 3172 Ρ
1771 3132 1819 3173 13
1851 3125 1912 3176 ἄν
1942 3143 2028 3175 om.
2060 3130 2141 3175 PH
2319 3135 2370 3174 14
2401 3127 2460 3177 τὰ

362 3204 450 3237 om.
480 3192 610 3237 MPH
757 3199 806 3239 15
838 3192 925 3251 τὰς
954 3210 1040 3242 om.
1072 3197 1114 3242 H
1286 3195 1348 3246 ἂν
1377 3194 1423 3245 δ’
1454 3196 1554 3259 ἄρα
1584 3200 1717 3246 ΠΒΜ
1886 3199 2113 3248 τοιοῦτόν
2141 3218 2271 3256 τινος
2299 3201 2350 3246 Μ

365 3307 418 3347 16
448 3303 535 3361 τὴν
562 3317 649 3350 οιιι.
680 3306 719 3351 Β
890 3307 1215 3371 διαφερόντως
1245 3312 1287 3358 U
1317 3326 1374 3357 m.
1416 3325 1484 3371 pr.
1523 3274 1814 3374 διαφέρονὲοῗ
1844 3315 1880 3359 Ρ
2055 3313 2241 3362 οἳόνται
2271 3315 2318 3358 Μ

367 3378 418 3419 19
448 3373 506 3422 τὸ
540 3374 882 3436 συμφερόντως
909 3380 954 3425 Η
1126 3386 1179 3427 20
1210 3381 1262 3443 δὴ
1303 3398 1386 3440 pro
1428 3387 1501 3432 δεῖ
1533 3383 1575 3431 U
1605 3398 1664 3431 m.
1695 3399 1763 3443 pr.
1797 3387 1888 3431 ΒΜ
2058 3390 2110 3431 21
2146 3389 2368 3442 δαίδαλος
2396 3390 2461 3441 (αι

365 3459 393 3490 a
429 3449 562 3501 corr.)
592 3447 632 3492 U
805 3453 860 3494 22
897 3449 1168 3499 ἀπόλλυντο
1199 3454 1294 3501 MU
1322 3469 1380 3500 ιιι.
1409 3470 1478 3512 pr.
1653 3460 1706 3501 23
1747 3451 1996 3518 ἠργάσατο
2040 3458 2090 3502 Μ
2260 3462 2317 3503 24
2347 3476 2460 3516 συμ-

365 3514 594 3576 πράττων
623 3544 679 3551 —-
713 3515 877 3579 ὀρθῶς
906 3521 1165 3582 εἰργάσατο
1205 3539 1291 3570 οιιι.
1324 3527 1405 3570 PH
1432 3528 1597 3585 (suppl.
1637 3541 1666 3572 a
1708 3533 1980 3584 correctore)
2164 3536 2271 3587 post
2299 3528 2458 3591 εἰργά-

365 3604 484 3634 σατο
514 3589 709 3644 graviter
736 3591 999 3649 interpunxi
1171 3590 1241 3653 (δ’
1274 3589 1363 3654 αὖ)
1388 3598 1559 3643 inserui
1760 3596 1887 3658 νήσῳ
1918 3600 1966 3642 Μ
2154 3595 2244 3648 ούκ
2272 3601 2320 3644 Μ
2351 3596 2460 3649 οὐδὲ

363 3659 501 3703 ceteri
671 3665 723 3706 27
763 3659 959 3721 εἷ’καρον
988 3665 1038 3709 Μ
1207 3667 1358 3712 malim
1389 3660 1418 3727 ᾗ
1447 3682 1531 3726 pro
1563 3664 1628 3724 ὡς
1799 3670 2019 3716 fortasse:
2056 3675 2215 3726 καλῶς
2249 3667 2459 3730 (αὐτὸν)

360 3729 570 3792 ἐξευρεῖν
