2684 4140
1047 247 1272 293 ORATIO
1301 246 1440 292 LXV.
2182 241 2284 289 157

197 401 291 451 καὶ
317 399 611 468 μοχθηρὰν
641 398 922 463 ὑπάρχειν,
964 392 1246 455 λυσιτελὲς
1273 394 1340 444 ἂν
1367 392 1450 461 εἴη
1482 389 1663 461 δήπου
1691 392 1748 440 ἐν
1789 390 1986 457 ἀγνοίᾳ
2024 394 2125 439 τοῦ
2158 389 2284 455 βίου

196 486 290 536 καὶ
312 486 498 534 σκότει
516 490 615 553 τῆς
633 484 799 551 τύχης
821 478 1110 531 διατελεῖν.
1133 506 1202 514 —
1218 476 1425 538 ἀδίκως
1445 470 1585 545 [γάρ]
1605 491 1704 540 μοι
1727 472 1985 525 δοκοῦσιν
2009 475 2063 523 οἱ
2084 470 2287 523 πολλοὶ

198 575 308 620 τῶν
358 569 684 637 ἀνθρώπων
721 573 821 636 τῆς
856 567 1022 634 τύχης
1057 566 1408 633 κατηγορεῖν,
1460 563 1537 622 ὡς
1587 558 1746 610 οὐδὲν
1784 561 2018 628 ε’χούσης
2054 559 2284 625 βέβαιον

200 652 327 705 οὐδὲ
365 654 596 714 πιστόν,
636 648 776 700 ἀλλὰ
815 651 949 714 ταχύ
989 647 1052 719 δὴ
1092 646 1269 714 μάλα,
1311 647 1398 708 οἷς
1435 647 1501 696 ἂν
1542 652 1724 714 παρῇ,
1763 646 1995 705 τούτους
2030 640 2285 693 καταλει-

141 749 165 787 5
203 739 420 806 πούσης
471 737 564 785 καὶ
611 735 1034 802 μεθισταμένης
1083 735 1227 801 πρὸς
1277 735 1514 798 ἑτέρους.
1601 731 1651 780 εἰ
1697 731 1798 795 μὲν
1845 729 1949 797 γὰρ
1997 725 2181 789 καλῶς
2216 725 2281 796 ἦν
2322 732 2351 779 5

24 832 182 874 43ΒΙΙ)
200 820 339 872 ἰδεῖν
370 823 691 888 χρεομένους
730 819 806 878 ὡς
844 820 907 867 τὸ
948 814 1093 867 πολὺ
1132 821 1253 877 τοῖς
1292 809 1432 884 παρ’
1478 815 1648 884 αὐτῆς
1697 814 1943 880 ἀγαθοῖς
1980 814 2110 874 τοὺς
2150 811 2284 878 λαμ-

197 907 470 972 βάνοντας
506 905 600 953 καὶ
634 905 708 973 μὴ
749 903 1072 952 τούναντίον
1112 902 1285 962 εύθὺς
1320 901 1534 970 ὕβρεως
1579 901 1673 950 καὶ
1707 899 2157 966 μισανθρωπίας
2193 899 2286 948 καὶ

196 990 557 1059 θρασύτητος
593 984 1115 1052 ἐμπιμπλαμένους,
1157 986 1252 1035 οὐκ
1279 986 1345 1035 ἂν
1374 985 1570 1052 ὀρθῶς
1605 984 1794 1034 ἐποίει
1830 985 1903 1052 μὴ
1933 987 2055 1043 τοῖς
2095 983 2285 1042 αὐτοῖς

195 1076 621 1142 παραμένουσα·
671 1077 765 1121 νῦν
820 1068 879 1121 δὲ
929 1069 1090 1135 οἶμαι
1129 1073 1493 1138 προαιρεῖται
1543 1070 1643 1133 μὲν
1694 1069 1995 1135 εὐεργετεῖν
2053 1069 2285 1117 ἕκαστον

118 1167 164 1208 2⁰
200 1160 277 1220 ὡς
309 1158 550 1227 χρηστὸν
587 1157 682 1206 καὶ
717 1161 830 1206 τῶν
865 1148 1009 1223 παρ’
1054 1155 1223 1224 αὐτῆς
1251 1151 1475 1222 δωρεῶν
1502 1150 1678 1215 ἄξιον,
1720 1150 1954 1202 ἐπειδὰν
1984 1149 2041 1201 δὲ
2071 1149 2286 1221 φαῦλον

196 1242 477 1312 αἴσθηται
510 1242 604 1292 καὶ
628 1242 912 1302 ταπεινόν,
950 1239 1391 1304 καταισχύνοντα
1418 1239 1516 1307 τὴν
1544 1237 1764 1288 εὔνοιαν
1790 1237 1889 1306 τὴν
1919 1230 2061 1304 παρ’
2102 1237 2285 1305 αὐτῆς,

195 1329 427 1388 εἰκότως
462 1327 777 1396 ἀφίσταται
812 1326 906 1375 καὶ
944 1320 1102 1394 ζητεῖ
1133 1320 1306 1374 πάλιν
1341 1319 1535 1381 ἄλλον,
1586 1322 1682 1372 ἐὰν
1722 1323 1830 1388 ἄρα
1871 1322 2287 1388 ἐπιεικέστερον

197 1415 373 1483 εὑρεῖν
413 1410 658 1481 δύνηται.
735 1416 998 1480 πονηρῶν
1045 1407 1104 1460 δὲ
1154 1414 1265 1459 τῶν
1314 1405 1598 1458 πλείστων
1645 1407 2011 1475 ὑπαρχόντων
2057 1406 2151 1456 καὶ
2187 1411 2285 1473 τῆς
2324 1408 2354 1458 6

197 1499 568 1568 ἀνθρωπίνης
608 1496 834 1568 φύσεως
873 1497 1130 1556 σπανίως
1166 1494 1291 1545 τινὰ
1333 1495 1616 1563 φερούσης
1653 1487 1976 1562 ἐπιτήδειον
2015 1490 2079 1540 εὖ
2113 1492 2288 1558 πράτ-

118 1591 164 1634 15
199 1601 332 1647 τειν,
371 1581 432 1647 ἐξ
470 1584 708 1652 ἀνάγκης
737 1584 980 1646 συνεχεῖς
1007 1584 1262 1630 ποιεῖται
1299 1580 1401 1640 τὰς
1437 1575 1770 1644 μεταβολάς,
1814 1574 1959 1627 πολύ
1991 1574 2049 1627 δὲ
2076 1573 2289 1641 μᾶλλον

196 1666 289 1719 διὰ
327 1671 426 1739 τὴν
461 1671 733 1738 ἡμετέραν
770 1668 803 1736 ἢ
832 1668 929 1736 τὴν
958 1667 1128 1736 αὑτῆς
1156 1667 1342 1734 φύσιν.
1406 1664 1528 1713 ἔστι
1558 1661 1615 1713 δὲ
1644 1664 1877 1724 ἄτοπον,
1919 1660 2083 1722 εἴτις
2123 1661 2290 1720 αὐτὸς

194 1756 298 1820 μὲν
342 1747 612 1822 [ἕκαστος]
662 1753 723 1802 οὐ
777 1749 1010 1802 δύναται
1061 1754 1252 1820 φέρειν
1296 1750 1479 1809 ένίους
1527 1754 1638 1798 τῶν
1689 1748 2090 1812 εὐτυχούντων,
2148 1742 2288 1794 ἀλλά

195 1841 392 1908 μικρὸν
425 1841 624 1907 χρόνον
666 1834 941 1906 ὁμιλήσας
979 1836 1308 1905 ἀφίσταται,
1347 1836 1442 1885 καὶ
1466 1831 1678 1899 μᾶλλον
1708 1834 1953 1900 αἱρεῖται
1980 1832 2077 1901 τὴν
2119 1831 2292 1880 αὑτοῦ

200 1925 399 1975 πενίαν
436 1926 593 1984 ὅπως
632 1922 701 1973 ἂν
737 1919 1027 1990 ἐνδέχηται
1078 1924 1271 1990 φέρειν
1319 1921 1350 1989 ἢ
1405 1925 1686 1989 φορτικῶν
1734 1919 1828 1968 καὶ
1877 1918 2128 1985 ἀνοήτων
2169 1917 2288 1965 ἀνέ-

120 2017 169 2058 20
199 2010 412 2074 χεσθαι
448 2010 701 2076 τρόπων·
740 2008 838 2077 τὴν
878 2003 936 2056 δὲ
975 2007 1156 2073 τύχην,
1195 2005 1335 2054 θεὸν
1363 2004 1550 2066 οὖσαν,
1591 2000 1752 2066 ἀξιοῖ
1780 2006 1902 2063 τοῖς
1938 2002 2129 2062 αὐτοῖς
2165 2002 2289 2050 τού-

12 2149 14 2155 ,
200 2108 321 2154 τοις
362 2089 524 2162 συζῆν
562 2093 689 2158 ἄχρι
728 2092 941 2151 παντὸς
987 2091 1080 2140 καὶ
1129 2086 1403 2149 πολλάκις
1451 2084 1816 2157 ὑβριζομένην
1865 2088 2054 2154 ὕβρεις
2105 2083 2291 2144 δεινὰς

11 2165 14 2255 f
199 2180 542 2246 παραμένειν
591 2172 929 2245 ἀνδραπόδῳ
976 2171 1215 2243 μηδενὸς
1264 2170 1420 2240 ἀξίῳ.
1509 2173 1666 2241 παρὰ
1704 2173 1807 2240 γὰρ
1846 2178 1957 2221 τῶν
1997 2168 2285 2220 πλουσίων
2328 2176 2354 2222 7

11 2257 14 2270 ¹
198 2263 279 2323 εἰς
315 2263 415 2327 μὲν
451 2263 583 2322 τούς
621 2261 993 2327 συμβιοῦντας
1032 2259 1378 2328 ἀνθρώπους
1415 2262 1446 2328 ή
1487 2259 1646 2327 ὑβρις
1684 2259 1805 2308 ἐστὶ
1833 2254 2105 2324 λοιδορία,
2148 2270 2288 2322 προ-

199 2344 569 2416 πηλακισμός,
605 2342 950 2412 κατάγελως,
990 2346 1054 2394 τὸ
1095 2342 1375 2414 πληγῆναι
1414 2341 1716 2405 πολλάκις,
1768 2344 1850 2403 εἰς
1891 2340 1950 2392 δὲ
1988 2343 2086 2411 τὴν
2125 2342 2289 2409 τύχην

9 2432 167 2488 num>
204 2432 371 2501 αὐτὴν
418 2431 805 2500 ὑπερηφανία,
855 2431 1124 2499 βαρύτης,
1174 2426 1521 2496 μικρολογία.
1576 2456 1648 2462 —-
1697 2425 2017 2478 ἀδικώτατά
2056 2442 2157 2492 μοι
2200 2423 2290 2476 δο-

198 2521 389 2566 κοῦσιν
442 2512 689 2582 ἐγκαλεῖν
740 2516 795 2564 οἱ
844 2511 1048 2565 πολλοὶ
1095 2521 1165 2583 τῇ
1203 2516 1350 2582 τύχῃ.
1433 2520 1527 2564 νῦν
1564 2515 1664 2578 μὲν
1702 2513 1804 2582 γάρ
1848 2513 2016 2582 αὐτὴν
2067 2513 2289 2562 αἰτιῶν-

199 2618 319 2664 ται,
381 2601 690 2670 φάσκοντες
739 2601 983 2649 ἀπιστον
1042 2597 1188 2649 εἶναι
1235 2600 1328 2649 καὶ
1374 2596 1547 2668 μηδὲν
1598 2599 1741 2663 ἔχειν
1789 2599 2036 2664 βέβαιον.
2132 2599 2181 2648 εἰ
2232 2591 2285 2647 δ)

344 2841 361 2880 1
397 2832 547 2895 δήπου
575 2834 628 2882 ἐν
656 2836 800 2891 Emp,
833 2835 1072 2892 δήπουθεν
1099 2833 1203 2878 libri
1345 2830 1488 2880 ἄνοια
1519 2833 1568 2877 Μ
1607 2829 1751 2880 ἀνοία
1782 2833 1820 2876 Β
1853 2827 2027 2890 άγνοία
2068 2832 2146 2876 sed
2176 2849 2234 2890 γν
2263 2844 2290 2875 a

200 2921 316 2952 corr.
350 2907 386 2952 U
531 2911 556 2951 2
584 2905 680 2966 γὰρ
709 2907 794 2951 del.
826 2906 932 2950 Wil.
1076 2909 1103 2949 4
1131 2901 1259 2961 μάλα
1291 2905 1338 2947 Μ
1368 2907 1552 2960 μᾶλλον
1582 2905 1720 2948 ceteri
1892 2899 1951 2950 ἄν
1971 2916 2057 2949 om.
2087 2902 2147 2946 1³2

198 2975 547 3036 καταλιπούσης
575 2978 616 3023 U
647 2991 705 3023 m.
735 2990 804 3034 pr.
835 2975 986 3021 BMP2
1103 2980 1128 3020 5
1158 2978 1238 3021 καὶ
1270 2975 1466 3026 Geelius,
1494 2970 1524 3031 ἢ
1551 2974 1655 3018 libri
1762 2978 1787 3018 6
1818 2970 1939 3030 παρ’
1975 2967 2136 3026 αὐτοῖς
2168 2973 2202 3016 Ρ

202 3051 226 3092 8
249 3046 630 3104 ἐμπιπλαμένους
657 3047 762 3091 libri
882 3050 932 3090 10
964 3040 1128 3098 αὐτοῖς
1156 3046 1192 3089 Ρ
1339 3049 1387 3089 11
1423 3039 1585 3097 αὐτοῖς
1615 3044 1663 3086 Μ
1810 3047 1861 3087 13
1893 3043 2085 3090 δύναται
2115 3044 2175 3088 P2

203 3121 256 3161 14
285 3117 391 3164 τινὰ
410 3134 443 3163 2:
475 3121 593 3171 (cum
623 3118 779 3172 litura)
806 3117 847 3162 U
985 3119 1038 3160 15
1067 3118 1262 3173 συνεχῆς
1291 3115 1326 3158 Ρ
1475 3118 1526 3159 16
1558 3110 1700 3172 αὐτῆς
1730 3114 1834 3160 libri
1863 3118 2042 3171 praeter
2072 3113 2131 3158 P2
2249 3112 2299 3161 εἴ

202 3204 272 3241 τις
301 3182 446 3242 αὐτὸς
474 3188 562 3245 μὲν
580 3188 660 3232 ΡΗ
690 3184 830 3241 εἴτις
857 3186 946 3243 μὲν
967 3185 1096 3230 BMU
1116 3199 1174 3230 m.
1195 3199 1264 3242 pr.
1286 3180 1451 3239 (αὐτὸς
1479 3199 1703 3242 superscr.
1726 3199 1755 3230 a
1775 3192 1910 3238 corr.)
2006 3189 2054 3230 17
2088 3182 2290 3239 ἕκαστος

202 3259 391 3314 seclusi,
429 3272 530 3303 cum
559 3259 677 3303 inter
706 3259 793 3302 hoc
823 3260 870 3302 et
898 3255 1012 3310 εἴτις
1041 3256 1164 3312 optio
1203 3255 1412 3312 daretur,
1453 3256 1497 3303 εἰ
1524 3252 1590 3311 εἷς
1629 3256 1717 3313 μὲν
1746 3254 1949 3311 ἕκαστος
1981 3257 2175 3302 Cobetus

206 3333 255 3373 18
287 3326 490 3387 σμικρὸν
521 3329 561 3372 Β
702 3327 827 3387 αἱρεῖ
854 3328 888 3371 Ρ
919 3325 1122 3385 αἱρεῖται
1152 3328 1246 3380 (sed
1278 3325 1326 3372 αὶ
1354 3339 1383 3371 a
1413 3331 1548 3383 corr.)
1579 3328 1619 3372 U
1797 3332 1846 3374 19
1878 3328 2098 3388 ἐνδέχητο
2130 3329 2178 3373 Μ

204 3391 336 3453 ὅπως
364 3398 600 3458 ἐνδέχεται
630 3403 734 3452 (om.
765 3395 841 3452 ἄν)
871 3397 1014 3442 PHP2
1101 3393 1395 3455 ἀνασχέσθαι
1417 3398 1495 3443 BU
1583 3402 1637 3442 20
1667 3394 1793 3454 ἀξιοῖ
1821 3417 1874 3447 τε
1904 3408 2008 3454 τοῖς
2026 3400 2075 3444 Μ
2106 3397 2291 3455 ἀξιοῦτε

202 3478 305 3524 τοῖς
332 3471 371 3515 Β
401 3465 614 3525 ἀξιοῦται
646 3478 747 3523 τοῖς
778 3470 816 3514 U
848 3483 905 3513 m.
935 3482 1001 3525 pr.
1034 3473 1169 3523 (corr.
1201 3465 1329 3524 ἀξιοῖ
1353 3472 1471 3524 τοῖς)
1643 3474 1696 3515 22
1730 3464 1928 3525 οὐδενὸς
1956 3470 2054 3515 PP2
2198 3468 2289 3530 γὰρ

204 3581 290 3613 om.
328 3569 431 3613 HP2
618 3573 671 3614 23
706 3570 794 3626 μὲν
831 3582 917 3614 om.
956 3569 1016 3613 P2
1150 3540 1205 3568 συ
1217 3574 1442 3631 βιοῦντας
1479 3570 1599 3624 (sici)
1636 3570 1672 3615 P
1874 3573 1930 3614 24
1967 3570 2140 3614 malim:
2180 3574 2292 3630 πλη-

203 3642 283 3697 γαὶ
315 3637 548 3754 ἓτῐοῑξάκις
718 3644 771 3685 25
812 3634 1080 3688 ἀδικώτατα
1117 3658 1200 3698 μοι
1242 3641 1307 3696 Μ,
1358 3637 1634 3688 ἀδικώτατα
1671 3634 1757 3690 οὖν
1792 3658 1875 3699 μοι
1913 3641 1993 3686 UB
2033 3636 2103 3688 ἀδ.
2142 3635 2186 3687 ‹5’
2232 3639 2294 3688 ἄν

203 3725 287 3764 μοι
433 3722 453 3755 2
