2684 4140
16 2851 21 2881 ³

164 2461 216 2502 25

26 3243 27 3246 „
26 3224 27 3228 „
17 3013 27 3190 μφη-...ῑ-Ν-.υ-.
17 2985 22 3005 ..2
19 2975 22 2979 N
16 2915 26 2967 ...μω
18 2883 22 2909 .-
18 2829 22 2848 ..-
18 2741 22 2750 -
19 2723 21 2734 μ

1052 267 1279 316 ORATIO
1310 265 1516 314 LXXIV.
2228 267 2332 320 198

239 405 496 475 -Ἴσως
535 411 730 484 ὀρδῶς.
784 439 854 448 --
900 413 968 464 A.
1007 414 1124 466 Καὶ
1168 415 1276 483 μὴν
1326 410 1493 483 δῆλος
1542 414 1573 462 ὁ
1621 414 1863 484 ποιητὴς
1910 415 1974 465 οὐ
2004 416 2158 484 νπρὸς
2195 417 2327 477 τοὺς
2364 416 2398 466 2

238 498 480 566 ἐχθρούς
505 504 678 548 ταῦτα
705 498 1139 564 ὑποτιθέμενος,
1179 495 1320 548 ἀλλά
1347 500 1493 567 πρὸς
1519 500 1650 559 τοὺς
1676 494 2073 565 νομιζομένους
2112 498 2329 570 φίλους.

241 582 304 631 οὐ
341 577 502 651 <γάρ>
529 579 592 652 δή
621 575 726 652 ὑφ’
758 581 833 632 ὧν
859 599 946 643 τις
970 584 1312 648 μισούμενος
1337 583 1660 646 ἐπίσταται,
1700 585 1924 645 τούτοις
1962 585 2029 635 ἂν
2068 581 2331 647 ἐξουσίαν

241 663 366 735 δοίη
405 659 544 715 καθ’
589 668 772 717 αὑτοῦ.
849 672 973 727 πῶς
1011 667 1078 719 ἂν
1118 667 1213 717 οὖν
1253 664 1631 721 διακελεύοιτο
1672 669 1962 732 ἀπιστεῖν,
2015 667 2101 729 οἶς
2136 666 2334 738 μηδεὶς

182 759 208 800 5
245 750 502 799 πιστεύει
512 767 532 809 ;

382 835 518 902 φέρε
567 833 754 887 τοίνυν
805 834 1025 883 κάκεῖνο
1066 831 1300 899 ἴδωμεν·
1351 836 1463 889 ὑπὸ
1502 837 1670 887 τίνων
1708 834 1940 899 πλείους
1979 834 2332 900 ἀπολώλασι,

239 919 480 986 πότερον
517 918 628 967 ὑπὸ
668 922 779 968 τῶν
828 914 1286 984 ὁμολογουμένων
1335 920 1558 988 ἐχθρῶν
1606 921 1638 990 ἢ
1687 921 2012 973 τούναντίον
2060 924 2172 974 ὑπὸ
2223 928 2335 974 τῶν

240 1005 750 1071 προσποιουμένων
798 1000 945 1052 εἶναι
984 999 1166 1071 φίλων
1178 1020 1198 1064 ;
1246 1004 1352 1070 ἐγὼ
1399 1005 1500 1068 μὲν
1538 1005 1641 1074 γὰρ
1682 1007 1792 1074 ὁρῶ
1831 1007 1925 1059 καὶ
1961 1012 2072 1058 τῶν
2113 1004 2336 1059 πόλεων

239 1091 351 1137 τῶν
389 1084 644 1138 ἁλουσῶν
681 1083 950 1147 πλείονας
986 1087 1098 1137 ὑπὸ
1138 1092 1249 1138 τῶν
1287 1085 1586 1156 προδοτῶν
1612 1087 1971 1155 ἀπολομένας
2007 1092 2040 1160 ἢ
2072 1093 2180 1143 ὑπὸ
2220 1098 2334 1143 τῶν

162 1183 209 1224 10
247 1169 535 1238 πολεμίων
573 1169 909 1242 εἰλημμένας
945 1171 1086 1221 κατὰ
1123 1173 1328 1240 κράτος
1363 1174 1458 1223 καὶ
1495 1179 1606 1223 τῶν
1634 1174 1962 1243 ἀνθρώπων
1989 1172 2223 1237 πλείους
2257 1175 2339 1243 τῷ

242 1258 415 1308 παντὶ
451 1261 573 1319 τοῖς
613 1254 806 1327 φίλοις
841 1258 935 1308 καὶ
970 1259 1093 1318 τοῖς
1122 1256 1429 1326 συνήθεσιν
1456 1254 1824 1324 ἐγκαλοῦντας
1849 1264 1960 1309 τῶν
1989 1260 2338 1325 αἰτιωμένων

240 1343 371 1403 τούς
408 1343 650 1410 ἐχθρούς
687 1343 787 1393 ἐπὶ
823 1346 949 1403 ταῖς
979 1345 1327 1412 συμφοραῖς·
1367 1342 1453 1392 ἔτι
1482 1339 1540 1392 δὲ
1569 1344 1716 1411 πρὸς
1739 1344 1841 1408 μὲν
1867 1345 1998 1404 τοὺς
2026 1341 2334 1409 πολεμίους
2372 1346 2403 1397 3

242 1428 429 1478 ἅπασι
464 1428 615 1497 τείχη
643 1429 737 1479 καὶ
765 1429 1009 1498 φρούρια
1034 1430 1519 1493 κατεσκευασμένα
1546 1428 1640 1478 καὶ
1664 1429 1878 1479 τούτων
1904 1429 2084 1480 ἐνίοτε
2110 1425 2338 1479 πολλῶν

241 1513 381 1562 ἐτῶν
417 1510 696 1582 μηδεμίαν
728 1513 922 1582 χρείαν
959 1515 1284 1582 γενομένην’
1325 1514 1470 1582 πρὸς
1510 1509 1569 1563 δὲ
1596 1514 1728 1574 τοὺς
1758 1509 2342 1579 συμπολιτευομένους

166 1611 212 1652 15
244 1598 339 1647 καὶ
384 1602 496 1647 τῶν
548 1597 729 1648 αὐτῶν
774 1603 1180 1658 κοινωνοῦντας
1240 1598 1404 1666 ἱερῶν
1459 1598 1554 1648 καὶ
1600 1598 1823 1650 θυσιῶν
1870 1599 1964 1649 καὶ
2009 1599 2202 1665 γάμων
2249 1600 2344 1649 καὶ

245 1679 487 1752 φυλέτας
527 1683 692 1743 ὄντας
731 1679 984 1752 ἀλλήλων
1019 1683 1115 1733 καὶ
1156 1680 1404 1752 δημότας
1439 1684 1534 1734 καὶ
1573 1686 1852 1750 συγγενεῖς
1888 1683 1957 1733 τά
2008 1681 2342 1754 δικαστήρια

239 1769 334 1818 καὶ
370 1769 502 1828 τούς
540 1770 745 1833 νόμους
780 1769 874 1819 καὶ
911 1768 979 1819 τὰ
1019 1769 1230 1838 ἀρχεῖα.
1304 1769 1398 1819 καὶ
1434 1773 1610 1821 ταῦτα
1651 1765 1925 1821 οὐδέποτε
1961 1772 2171 1838 ἠρεμεῖ.
2245 1787 2342 1836 με·

28 1867 225 1911 (395311)
246 1854 375 1904 σταὶ
421 1859 552 1922 γοῦν
602 1854 663 1903 αἱ
699 1850 898 1915 πόλεις
944 1854 1058 1905 αἰεὶ
1102 1855 1587 1923 κατηγορούντων,
1637 1851 2137 1920 ἀπολογουμένων,
2188 1853 2342 1909 δικα-

244 1933 466 2001 ζόντων,
508 1934 899 2004 δικαζομένων,
937 1939 1032 1989 καὶ
1059 1936 1186 1989 οὐδὲ
1213 1940 1271 1989 έν
1297 1942 1424 2000 ταῖς
1463 1939 1816 2009 ἱερομηνίαις
1851 1940 1884 2008 ἢ
1912 1943 2038 2001 ταῖς
2066 1938 2344 2003 σπονδαῖς

164 2037 214 2077 20
251 2019 505 2093 ἀλλήλων
543 2024 868 2088 ἀπέχεσθαι
895 2022 1174 2075 δύνανται.
1238 2024 1501 2075 τίθενται
1537 2030 1668 2091 γοῦν
1694 2027 1919 2094 ἑτέρους
1957 2026 2162 2089 νόμους
2198 2026 2342 2094 ὑπὲρ

80 2124 226 2167 (637Μ)
248 2106 359 2158 τῶν
397 2105 756 2177 ἀδικημάτων
793 2107 902 2159 τῶν
940 2110 999 2159 ἑν
1036 2113 1163 2170 ταῖς
1201 2112 1425 2178 ἑορταῖς
1461 2111 1555 2160 καὶ
1591 2111 1824 2171 τούτους
1852 2110 2036 2179 ἱερούς
2061 2106 2344 2172 καλοῦσιν,

246 2194 437 2262 ὥσπερ
487 2195 550 2243 τὸ
601 2194 776 2259 ὄνομα
827 2191 1099 2264 ὠφελοῦν.
1186 2195 1217 2244 ὁ
1264 2194 1367 2262 γὰρ
1422 2201 1520 2265 τῆς
1568 2195 1765 2255 κακίας
1803 2191 2054 2260 πόλεμος
2093 2192 2347 2264 διηνεκὴς

244 2280 429 2329 ἅπασι
477 2281 622 2349 πρὸς
661 2280 947 2342 ἅπαντας,
999 2277 1290 2340 ἄσπονδος
1341 2281 1418 2330 ὢν
1465 2281 1560 2331 καὶ
1607 2281 1937 2350 ἀκήρυκτος·
1986 2276 2234 2345 μάλιστα
2287 2276 2345 2329 δὲ

247 2362 411 2426 οὗτος
451 2369 749 2435 συνέστηκε
788 2368 910 2426 τοῖς
947 2365 1106 2432 ἐγγὺς
1145 2366 1290 2434 πρὸς
1330 2361 1620 2434 ἀλλήλους.

391 2451 488 2502 τὸν
524 2446 625 2516 μὲν
665 2450 760 2501 οὖν
799 2451 857 2503 ἐν
897 2451 1084 2520 εἰρήνῃ
1122 2447 1463 2517 βουλόμενον
1511 2450 1671 2517 βιοῦν
1718 2451 1812 2501 καὶ
1856 2442 1981 2515 μετ’
2024 2446 2342 2520 ἀσφαλείας
2381 2450 2414 2499 4

244 2537 398 2596 τινὸς
446 2533 820 2602 εὐλαβεῖσθαι
869 2532 963 2586 δεῖ
1002 2537 1101 2606 τήν
1163 2537 1309 2605 πρὸς
1368 2536 1718 2605 ἀνθρώπους
1764 2535 2063 2587 κοινωνίαν
2108 2535 2203 2586 καὶ
2249 2535 2347 2604 τὴν

249 2622 419 2690 φύσιν
457 2621 818 2672 ἐπίστασθαι
843 2619 954 2672 τῶν
981 2618 1208 2672 πολλῶν
1247 2622 1477 2691 ἑτοίμην
1517 2621 1690 2672 οὖσαν
1730 2622 1875 2690 πρὸς
1910 2621 1974 2670 τὸ
2000 2617 2341 2685 μεταδοῦναι

243 2707 441 2767 κακίας
486 2708 667 2769 τινός,
716 2707 811 2756 καὶ
857 2703 998 2774 μηδὲ
1053 2707 1120 2757 ἂν
1165 2708 1429 2776 μυριάκις
1469 2704 1595 2775 λέγῃ
1638 2703 1806 2776 φίλος
1854 2703 2002 2756 εἶναι
2040 2706 2345 2755 πιστεύειν.

247 2781 307 2841 οἰ
350 2793 452 2858 γάρ
492 2792 616 2841 ἐστι
654 2782 794 2858 παρ’
840 2783 1034 2852 αὐτοῖς
1069 2791 1303 2858 βέβαιον
1343 2784 1518 2842 οὐθὲν
1557 2783 1685 2841 οὐδὲ
1725 2787 1967 2859 ἀληθές·
2007 2780 2133 2838 ἀλλ’
2178 2788 2240 2838 δν
2279 2788 2346 2837 ἂν

168 2884 216 2926 30
253 2877 520 2927 ἁπάντων
559 2874 916 2944 προτιμῶσιν
954 2874 1057 2946 ἤδη
1085 2877 1180 2927 καὶ
1204 2881 1307 2926 τοῦ
1330 2872 1440 2946 ζῆν,
1479 2876 1576 2926 ἐὰν
1604 2876 1750 2925 οὕτω
1785 2876 1935 2942 τύχῃ,
1972 2872 2113 2938 μετὰ
2150 2873 2349 2939 μικρὸν

395 3101 415 3140 1
448 3099 587 3153 δῆλος
616 3094 794 3151 Pflugk,
826 3087 969 3148 οὗτος
995 3093 1102 3139 libri
1189 3097 1214 3138 2
1244 3088 1451 3152 ἐχθροὺς
1470 3091 1521 3136 Μ
1537 3087 1719 3151 χοροὺς
1737 3091 1780 3138 U
1800 3105 1856 3136 m.
1877 3104 1946 3147 pr.
1969 3091 2089 3137 BPH
2110 3103 2167 3136 m.
2189 3103 2261 3148 pr.

251 3170 276 3210 3
308 3159 365 3212 οὗ
393 3161 489 3224 γὰρ
519 3161 571 3223 δὴ
602 3165 726 3221 wil„
757 3159 814 3212 οὗ
844 3164 896 3223 δὴ
918 3165 969 3210 Μ
1000 3158 1108 3211 οὐδὲ
1139 3164 1289 3219 ceteri,
1321 3158 1429 3210 οὐδὲ
1457 3179 1551 3221 γαρ
1572 3162 1812 3220 Emperius
1937 3165 1965 3205 4
1994 3160 2096 3220 δοίη
2115 3161 2151 3206 P
2182 3158 2278 3218 διόη
2307 3160 2351 3206 H

251 3233 364 3294 δώιη
393 3236 432 3280 U
464 3238 532 3298 δῷ
560 3236 650 3279 ΒΜ
819 3237 978 3294 μηδεὶς
1007 3234 1184 3291 scripsi,
1213 3233 1328 3292 μηδὲ
1356 3233 1462 3279 libri
1648 3237 1672 3278 5
1704 3229 1918 3280 πιστεύοι
1950 3233 1987 3278 U
2153 3235 2178 3277 9
2208 3227 2352 3280 ἁλου-

254 3311 381 3354 στιῦν
408 3308 447 3352 Β
564 3301 897 3363 ἀπολλυμένας
924 3306 1007 3351 ΡΗ
1037 3299 1397 3362 ἀπολλυμένους
1425 3304 1475 3347 Μ
1625 3308 1675 3348 10
1705 3303 1951 3364 εἰλημένας
1978 3303 2016 3347 P
2144 3307 2193 3348 13
2224 3294 2353 3358 ἅπας

253 3379 297 3425 εί
323 3380 429 3438 τίχη
457 3378 506 3422 Μ
621 3373 811 3438 φρουρὰ
841 3377 878 3423 P
998 3380 1050 3420 14
1079 3374 1142 3435 μὴ
1176 3375 1226 3423 δὲ
1253 3377 1370 3433 μίαν
1399 3375 1443 3420 Η
1577 3378 1626 3420 15
1655 3377 1737 3421 καὶ
1765 3379 1871 3420 ante
1899 3376 2081 3422 θυσιῶν
2110 3386 2199 3421 om.
2228 3372 2265 3417 P

257 3454 309 3495 16
340 3449 533 3507 φιλέτας
552 3449 588 3493 P
681 3453 727 3493 17
752 3444 811 3497 τὰ
834 3450 1032 3495 τοιαῦτα
1054 3447 1136 3493 UB
1227 3451 1278 3492 18
1301 3440 1375 3493 ἀεὶ
1395 3446 1431 3491 Ρ
1523 3449 1574 3490 19
1602 3448 1684 3492 καὶ
1705 3441 1817 3492 οὔτε
1844 3444 1964 3502 libri,
1995 3456 2112 3490 corr.
2133 3444 2267 3502 Emp.

254 3525 308 3566 20
340 3515 644 3580 ἀποσχέσθαι
666 3521 704 3564 Β
820 3521 939 3579 γοῦν
968 3518 1147 3576 scripsi,
1178 3510 1263 3565 οὖν
1291 3517 1400 3565 libri
1484 3511 1580 3563 ὑπὸ
1612 3520 1664 3563 ut
1690 3516 1868 3562 videtur
1895 3515 1939 3560 H
2053 3517 2109 3561 22
2139 3511 2354 3572 πόλεμος

254 3593 424 3639 Reiske
454 3605 510 3637 ex
538 3592 748 3649 Interpr„
779 3586 975 3644 ἔπαινος
1004 3590 1108 3635 libri
1195 3592 1252 3634 24
1282 3580 1435 3642 οὕτως
1463 3587 1506 3634 U
1525 3601 1584 3632 m.
1605 3600 1674 3645 pr.
1763 3591 1817 3635 25
1847 3585 1905 3634 τὸ
1936 3585 2025 3643 μὲν
2054 3586 2096 3632 H
2115 3599 2175 3631 m.
2195 3599 2267 3643 pr.

253 3661 375 3720 μετὰ
404 3663 484 3709 UB
602 3666 655 3708 28
687 3678 756 3716 τις
783 3665 888 3719 post
915 3662 1133 3721 μυριάκις
1161 3659 1265 3705 add.
1299 3658 1452 3707 Gasda
1590 3661 1646 3703 29
1677 3653 1785 3705 οὐδὲ
1813 3658 1962 3715 Εωρ.,
1993 3652 2105 3704 οὔτε
2135 3656 2240 3702 libri

256 3739 310 3779 30
341 3730 538 3781 πάντων
566 3734 616 3778 Μ
730 3730 760 3792 ἢ
789 3732 840 3791 δή
873 3745 982 3789 mrg.
1017 3731 1055 3777 U
1086 3731 1211 3791 (quid
1241 3731 1324 3786 132³)
1441 3728 1647 3788 σμικρὸν
1682 3730 1721 3773 Β

340 3811 436 3848 ΒΙΟ.
459 3811 509 3848 ΙΙ.
1962 3800 2012 3843 13
