2684 4140
389 263 492 313 306
638 267 641 270 ’
1118 254 1324 299 DIONIS
1355 252 1756 299 CHARIDEMUS

381 409 648 474 γέστερον
699 399 763 454 δέ
814 402 969 451 ἐστιν
1018 400 1229 450 ἐκείνου
1279 395 1425 448 πολὺ
1473 400 1567 449 καὶ
1613 399 2044 468 καθαρώτερον,
2093 401 2169 460 ὡς
2219 399 2284 449 ἂν
2326 398 2489 464 οἶμαι

296 493 366 543 45
386 490 558 548 θείας
598 489 658 538 ὃν
683 487 777 537 καὶ
802 478 1056 554 ἀληθοῦς
1082 481 1474 553 εὐφροσύνης’.
1503 510 1571 518 -
1597 485 1665 534 Δ.
1693 485 1921 547 Παπαῖ,
1950 482 1992 533 ὦ
2020 481 2337 553 Χαρίδημε,
2368 484 2490 546 οἷος

394 575 470 624 ὢν
508 575 641 642 ήμῖν
667 570 962 639 τέθνηκας,
1003 569 1080 629 ὡς
1108 565 1255 618 πολὺ
1294 566 1405 619 τῶν
1429 569 1571 619 κατὰ
1602 571 1806 620 σαυτὸν
1836 562 2163 638 ἀνθρώπων
2190 567 2484 638 ὑπερέξειν

386 655 639 725 ἔμελλες,
692 656 816 707 οἷαν
857 650 921 706 δὲ
958 655 1053 706 καὶ
1088 652 1168 721 τῷ
1207 655 1384 723 πατρὶ
1421 655 1515 705 καὶ
1551 659 1673 715 τοῖς
1721 651 1992 715 πολίταις
2029 651 2310 717 ἐπίδειξιν
2353 667 2483 704 σαυ·

386 748 489 793 τοΰ
524 745 826 810 παρέσχου,
866 740 944 806 μοὶ
981 732 1080 790 Δί’
1125 740 1187 789 οὐ
1228 737 1422 806 λόγων,
1463 733 1605 790 ἀλλὰ
1643 734 1890 811 μεγάλης
1925 742 2019 792 καὶ
2056 734 2338 810 ἀληθινῆς
2382 733 2474 791 ἆν-
2512 751 2535 791 5

387 825 594 897 ὀρείας.
669 827 774 893 ἐγὼ
813 822 920 892 μὲν
971 825 1068 875 οὐκ
1105 826 1210 890 ἔχω
1261 828 1422 886 ὅπως
1471 826 1984 895 παραμυθήσωμαι
2029 828 2173 892 ὑμᾶς
2223 827 2484 876 τοιούτου

389 912 769 981 στερηθέντας
804 912 877 982 μὴ
918 911 1138 980 βαρέως
1178 914 1387 981 φέρειν.
1467 907 1599 963 οὐδὲ
1649 911 1753 980 γὰρ
1808 913 2048 977 ἐμαυτὸν
2096 911 2216 972 οἷός
2267 914 2330 961 τέ
2368 913 2486 976 εἰμι

299 1000 368 1051 46
391 999 594 1058 ἱκανῶς
621 997 1168 1067 παραμυθήσασθαι
1204 998 1262 1047 ἐν
1289 995 1370 1064 τῷ
1396 998 1654 1065 παρόντι.
1723 998 1788 1046 σύ
1831 994 1907 1059 δέ,
1947 995 1990 1046 ὦ
2026 997 2288 1064 Τίμαρχε,
2316 998 2489 1061 μόνος

387 1080 627 1133 δύνασαι
675 1083 772 1132 τὸν
820 1085 1042 1150 πατέρα
1091 1087 1289 1132 τοῦτον
1324 1078 1615 1153 κουφίζειν
1653 1084 1748 1133 καὶ
1795 1083 2141 1151 θεραπεύειν
2183 1082 2356 1132 αὐτοῦ
2390 1083 2489 1152 τήν

386 1159 649 1233 ἆτυχίαν,
675 1167 772 1218 ε’ἁν
809 1164 948 1236 μέλῃ
990 1181 1083 1218 σοι
1118 1169 1192 1239 μή
1235 1165 1381 1218 πολὺ
1436 1169 1648 1219 ἐκείνου
1686 1164 2102 1236 καταδεεστέρῳ
2147 1166 2482 1238 φαίνεσθαι.
2523 1172 2569 1214 10

385 1254 480 1304 καὶ
513 1253 620 1322 γὰρ
649 1254 885 1316 ἄτοπον,
924 1253 975 1303 εἰ
1013 1254 1112 1323 τήν
1149 1249 1255 1318 μὲν
1285 1253 1483 1304 οὐσίαν
1512 1253 1685 1303 αὐτοῦ
1721 1253 1820 1322 τὴν
1856 1248 1964 1318 μὲν
1989 1250 2093 1322 ἤδη
2123 1249 2488 1321 παρείληφας
2516 1261 2593 1302 (310
2607 1259 2661 1302 Μ)

386 1341 666 1409 τοσαύτην
706 1339 905 1402 οὖσαν,
945 1340 1043 1409 τὴν
1084 1334 1147 1390 δὲ
1189 1338 1363 1400 αὖθις
1404 1336 1556 1408 λήψῃ
1608 1336 1773 1389 τοῦδε
1823 1331 2251 1401 ἀποθανόντος,
2290 1338 2389 1406 τὴν
2429 1333 2488 1386 δὲ

391 1426 763 1494 σωφροσύνην
800 1425 895 1475 καὶ
930 1425 994 1474 τὸ
1022 1424 1245 1493 θάρσος
1269 1425 1364 1475 καὶ
1402 1426 1465 1474 τὸ
1502 1422 1612 1475 τῶν
1637 1421 1956 1475 καλλίστων
1981 1423 2303 1493 ἐρασθῆναι
2343 1415 2488 1492 ἀφή-

392 1522 526 1573 σεις,
567 1511 644 1571 ὡς
679 1508 822 1561 κατά
859 1525 920 1576 γε
957 1516 1132 1560 ταῦτα
1172 1505 1338 1562 οὐδὲν
1376 1511 1565 1578 ἐκείνῳ
1608 1511 1925 1579 προσήκων.

534 1694 558 1734 2
590 1685 885 1751 εὐφροσύνης
914 1688 1086 1746 scripsi,
1118 1685 1432 1749 σωφροσύνης
1461 1689 1580 1745 libri,
1612 1703 1701 1746 quo
1731 1689 1836 1734 vitio
1866 1687 2156 1746 pulchritudo
2187 1686 2275 1732 loci
2305 1685 2490 1730 nimium

392 1764 609 1822 quantum
641 1761 974 1806 obscurabatur
1087 1764 1112 1804 5
1143 1760 1390 1821 παρέσχου
1419 1761 1594 1817 scripsi,
1625 1760 1863 1819 παρέσχες
1891 1759 1992 1804 libri
2108 1752 2305 1817 ἀνδρίας
2333 1757 2373 1802 U

391 1837 416 1878 9
447 1828 618 1879 δύνασε
646 1832 698 1877 Μ
817 1836 867 1876 12
899 1831 1039 1892 λήψει
1068 1832 1118 1876 Μ
