2684 4140
359 272 461 320 302
1098 265 1306 311 DIONIS
1335 263 1737 312 CHARIDEMUS
2669 271 2676 356 ἱ

359 417 784 484 εἰργασμένους·
838 412 1049 477 ὁμοίως
1097 416 1383 479 γεγονέναι
1433 413 1529 462 τὸν
1566 415 1776 479 κόσμον
1817 415 1899 475 εἰς
1948 412 2232 486 ὑποδοχήν
2270 434 2329 467 τε
2366 419 2459 469 καὶ

357 499 706 568 εὐφροσύνην
748 497 1092 565 ἀνθρώπων,
1141 495 1323 568 εὐειδῆ
1362 499 1455 548 καὶ
1506 495 1767 549 ποικίλον
1816 500 2051 569 ἄστροις
2089 518 2148 551 τε
2184 503 2278 552 καὶ
2314 499 2453 572 ἡλίῳ

358 585 453 634 καὶ
493 579 691 651 σελήνῃ
728 582 822 632 καὶ
860 588 929 650 γῇ
964 583 1058 632 καὶ
1082 579 1342 651 θαλάττῃ
1380 583 1475 634 καὶ
1514 587 1731 652 φυτοῖς,
1773 585 1807 633 ἃ
1847 582 1910 655 δὴ
1952 591 2055 635 τοῦ
2088 586 2244 637 θεῶν
2283 585 2457 638 πλού-

272 671 339 723 29
366 683 464 717 του
502 668 596 717 καὶ
626 670 819 735 τέχνης
855 673 956 737 τῆς
980 667 1205 718 ἐκείνων
1232 668 1402 718 ἐστίν.
1478 669 1936 737 παραγίγνεσθαι
1978 667 2036 721 δὲ
2065 673 2196 733 τούς
2234 672 2458 741 ἀνθρώ-

357 768 503 812 πους
540 752 622 812 εἰς
662 751 829 802 αὐτὸν
869 753 1268 820 ἑορτάσοντας,
1306 754 1419 803 ὑπὸ
1459 759 1562 803 τοῦ
1606 751 1888 820 βασιλέως
1924 761 2035 807 τῶν
2073 757 2228 808 θεῶν
2265 755 2453 828 κεκλη-
2490 766 2514 806 5

358 840 561 902 μένους
599 828 697 886 ἐπ’
740 837 976 901 εὐωχίαν
1026 837 1151 887 τινὰ
1189 839 1283 888 καὶ
1320 839 1526 908 θοίνην
1567 836 1857 908 λαμπράν,
1897 841 2165 892 ἀπάντων
2205 834 2457 893 ἀπολαύ-

363 936 565 982 σοντας
602 927 713 972 τῶν
754 914 1006 988 ἀγαθῶν.
1081 924 1461 974 κατακεῖσθαι
1500 921 1558 974 δὲ
1596 922 1800 986 ἄλλους
1827 920 2055 995 ἀλλαχῇ,
2093 927 2361 995 καθάπερ
2401 929 2459 978 ἐν

365 1005 595 1074 δείπνῳ,
635 1009 767 1068 τούς
790 1009 892 1073 μὲν
931 1000 1228 1073 ἀμείνονος
1261 1010 1465 1078 χώρας,
1511 1011 1642 1072 τοὺς
1683 1007 1741 1061 δὲ
1783 1008 2137 1080 φαυλοτέρας
2174 1015 2455 1077 τυχόντας.
2485 1021 2654 1066 (55831

360 1091 507 1143 εἶναι
549 1090 607 1143 δὲ
657 1095 844 1143 πάντα
896 1095 1065 1158 ὅμοια
1115 1098 1238 1155 τοῖς
1286 1088 1428 1163 παρ’
1471 1099 1601 1163 ἡμῖν
1649 1100 2000 1163 γιγνομένοις
2049 1098 2107 1148 ἐν
2156 1102 2282 1159 ταῖς
2319 1099 2458 1148 ὑπο·
2489 1109 2626 1151 (εοθΜ)

362 1175 571 1243 δοχαῖς,
611 1174 758 1247 πλὴν
798 1180 874 1240 ὡς
911 1184 1134 1248 μικροῖς
1182 1182 1277 1232 καὶ
1323 1171 1577 1248 ἀγεννέσι
1624 1182 1763 1232 θεῖα
1811 1183 1905 1233 καὶ
1952 1180 2166 1250 μεγάλα
2217 1184 2455 1235 εἰκάσαι.
2494 1190 2542 1232 10
2595 1220 2599 1223 -

361 1269 491 1333 φῶς
533 1281 594 1315 τε
630 1265 733 1334 γὰρ
775 1258 959 1334 [παρ’]
998 1269 1128 1334 ἡμῖν
1168 1270 1435 1336 παρέχειν
1473 1268 1605 1328 τοὺς
1641 1268 1818 1329 θεοὺς
1857 1266 2046 1319 διττὸν
2087 1266 2180 1319 διὰ
2209 1266 2461 1338 λαμπτή-

364 1366 478 1418 ρων
518 1356 710 1413 τινῶν,
750 1352 876 1401 τοτὲ
916 1353 1017 1416 μὲν
1058 1348 1279 1414 πλεῖον,
1330 1354 1456 1402 τοτὲ
1499 1349 1556 1402 δὲ
1597 1350 1857 1413 ἔλαττον,
1897 1356 1959 1404 τὸ
1999 1355 2101 1419 μὲν
2139 1355 2359 1416 νυκτός,
2400 1355 2462 1403 τὸ

274 1436 342 1487 30
367 1432 426 1484 δὲ
465 1438 706 1505 ἡμέρας·
747 1438 841 1487 καὶ
879 1439 1273 1506 παρακεῖσθαι
1314 1435 1376 1508 δὴ
1424 1434 1707 1507 τραπέζας
1745 1440 1974 1489 πάντων
2011 1441 2252 1504 μεστάς,
2306 1440 2463 1488 σίτου

363 1537 425 1570 τε
470 1522 564 1571 καὶ
603 1522 861 1591 ὀπώρας,
912 1530 1010 1593 τῆς
1059 1524 1160 1587 μὲν
1201 1524 1547 1588 αὐτομάτου,
1597 1531 1696 1594 τῆς
1736 1521 1794 1574 δὲ
1834 1525 2229 1594 εἰργασμένης,
2280 1525 2365 1575 ἔτι
2405 1522 2463 1574 δὲ

357 1607 452 1656 καὶ
487 1611 679 1674 κρεῶν,
719 1613 830 1658 τῶν
868 1609 969 1673 μὲν
995 1612 1231 1677 ἡμέρων,
1272 1614 1382 1659 τῶν
1423 1607 1480 1659 δὲ
1523 1601 1750 1678 ἀγρίων,
1791 1610 1852 1659 οὐ
1892 1611 2000 1680 μὴν
2039 1602 2181 1660 ἀλλὰ
2218 1610 2312 1660 καὶ
2349 1606 2458 1659 τῶν
2499 1616 2544 1657 15

362 1693 422 1741 ἐκ
461 1689 768 1762 θαλάττης.
846 1691 994 1743 εἶναι
1033 1691 1091 1743 δὲ
1131 1694 1232 1754 τὰς
1271 1689 1553 1762 τραπέζας
1592 1695 1728 1764 ἔφη,
1769 1696 1917 1744 πάνυ
1958 1688 2233 1763 ἀγροίκως
2273 1691 2461 1761 λέγων,

363 1779 495 1838 τούς
533 1795 592 1828 τε
634 1775 909 1844 λειμῶνας
945 1780 1040 1829 καὶ
1078 1777 1250 1829 πεδία
1298 1780 1392 1829 καὶ
1429 1781 1616 1840 νάπας
1653 1780 1747 1829 καὶ
1784 1771 1982 1842 ἀκτάς,
2034 1781 2091 1829 ἐν
2133 1778 2219 1839 οἷς
2256 1779 2324 1828 τοὶ
2362 1780 2463 1843 μὲν

367 1863 644 1931 φύεσθαι,
671 1864 740 1913 τοὶ
771 1861 829 1914 δὲ
857 1865 1154 1930 νέμεσθαι,
1181 1865 1250 1914 τὰ
1280 1862 1339 1915 δὲ
1366 1865 1689 1934 θηρᾶσθαι.
1743 1861 1884 1914 ἄλλα
1915 1861 1973 1914 δὲ
2004 1861 2199 1924 ἄλλοις
2226 1860 2462 1914 πλείονα

361 1952 645 2015 παρεῖναι,
687 1950 832 2015 πρὸς
872 1949 964 2010 αἷς
1001 1951 1068 2000 ἂν
1096 1952 1324 2000 ἕκαστοι
1349 1945 1658 2018 τραπέζαις
1682 1946 2121 2000 κατακλιθῶσιν.
2195 1949 2326 2009 τούς
2363 1949 2463 2013 μὲν

360 2034 465 2101 γὰρ
507 2035 652 2102 πρὸς
701 2031 960 2103 θαλάττῃ
1010 2039 1221 2100 τυχεῖν,
1272 2036 1403 2096 τοὺς
1453 2031 1511 2084 δὲ
1559 2036 1705 2103 πρὸς
1743 2032 1993 2097 πεδίοις,
2043 2035 2175 2095 τοὺς
2215 2031 2273 2083 δὲ
2314 2034 2458 2102 πρὸς
2495 2040 2543 2082 20

279 2121 338 2171 31
371 2120 543 2186 ὄρεσι.
623 2117 1021 2170 διακονεῖσθαι
1074 2117 1132 2170 δὲ
1182 2121 1284 2181 τὰς
1320 2113 1516 2189 (Ώρας,
1571 2119 1663 2170 οἶα
1718 2117 1781 2189 δὴ
1822 2121 2106 2180 νεωτάτας
2147 2119 2318 2180 οὔσας
2355 2124 2466 2170 τῶν

365 2205 539 2267 θεῶν,
581 2205 644 2254 εὖ
677 2207 778 2271 μὲν
817 2206 1228 2271 ἀμπεχομένας,
1267 2203 1442 2266 καλὰς
1481 2203 1540 2255 δὲ
1581 2202 1738 2268 ἰδεῖν,
1783 2205 1906 2255 οὔτι
1943 2220 2055 2254 που
2088 2202 2276 2272 χρυσῷ
2315 2220 2466 2254 κεκο-

371 2295 675 2360 σμημένας,
717 2288 858 2340 ἀλλὰ
887 2292 1175 2341 παντοίων
1204 2291 1400 2341 ἀνθῶν
1431 2293 1749 2360 στεφάνοις.
1815 2288 2099 2355 διανέμειν
2129 2287 2187 2340 δὲ
2225 2291 2319 2339 καὶ
2356 2295 2465 2339 τῶν

374 2377 569 2427 ἀνθῶν
599 2377 796 2439 αὐτῶν,
823 2378 917 2427 καὶ
942 2374 1117 2426 τᾶλλα
1146 2373 1555 2442 ἐπιμελεῖσθαι
1581 2383 1679 2446 τῆς
1707 2377 2031 2438 ἑστιάσεως,
2059 2375 2128 2425 τὰ
2154 2376 2254 2440 μὲν
2282 2390 2463 2442 παρα-

367 2462 650 2525 τιθείσας,
689 2463 758 2512 τοὶ
800 2459 858 2512 δὲ
889 2463 1159 2527 αἰρούσας
1195 2462 1335 2511 κατὰ
1362 2464 1571 2529 καιρόν.
1636 2462 1937 2528 γίγνεσθαι
1977 2459 2035 2511 δὲ
2074 2456 2225 2528 (καὶ)
2256 2461 2460 2528 χοροὺς
2497 2469 2544 2509 25

287 2547 353 2599 32
374 2549 468 2598 καὶ
505 2549 603 2617 τὴν
643 2545 814 2616 ἄλλην
865 2547 1183 2597 εὐπάθειαν
1235 2548 1480 2596 ἅπασαν.
1555 2547 1652 2596 τὸν
1698 2549 1894 2611 μέντοι
1932 2547 2108 2596 πόνον
2147 2550 2362 2608 τοῦτον,
2404 2544 2464 2594 ὃν

369 2634 514 2698 ἔχειν
555 2631 822 2698 δοκοῦμεν
870 2629 988 2699 <ἐν>
1034 2633 1331 2701 γεωργίαις
1378 2648 1439 2681 τε
1474 2633 1569 2681 καὶ
1606 2632 1818 2701 θήραις
1853 2633 1947 2681 καὶ
1987 2631 2272 2701 φυτείαις,
2319 2628 2678 2683 εἶναιῶδεΒΠ)

370 2725 643 2769 τοσοῦτον
695 2721 827 2769 ὅσον
876 2722 997 2779 τοῖς
1044 2721 1465 2783 κατακειμένοις
1512 2718 1575 2766 τὸ
1624 2714 2023 2786 ἐπορέξασθαί
2069 2732 2223 2777 τινος
2270 2717 2363 2766 καὶ
2400 2713 2467 2784 τῇ

367 2807 514 2874 χειρὶ
555 2803 760 2871 λαβεῖν.
838 2804 868 2854 ὅ
908 2801 966 2854 δὲ
1007 2804 1176 2873 ἔφην,
1228 2800 1397 2853 ἄλλον
1447 2799 1660 2871 ἀλλαχῇ
1696 2803 2100 2865 κατακεῖσθαι,
2139 2803 2338 2850 τούτου
2376 2801 2469 2850 καὶ

522 3048 541 3086 1
578 3042 911 3103 εἰργασμέναις
939 3042 1028 3085 ΒΜ
1072 3039 1386 3100 εἰργασμένας
1419 3038 1479 3091 U,
1521 3037 1860 3098 εἰργασμένους
1900 3036 2093 3081 Casaub.
2270 3031 2391 3087 οἵαις
2420 3034 2470 3078 Μ

374 3110 568 3170 ὁμοίαις
597 3114 690 3166 UB,
726 3115 906 3171 ὁμοίως
936 3113 974 3156 Τ
1091 3116 1118 3156 4
1148 3110 1252 3158 ε’στί
1272 3110 1314 3156 U
1431 3113 1456 3153 6
1487 3103 1854 3162 ἀπολαύσοντας
1883 3121 1968 3152 om.
2001 3107 2051 3150 M
2072 3121 2128 3150 m.
2159 3120 2224 3162 pr.
2257 3105 2468 3162 (spatium

372 3186 492 3241 expl.
524 3198 552 3228 a
583 3190 716 3239 corr.)
835 3189 857 3227 7
889 3180 1156 3242 καθώσπερ
1187 3183 1235 3227 Μ
1352 3187 1376 3227 8
1407 3176 1677 3239 ἀμείνωνος
1707 3180 1754 3223 Μ
1888 3183 1938 3223 10
1970 3173 2158 3225 εἰκάσαι
2188 3190 2274 3221 om.
2308 3177 2354 3219 M

380 3259 426 3299 11
462 3249 581 3314 παρ’
614 3256 775 3299 delevit
804 3256 1014 3300 Reiskius
1135 3258 1185 3299 12
1217 3250 1332 3300 τότε
1361 3254 1430 3298 bis
1461 3253 1500 3297 U
1594 3256 1643 3296 14
1677 3249 1968 3310 ἐργασμένης
1998 3251 2047 3292 Μ
2146 3253 2195 3292 15
2229 3242 2284 3293 οὐ
2313 3243 2469 3303 μόνον

372 3330 472 3382 (pro
504 3321 561 3371 οὗ
589 3322 695 3383 μὴν)
728 3327 883 3382 Emp.;
916 3340 1006 3371 non
1036 3327 1180 3382 probo
1309 3329 1356 3369 17
1389 3327 1596 3380 λιμῶνας
1626 3323 1675 3366 Μ
1818 3320 1946 3375 ἐνοῖς
1975 3321 2017 3366 U
2168 3322 2216 3362 19
2245 3319 2467 3363 κατακλι-

372 3400 499 3443 θῶσι
529 3398 567 3440 Β
741 3401 795 3440 20
826 3405 982 3455 τυχεῖν
1012 3398 1104 3442 scil.
1135 3397 1566 3453 κατακεκλιμένους
1595 3394 1806 3440 Reiskius
1980 3395 2034 3436 22
2067 3387 2170 3438 οὔτι
2199 3405 2275 3435 πω
2306 3388 2353 3430 Μ

375 3472 434 3512 25
466 3470 686 3527 γίνεσθαι
718 3468 755 3510 Β
871 3471 950 3513 καὶ
980 3468 1083 3512 add.
1116 3468 1329 3512 Reiskius
1471 3463 1669 3526 καιροὺς
1700 3468 1940 3521 (superscr.
1971 3466 2050 3521 χο)
2079 3462 2119 3506 U
2263 3463 2316 3503 26
2347 3452 2468 3504 ἀπά-

374 3543 518 3586 θειαν
549 3538 589 3583 U
707 3535 762 3584 τὸ
796 3553 876 3595 pro
909 3536 996 3584 τὸν
1026 3539 1075 3582 Μ
1191 3536 1347 3585 πόνον
1378 3538 1426 3582 Μ
1455 3535 1612 3584 τόπον
1633 3536 1713 3580 UB
1809 3538 1859 3578 27
1893 3533 1945 3580 ἐν
1973 3532 2157 3584 inserui,
2187 3528 2307 3586 quod
2335 3527 2469 3572 facile

373 3609 530 3666 potuit
562 3609 705 3653 omitti
879 3613 931 3654 29
964 3601 1001 3668 ᾦ
1033 3610 1081 3655 δὲ
1114 3611 1177 3666 Β,
1219 3603 1277 3655 ῶι
1306 3610 1354 3656 δὲ
1383 3609 1423 3654 U
1596 3604 1712 3666 ἔφην
1741 3607 1790 3651 Μ
1821 3602 1909 3664 ἔφη
1947 3604 2044 3658 UB;
2091 3603 2331 3655 utrumque
2361 3597 2470 3642 ferri

380 3684 547 3737 potest,
578 3680 656 3725 sed
687 3682 948 3737 praeplacet
976 3680 1109 3725 lectio
1141 3680 1190 3723 M
1305 3678 1490 3738 ἀλλαχῇ
1517 3679 1573 3723 de
1603 3678 1749 3731 modo,
1781 3689 1871 3721 non
1902 3675 2090 3727 deloco,
2122 3675 2172 3715 ut
2193 3671 2320 3723 solet,
2351 3669 2468 3713 vide-

374 3757 451 3796 tur
478 3763 723 3807 usurpasse
