2684 4140
365 232 466 279 154
1061 219 1302 275 [DIONIS]
1335 219 1419 262 DE
1453 217 1749 262 FORTUNA

360 370 647 439 ἀληθινόν.
742 360 1126 432 ἀποθνῄσκων
1187 359 1244 411 δὲ
1302 362 1395 411 καὶ
1451 363 1600 411 πάνυ
1658 358 1984 429 ὡμολόγησε
2032 356 2275 429 μεγάλην
2325 361 2449 411 τινὰ

361 453 530 503 οὖσαν
565 451 658 500 καὶ
695 448 952 516 ἀνίκητον
991 447 1068 507 ὡς
1106 442 1340 513 ἀληθῶς
1377 441 1476 514 τὴν
1504 447 1684 514 τύχην.
1750 447 1960 505 ἐκεῖνος
1985 450 2118 511 γοῦν
2156 439 2245 511 <ὁ>
2283 446 2448 514 ἐκφυ-

357 536 467 602 γὼν
503 534 594 582 καὶ
631 533 694 581 τὸ
727 531 992 600 Θηβαίων
1021 528 1311 580 ὁπλιτικὸν
1350 531 1443 580 καὶ
1479 531 1542 579 τὸ
1576 527 1883 579 Θεσσαλῶν
1915 531 2153 580 ἱππικὸν
2190 530 2283 579 καὶ
2321 531 2451 591 τούς

356 616 686 676 ἀκοντιστάς
731 611 1035 675 Αἰτωλούς
1081 616 1175 665 καὶ
1218 615 1349 675 τούς
1396 617 1859 684 μαχαιροφόρους
1914 612 2141 682 Θρᾷκας
2189 615 2282 664 καὶ
2319 617 2450 676 τούς

352 703 628 768 μαχίμους
652 700 882 767 Πέρσας
906 700 999 749 καὶ
1036 700 1099 748 τὸ
1138 705 1249 749 τῶν
1289 699 1517 764 ἀμάχων
1544 696 1764 768 Μήδιον
1789 703 1948 766 γένος
1971 700 2065 749 καὶ
2095 700 2192 768 ὅρη
2231 697 2444 766 μεγάλα

351 788 444 837 καὶ
481 785 773 849 ποταμούς
811 778 1192 852 [ἀδιαβάτους]
1218 786 1311 835 καὶ
1335 785 1611 854 κρημνούς
1638 785 2063 854 ἀνυπερβάτους
2087 785 2181 834 καὶ
2205 785 2450 852 Δαρεῖον

351 872 444 921 καὶ
479 870 686 939 Πῶρον
722 870 817 920 καὶ
853 866 1038 919 πολλὰ
1079 866 1219 919 ἄλλα
1262 865 1446 920 ἐθνῶν
1484 871 1577 920 καὶ
1614 867 1896 936 βασιλέων
1936 871 2201 935 ὀνόματα,
2241 871 2299 920 ἐν
2338 871 2450 919 Βα-

269 957 336 1008 22
355 952 563 1022 βυλῶνι
601 956 729 1005 ἄνευ
771 955 951 1024 μάχης
987 956 1082 1005 καὶ
1118 956 1451 1023 τραυμάτων
1492 957 1523 1004 ὁ
1565 957 1912 1024 στρατιώτης
1951 955 2207 1023 ἔθνῃσκε.
2296 955 2352 1004 τί
2391 952 2449 1004 δὲ

357 1038 450 1090 δεῖ
481 1037 658 1106 λέγειν
695 1041 827 1100 τούς
867 1036 1301 1105 διαδεξαμένους
1350 1036 1448 1109 τὴν
1497 1037 1792 1106 βασιλείαν
1829 1041 1860 1109 ἢ
1903 1041 2034 1100 τούς
2072 1031 2171 1090 ἐπ’
2216 1041 2450 1101 ἐκείνοις

351 1128 680 1193 γενομένους
704 1126 798 1175 καὶ
836 1125 904 1175 τὰ
934 1121 1232 1188 ἀλαζονικὰ
1262 1126 1443 1175 αὐτῶν
1472 1127 1736 1191 ὀνόματα,
1775 1127 2075 1194 κεραυνοὺς
2100 1127 2194 1176 καὶ
2220 1123 2452 1193 πολιορ-

350 1211 521 1279 κητὰς
557 1211 650 1261 καὶ
687 1210 885 1271 ἀετούς
921 1212 1015 1261 καὶ
1051 1212 1258 1273 θεούς,·
1297 1210 1372 1261 ὧν
1411 1213 1507 1261 τὸν
1544 1213 1645 1276 μὲν
1685 1212 1715 1261 ὁ
1739 1212 1994 1272 θάνατος
2031 1207 2280 1280 ἤλεγξεν·
2322 1211 2353 1260 ὁ
2393 1208 2450 1260 δὲ

352 1293 710 1365 ὑψηλοτέραν
749 1294 871 1365 εὗρε
910 1292 1008 1366 τὴν
1046 1298 1227 1366 τύχην,
1267 1297 1455 1347 καίτοι
1481 1292 1652 1366 πεζὴν
1681 1294 1885 1347 δοκῶν·
1927 1298 1958 1346 0‘
1987 1294 2045 1346 δὲ
2076 1293 2452 1366 πολιορκητὴς

354 1382 680 1450 Δημήτριος
719 1378 1073 1446 αἰχμάλωτος
1110 1383 1405 1448 γενόμενος
1443 1378 1504 1444 ἐξ
1532 1380 1686 1431 οἴνου
1713 1382 1807 1432 καὶ
1842 1381 2029 1450 μέθης
2058 1381 2273 1447 ἀτίμως
2313 1382 2451 1431 ἀπέ-

351 1467 554 1526 θανεν,
603 1467 715 1516 ὑπὸ
766 1472 864 1536 τῆς
902 1467 1067 1535 τύχης
1107 1463 1597 1533 πολιορκούμενος.
1685 1467 1743 1516 τί
1781 1466 1876 1516 οὖν
1917 1468 1973 1515 οἱ
2011 1468 2273 1536 τύραννοι
2310 1470 2451 1533 μέγα

2650 215 2657 229 -
2627 195 2630 197 ·
2604 0 2658 182 stiffi

2494 1131 2537 1171 10

354 1557 658 1621 φρονοῦσιν
696 1552 795 1601 ἐπὶ
842 1554 963 1611 τοῖς
1000 1552 1238 1616 τείχεσι,·
1286 1552 1344 1601 τί
1393 1549 1451 1602 δὲ
1484 1545 1744 1622 Ἀμφίων
1793 1545 1947 1620 ᾄδει,·
1996 1553 2054 1602 τί
2103 1549 2161 1602 δὲ
2199 1553 2449 1621 Δηιόκης
2487 1558 2534 1600 15

352 1640 546 1698 πονεῖ,·
595 1637 652 1685 τί
701 1633 758 1685 δὲ
797 1637 1108 1704 Σεμίραμις
1148 1634 1465 1701 οἰκοδομεῖ,·
1513 1638 1570 1686 τί
1609 1635 1667 1687 δὲ
1709 1638 1739 1687 ὁ
1770 1630 2065 1687 Ἀπόλλων
2111 1638 2450 1706 μισθαρνεῖ,
2468 1645 2663 1690 (339311)

351 1722 408 1771 τί
446 1719 504 1771 δὲ
542 1721 682 1786 μετὰ
731 1727 834 1770 τοῦ
881 1718 1104 1782 λέοντος
1153 1719 1358 1790 Μήλης
1409 1724 1472 1771 τὸ
1522 1726 1705 1786 τεῖχος
1756 1726 2141 1790 περιέρχεται,·
2186 1723 2453 1791 κρατήσει

350 1806 452 1876 γὰρ
493 1804 711 1875 Μήδων
739 1807 924 1874 Κῦρος
961 1807 1054 1856 καὶ
1080 1803 1458 1873 Βαβυλωνίων
1486 1808 1765 1873 Ζώπυρος
1802 1809 1896 1857 καὶ
1920 1805 2183 1876 Σάρδεων
2216 1805 2452 1876 Μάρδος

266 1890 334 1942 23
353 1893 446 1942 καὶ
471 1892 679 1956 Τροίας
717 1893 748 1941 ὁ
786 1892 982 1952 ἵππος.
1048 1889 1256 1961 μεγάλη
1298 1892 1400 1961 γὰρ
1429 1894 1598 1963 ῥοπή,
1638 1890 1851 1958 μᾶλλον
1882 1890 1939 1943 δὲ
1979 1888 2103 1959 <τὸ>
2139 1889 2284 1954 ὅλον,
2326 1890 2456 1942 εἶπέ

350 1995 454 2040 τις,
492 1980 523 2047 ή
564 1979 713 2046 τύχη.
791 1978 926 2046 αὕτη
966 1978 1059 2027 καὶ
1095 1974 1385 2046 Πίνδαρον
1424 1976 1579 2046 εὗρεν
1618 1979 1930 2044 ἐκκείμενον
1969 1979 2026 2028 ἐν
2065 1979 2320 2046 Βοιωτίᾳ
2356 1979 2450 2028 καὶ
2487 1988 2534 2029 20

358 2059 615 2132 Τήλεφον
654 2064 711 2112 έν
745 2055 1011 2131 Ἀρκαδίᾳ
1047 2063 1141 2112 καὶ
1178 2065 1308 2124 τούς
1357 2060 1614 2129 βασιλεῖς
1646 2057 1932 2130 Ῥωμαίων
1982 2065 2040 2114 ἐν
2073 2057 2306 2131 Ἰταλίᾳ·
2361 2064 2456 2113 καὶ

353 2147 433 2214 τῷ
470 2149 570 2212 μὲν
609 2148 835 2214 ἔπεμψε
872 2145 1152 2213 μελίττας,
1210 2152 1332 2209 τοῖς
1373 2146 1431 2198 δὲ
1473 2152 1778 2214 ποιμένας,
1843 2146 2081 2219 Τηλέφῳ
2125 2147 2183 2199 δὲ
2222 2146 2452 2218 ἔλαφον,

354 2233 519 2300 Κύρῳ
565 2229 622 2282 δὲ
661 2222 693 2301 ἢ
732 2234 864 2282 κύνα
903 2222 935 2301 ἢ
975 2236 1220 2299 γυναῖκα.
1286 2233 1534 2303 Εὐμένης
1559 2230 1624 2302 ἦν
1664 2231 1923 2299 ἁμαξέως
1951 2235 2090 2297 υἱός,
2132 2226 2256 2283 ἀλλ>
2301 2236 2452 2299 ὅμως
2478 2244 2621 2286 (599111)

352 2314 619 2383 βασιλεὺς
644 2318 876 2384 ἐγένετο,
899 2310 1171 2387 (Ηρακλῆς
1192 2310 1557 2385 Ἀλεξάνδρου
1586 2323 1742 2382 παῖς,
1784 2312 1908 2368 ἀλλ’
1942 2320 2038 2369 οὐκ
2063 2317 2423 2385 ἐβασίλευσεν
2440 2330 2453 2341 ·

355 2404 577 2472 ἄταφος
615 2409 745 2469 γοῦν
765 2396 1108 2468 Ὀλυμπιάδι
1145 2404 1443 2473 ἐκομίσθη,
1482 2405 1575 2454 καὶ
1601 2405 1944 2474 πενθήσασα
1977 2405 2143 2455 αὐτὸν
2180 2407 2274 2456 καὶ
2311 2406 2444 2475 αὐτή
2487 2414 2532 2454 25

269 2486 336 2536 24
358 2485 711 2557 ἐτελεύτησεν
748 2492 779 2556 ή
821 2490 1000 2557 μήτηρ
1039 2494 1141 2538 τοῦ
1175 2489 1333 2539 θεοῦ.
1397 2490 1645 2557 Δαρείου
1688 2487 1746 2540 δὲ
1785 2494 1816 2559 ή
1857 2492 2036 2560 μήτηρ
2075 2492 2168 2540 καὶ
2199 2483 2453 2552 Ἀλέξαν-

358 2571 489 2642 δρον
528 2575 910 2642 προσεκύνησε
936 2575 1029 2624 καὶ
1054 2576 1116 2623 τὸ
1146 2575 1479 2642 ἀτιμότερον
1500 2567 1909 2644 Ἡφαιστίωνα.
1975 2576 2032 2625 τί
2071 2573 2129 2624 δὲ
2159 2576 2190 2624 ὁ
2214 2575 2453 2641 Λιβύων

355 2655 649 2724 βασιλεύς,
689 2659 750 2707 ού
780 2660 1156 2720 πεντακοσίας
1180 2661 1281 2724 μὲν
1312 2657 1507 2720 πόλεις
1527 2652 1813 2725 Ῥωμαίων
1840 2661 2197 2730 ἑπόρθησεν,·
2234 2661 2453 2728 ἐπάρας

504 2841 521 2880 1
556 2833 816 2896 α’λληθινὸν
846 2838 881 2881 Ρ
1002 2832 1274 2898 ὃμολόγησε
1305 2839 1341 2883 Ρ
1489 2842 1512 2882 2
1544 2836 1698 2886 ἐκεῖνο
1730 2839 1767 2883 Ρ
1887 2835 1913 2886 ὃ
1945 2840 2097 2885 addidi
2228 2844 2251 2883 3
2281 2843 2362 2886 καὶ
2393 2837 2450 2886 τὸ

357 2921 443 2953 om.
477 2908 527 2952 M
646 2904 895 2955 ὁπλιτικὸν
925 2912 957 2961 (ι
987 2909 1117 2966 prius
1147 2922 1175 2953 a
1207 2915 1340 2963 corr.)
1370 2909 1409 2954 U
1544 2914 1570 2954 4
1598 2912 1680 2956 καὶ
1710 2936 1764 2942 -
1795 2914 1984 2976 θρᾷκας
2014 2911 2083 2955 bis
2115 2911 2274 2955 scribit
2301 2910 2337 2953 P

354 2984 378 3023 5
411 2978 570 3038 δήμων
600 2979 739 3037 γένος
769 2979 849 3023 ΡΗ
1023 2984 1047 3024 6
1078 2979 1329 3037 ποταμοὺς
1359 2975 1649 3040 ἀδιαβάτους
1677 2980 1726 3023 Μ
1756 2975 2044 3037 ἀδιαβάτους
2081 2996 2167 3027 om.
2200 2981 2339 3026 ceteri

352 3045 577 3109 κριμνοὺς
606 3049 645 3095 U
678 3064 734 3093 m.
765 3063 832 3106 pr.
950 3054 975 3095 8
1007 3052 1055 3096 τί
1083 3053 1157 3096 δαὶ
1189 3051 1224 3094 Β
1378 3055 1428 3095 10
1459 3052 1796 3110 γεγενημένους
1826 3053 1867 3096 Η
1983 3048 2271 3109 άλλαζονικὰ
2302 3053 2338 3097 Ρ

353 3123 434 3165 καὶ
457 3117 657 3178 ραυνοὺς
686 3121 806 3172 (εἰσί)
838 3121 874 3165 Ρ
967 3125 1012 3166 11
1048 3125 1179 3168 θεῶν
1208 3135 1289 3177 pro
1312 3120 1456 3175 θεοὺς
1487 3114 1555 3167 ὧν
1576 3123 1623 3166 Μ
1712 3119 1769 3169 τὸ
1801 3136 1883 3179 pro
1906 3120 1994 3169 τὸν
2015 3123 2146 3168 UBM
2230 3127 2274 3166 12
2306 3118 2454 3182 πεζὴν

355 3191 502 3246 Emp.‚
534 3192 720 3246 παίζειν
748 3192 852 3235 libri
982 3198 1027 3236 13
1059 3189 1321 3252 γενόμενος
1351 3207 1435 3237 om.
1469 3193 1547 3239 BU
1579 3207 1637 3238 m.
1669 3207 1736 3248 pr.
1885 3198 1937 3239 14
1969 3193 2015 3241 οἱ
2045 3209 2132 3240 om.
2166 3194 2205 3239 U
2325 3198 2376 3238 15
2406 3194 2454 3239 τί

356 3264 429 3306 δαὶ
458 3274 541 3317 pro
573 3262 621 3306 τί
649 3261 698 3307 δέ
729 3262 964 3319 quinquies
996 3263 1076 3308 UB
1192 3265 1350 3323 δηίκης
1381 3264 1429 3306 Μ
1548 3269 1598 3310 16
1631 3266 1875 3324 σιμίραμις
1907 3265 1953 3308 Μ
2080 3260 2106 3311 ὃ
2139 3279 2224 3310 om.
2260 3264 2338 3307 PH

361 3335 406 3374 17
439 3329 583 3389 μύλης
614 3332 652 3374 H
683 3332 849 3391 μέλλης
879 3333 913 3376 Ρ
945 3335 1003 3379 cf.
1037 3334 1205 3379 Herod.
1238 3335 1259 3379 Ι
1292 3349 1362 3391 cp.
1397 3339 1450 3380 84
1544 3339 1591 3380 18
1621 3333 1884 3396 μαρδόνιος
1904 3335 2036 3379 ΜΡΗ
2064 3331 2328 3395 μαρδώνιος
2358 3334 2451 3388 UB,

357 3414 471 3447 corr.
502 3402 710 3447 Valesius
831 3408 879 3447 19
909 3403 1119 3464 μεγάλην
1148 3401 1243 3465 γὰρ
1275 3403 1433 3466 ῥοπὴν
1463 3407 1543 3452 UB
1630 3403 1861 3466 μεγάληεε,
1889 3406 2038 3459 (unius
2067 3407 2244 3450 litterae
2272 3414 2451 3455 rasura)

356 3471 400 3515 H
427 3468 649 3539 μεγάλων
678 3474 733 3527 (Ῥ)
763 3473 797 3516 P
887 3471 943 3520 τὸ
976 3488 1031 3518 ex
1053 3477 1178 3521 Dem.
1203 3478 1381 3534 Olynth.
1404 3478 1449 3521 ΙΙ
1468 3480 1494 3534 ξ
1513 3482 1564 3522 22
1588 3479 1843 3535 suppletum
1874 3477 1939 3530 (δὲ
1971 3469 2090 3522 δ’λον
2118 3489 2146 3520 a
2168 3489 2281 3520 corr.
2305 3475 2363 3529 H)

359 3545 411 3585 22
443 3542 499 3587 ὠι
528 3541 616 3597 μὲν
645 3543 686 3588 U
719 3539 848 3599 α’ίμεν
880 3545 926 3586 Μ
958 3537 996 3590 ὦ
1027 3546 1115 3602 μὲν
1143 3547 1225 3590 ΡΗ
1343 3551 1396 3591 23
1428 3542 1626 3606 εὐμενὴς
1656 3549 1734 3593 UP
1763 3547 1982 3605 ἁμαξέως
2012 3552 2063 3590 ut
2090 3550 2284 3591 testatur
2309 3546 2447 3591 Duris

357 3611 472 3654 Plut.
507 3610 693 3656 Eumen.
727 3625 798 3668 cp.
837 3619 852 3657 1
975 3619 1026 3658 25
1061 3611 1086 3661 ὁ
1121 3613 1275 3675 τάφος
1304 3617 1384 3661 ΡΗ
1471 3615 1717 3677 ἐκοσμήθη
1747 3618 1795 3662 Μ
1903 3623 1952 3661 27
1987 3611 2286 3676 ἀτιμώτερον
2316 3617 2362 3660 Μ

358 3683 406 3727 τί
436 3684 509 3727 δαὶ
541 3682 619 3725 UB
738 3678 764 3728 ὁ
797 3695 975 3727 erasum
1005 3685 1051 3729 in
1083 3685 1122 3731 U
1239 3684 1427 3747 λυβύων
1457 3688 1492 3732 Ρ
