2684 4140
496 300 586 345 ΧΠ
1351 283 1718 329 PRAEFATIO.

633 438 716 490 Ex
753 434 900 486 hisce
939 430 1127 496 elucet,
1166 425 1432 494 siquidem
1459 441 1528 478 ex
1565 425 1777 479 silentio
1815 425 1942 480 licet
1966 426 2360 480 conclusionem
2380 426 2580 495 facere,

492 536 651 573 unum
690 520 898 569 exstare
937 513 1129 577 locum,
1167 510 1260 563 ubi
1299 509 1604 563 Patmiacus
1641 509 1697 562 in
1734 525 1791 564 re
1830 510 2151 578 gravissima
2189 528 2309 565 cum
2337 511 2581 565 Palatino

489 603 532 654 P
570 598 846 663 consentit,
886 596 1000 649 scil.
1039 611 1091 662 p.
1114 598 1198 660 50,
1226 595 1289 644 21
1331 593 1446 647 non’
1461 593 1647 647 scribit
1673 610 1791 648 cum
1818 594 1990 649 UBV:
2034 594 2230 667 φιλίας
2259 595 2316 647 δὲ
2358 597 2446 647 ἀεὶ
2481 599 2581 662 μὲν

486 687 579 735 καὶ
614 686 734 743 τοῖς
771 681 1086 748 ὑγιαίνουσι
1128 676 1351 749 σφόδρα
1392 676 1503 742 δεῖ,
1545 677 1642 732 sed
1681 677 1842 733 habet
1880 681 2164 734 lectionem
2203 682 2273 749 P,
2326 696 2489 748 quam
2527 681 2581 732 in

487 771 688 821 textum
737 763 945 830 recepi:
996 761 1192 833 φιλίας
1245 761 1304 814 δὲ
1354 765 1448 814 καὶ
1499 768 1621 826 τοῖς
1671 766 2019 831 ὑγιαίνουσιν
2075 768 2163 818 ἀεὶ
2215 765 2437 838 σφόδρα
2479 764 2579 817 δεῖ.

485 848 687 903 Ceteris
724 848 885 915 locis,
925 847 1016 902 ubi
1056 848 1098 900 P
1135 848 1279 902 solus
1318 848 1606 915 genuinam
1643 848 1927 902 lectionem
1969 851 2235 919 servavit,
2274 851 2580 904 Patmiacus

485 949 603 987 cum
642 932 786 987 UBV
825 932 878 985 in
931 933 1076 986 vitiis
1127 937 1180 985 et
1229 931 1603 986 omissionibus
1653 933 1938 1001 conspirat.
2024 933 2211 1002 Itaque
2261 939 2462 989 certum
2501 939 2581 988 est

484 1006 816 1071 Patmiacum
857 1034 926 1071 ex
963 1016 1258 1086 archetypo
1290 1017 1436 1072 UBV
1468 1017 1730 1086 originem
1769 1017 1992 1086 ducere,
2031 1018 2180 1072 illam
2220 1035 2348 1073 vero
2386 1020 2580 1072 bonam

482 1101 767 1156 lectionem
792 1118 845 1170 p.
868 1105 952 1169 50,
977 1104 1060 1170 21,
1089 1118 1248 1170 quam
1276 1119 1395 1157 cum
1421 1103 1537 1156 solo
1565 1101 1608 1155 P
1633 1119 1965 1156 communem
1995 1101 2172 1171 habet,
2200 1108 2293 1157 aut
2311 1120 2344 1157 a
2362 1103 2581 1156 librario

483 1186 789 1240 coniectura
836 1188 1104 1241 inventam
1157 1203 1274 1242 esse
1324 1187 1489 1256 (quod
1538 1188 1711 1241 minus
1760 1188 2043 1256 probabile
2092 1192 2218 1257 est),
2274 1192 2366 1243 aut
2419 1187 2582 1256 (quod

484 1271 656 1339 magis
694 1271 827 1324 mihi
864 1272 1083 1336 arridet)
1121 1290 1155 1326 a
1180 1278 1494 1342 correctore,
1535 1273 1624 1341 qui
1651 1272 1946 1342 archetypo
1973 1273 2141 1327 PHW
2177 1275 2267 1328 vel
2305 1275 2419 1329 eius
2458 1289 2581 1327 con-

483 1356 642 1409 simili
681 1357 943 1425 utebatur,
983 1357 1203 1411 illatam.

626 1440 832 1505 Quodsi
871 1443 1174 1497 Patmiacus
1212 1459 1332 1497 cum
1370 1444 1541 1496 altera
1577 1443 1784 1497 familia
1821 1444 2004 1506 (UBV)
2054 1445 2221 1499 multa
2269 1444 2403 1498 vitia
2441 1460 2578 1498 com-

484 1526 665 1580 munia
703 1525 893 1594 habet,
934 1533 992 1580 ut
1036 1544 1105 1581 ex
1142 1526 1435 1596 archetypo
1475 1528 1622 1583 UBV
1671 1527 1944 1583 derivatus
1984 1545 2101 1583 esse
2138 1529 2412 1596 videatur,
2462 1527 2579 1582 fieri

482 1627 588 1664 non
626 1616 803 1679 potest
840 1617 898 1664 ut
935 1613 1081 1666 solus
1132 1629 1202 1666 ex
1251 1614 1517 1666 communi
1567 1613 1800 1666 omnium
1840 1613 2097 1667 librorum
2134 1613 2430 1682 archetypo
2469 1630 2576 1667 ser·

482 1696 706 1762 vaverit,
747 1711 886 1763 quae
923 1696 979 1748 in
1015 1697 1161 1750 nullo
1200 1697 1308 1750 alio
1346 1697 1483 1750 libro
1511 1702 1738 1765 exstant,
1779 1696 1877 1751 sed
1903 1715 1954 1766 p.
1984 1700 2068 1766 50,
2102 1701 2164 1750 15
2193 1702 2298 1750 ὅσα
2326 1715 2423 1766 pro
2450 1702 2577 1749 ὅσοι

480 1780 785 1832 coniectura
821 1781 1041 1847 invenit,
1081 1779 1349 1848 siquidem
1387 1780 1474 1835 hic
1512 1797 1725 1849 quoque
1765 1797 1794 1834 e
1834 1782 2047 1836 silentio
2085 1782 2406 1837 concludere
2432 1783 2575 1837 licet.

477 1863 655 1916 Etiam
693 1863 837 1931 quod
874 1880 926 1932 p.
955 1866 1039 1933 61,
1069 1867 1132 1917 16
1169 1870 1447 1935 μέμνηται
1474 1866 1661 1934 scipsit
1686 1881 1783 1934 pro
1820 1870 2100 1938 μεμύηται
2128 1873 2427 1921 ceterorum
2465 1885 2576 1922 om-

477 1950 651 2015 nium,
700 1950 754 2002 in
805 1949 1033 2004 eandem
1081 1950 1272 2005 incidit
1321 1951 1708 2017 coniecturam,
1759 1967 1920 2018 quam
1959 1951 2238 2021 Emperius
2282 1953 2578 2022 proposuit,

479 2050 702 2102 eamque
739 2034 946 2103 falsam,
987 2035 1032 2089 si
1071 2051 1156 2089 me
1194 2035 1365 2090 audis.
1429 2035 1569 2088 Nam
1606 2037 1674 2087 τὰ
1713 2042 1950 2104 μέγιστα
1988 2040 2082 2089 καὶ
2116 2040 2434 2108 κυριώτατα
2474 2054 2580 2091 non

478 2124 599 2172 sunt
637 2118 929 2187 humanae,
984 2119 1080 2173 sed
1118 2119 1336 2173 divinae
1373 2121 1518 2174 illius
1558 2121 1870 2175 eruditionis
1909 2123 2103 2190 capita,
2155 2122 2346 2190 quibus
2386 2122 2583 2175 initiati

479 2208 601 2257 sunt
620 2204 767 2258 Iovis
793 2203 907 2272 filii,
946 2209 1233 2272 antequam
1261 2204 1527 2259 humanae
1553 2205 1867 2260 eruditionis
1894 2207 2186 2275 participes
2213 2207 2357 2259 fiant.
2424 2205 2580 2270 Quod

481 2288 710 2356 probant
746 2289 1164 2343 luculentissime
1203 2306 1342 2358 quae
1380 2291 1559 2344 statim
1599 2295 1872 2344 secuntur:
1918 2294 2012 2343 καὶ
2062 2290 2244 2353 οὐδεὶς
2296 2293 2363 2342 ἂν
2414 2293 2580 2343 αὐτόν

476 2391 533 2424 τι
581 2376 793 2425 τούτων
845 2373 1116 2444 ἀφέλοιτο
1170 2376 1295 2426 οὔτε
1343 2378 1538 2445 καιρὸς
1589 2376 1713 2426 οὔτε
1764 2377 2078 2446 ἄνθρωπος
2145 2379 2426 2447 σοφιστής
2478 2383 2577 2430 etc.

477 2457 617 2510 Nam
655 2462 868 2510 τούτων
907 2460 1021 2513 sine
1059 2459 1222 2513 dubio
1269 2460 1494 2514 refertur
1545 2459 1616 2514 ad
1667 2461 1763 2514 illa
1809 2466 2047 2529 μέγιστα
2099 2464 2194 2513 καὶ
2243 2464 2578 2531 κυριώτατα.

478 2541 629 2606 Quae
669 2560 786 2597 cum
827 2543 1070 2597 dicantur
1109 2545 1185 2598 ita
1222 2546 1386 2598 menti
1434 2544 1600 2598 infixa
1651 2561 1768 2599 esse
1819 2552 1876 2599 ut
1924 2563 1958 2600 a
1992 2547 2140 2600 nullo
2180 2547 2316 2615 eripi
2355 2548 2579 2615 possint,

477 2644 583 2680 non
622 2627 690 2681 de
728 2628 962 2682 humana
999 2629 1299 2684 eruditione
1338 2629 1439 2684 hoc
1476 2630 1719 2698 intellegi
1767 2636 1959 2699 potest.
2047 2631 2234 2700 Itaque
2273 2648 2411 2685 nunc
2450 2621 2579 2699 q'uo-

479 2730 581 2780 que
628 2718 758 2781 puto
812 2714 1152 2768 scribendum
1209 2731 1352 2769 esse:
1418 2717 1556 2766 αὐτοὶ
1605 2712 1769 2786 (γὰρ)
1815 2718 1883 2767 τὰ
1932 2721 2169 2784 μέγιστα
2230 2721 2324 2769 καὶ
2381 2720 2579 2786 κυριώ-

483 2818 623 2849 τατα
665 2795 793 2868 [καὶ]
834 2803 1114 2870 μεμύηται
1149 2803 1243 2852 καὶ
1283 2799 1552 2871 φυλάττει
1590 2803 1648 2852 ἐν
1686 2809 1754 2871 τῇ
1793 2809 1962 2871 ψυχῇ,
2002 2818 2176 2869 neque
2205 2801 2340 2855 illud
2370 2801 2575 2872 φυλάτ-

476 2902 592 2935 τειν
631 2886 688 2935 ἐν
728 2893 796 2955 τῇ
835 2893 988 2955 ψυχῇ
1027 2885 1094 2939 de
1132 2886 1391 2939 memoria
1429 2886 1627 2940 dictum
1668 2903 1812 2956 esse,
1865 2885 1963 2941 sed
2014 2886 2082 2940 de
2135 2903 2198 2940 eo
2249 2886 2339 2954 qui
2378 2886 2580 2955 placita

481 2970 693 3024 etiamsi
733 2970 931 3024 fractus
969 2970 1220 3024 illabatur
1259 2971 1402 3024 orbis
1439 2988 1472 3025 a
1510 2971 1656 3025 nullo
1695 2972 1799 3025 sibi
1839 2972 1973 3039 eripi
2010 2972 2225 3040 patitur.

619 3055 894 3109 Pertinere
943 3056 1105 3123 igitur
1154 3056 1486 3110 Patmiacum
1535 3056 1607 3109 ad
1651 3056 1916 3109 familiam
1967 3056 2112 3111 UBV
2171 3061 2314 3109 recte
2377 3056 2579 3109 monuit

480 3140 828 3193 Parmentier.
905 3140 1038 3194 Cum
1087 3157 1217 3195 vero
1267 3142 1322 3193 in
1372 3140 1474 3194 hac
1520 3140 1727 3195 familia
1773 3142 1841 3194 ab
1891 3142 2062 3194 altera
2099 3146 2254 3209 parte
2292 3145 2395 3194 stet
2432 3140 2577 3193 Vati-

479 3240 641 3277 canus
683 3225 752 3291 V,
802 3225 870 3277 ab
919 3226 1089 3279 altera
1136 3226 1260 3294 UB,
1311 3225 1533 3282 difficile
1583 3231 1663 3280 est
1702 3226 1875 3296 dictu,
1923 3227 2027 3280 utri
2074 3226 2215 3294 parti
2253 3226 2473 3294 propior
2511 3226 2578 3279 sit

479 3309 796 3362 PatmiacuS.
860 3309 992 3363 Cum
1021 3310 1133 3377 UB,
1171 3317 1229 3365 ut
1255 3312 1492 3365 omittam
1521 3328 1657 3380 quae
1685 3311 1820 3364 nihil
1847 3311 2091 3379 probant,
2134 3315 2255 3365 octo
2281 3310 2415 3364 locis
2445 3309 2578 3362 vitia

482 3394 783 3446 communia
821 3392 984 3446 habet
1026 3396 1072 3458 1)
1111 3411 1163 3462 p.
1192 3398 1277 3465 60,
1306 3399 1371 3448 30
1414 3396 1569 3468 διττή
1610 3401 1734 3448 ἐστι
1774 3396 2008 3448 παιδεία
2049 3396 2220 3449 Patm.
2263 3395 2375 3461 UB,
2417 3393 2572 3463 διττή

481 3480 634 3528 ἐστιν
683 3483 714 3548 ἡ
768 3477 1002 3530 παιδεία
1042 3480 1149 3533 VP.
1234 3480 1533 3549 Utrumque
1582 3499 1679 3550 per
1728 3498 1785 3536 se
1834 3483 1960 3535 ferri
2010 3484 2211 3550 potest3
2261 3477 2356 3531 sed
2406 3492 2470 3529 ea
2520 3477 2575 3528 in

482 3561 674 3627 quibus
701 3561 747 3615 V
775 3578 894 3615 cum
921 3561 961 3613 P
1002 3563 1307 3631 conspirant
1343 3566 1463 3634 plus
1491 3565 1692 3619 habent
1727 3565 2075 3619 auctoritatis.
2152 3565 2201 3625 2>
2228 3580 2279 3631 p.
2310 3564 2393 3627 61,
2422 3566 2454 3613 4
2479 3580 2572 3612 κα-

482 3644 674 3698 λοῦσιν
715 3648 771 3697 οἱ
808 3646 977 3699 Patm.
1016 3650 1109 3699 καὶ
1144 3643 1409 3701 καλοῦσίν
1451 3653 1505 3701 οἱ
1544 3650 1639 3705 UB
1676 3649 1911 3702 καλοῦσι
1951 3647 2009 3700 δὲ
2051 3650 2106 3699 οἱ
2131 3646 2238 3699 VP.
2309 3646 2413 3700 Hic
2450 3662 2572 3699 con-

478 3736 789 3785 sentaneum
818 3736 913 3800 est,
953 3749 1135 3787 veram
1165 3750 1281 3789 esse
1308 3735 1592 3790 lectionem
1618 3734 1726 3802 VP,
1766 3735 2049 3790 lectionem
2078 3732 2171 3788 ΠΒ
2200 3748 2268 3786 ex
2295 3747 2360 3785 ea
2385 3736 2572 3798 ortam,
