2684 4140
355 241 456 289 190
1149 232 1357 278 DIONIS
1386 232 1471 276 DE
1503 232 1650 276 FIDE

347 386 548 447 μένους
585 379 804 445 ἀγαθόν
841 394 898 427 τι
924 374 1235 426 ἀπολαύειν
1271 377 1365 426 καὶ
1403 377 1605 437 αὐτοὺς
1631 384 1730 446 τῆς
1757 379 2007 440 πίστεως
2019 397 2038 441 ,·
2075 383 2169 431 καὶ
2208 381 2281 431 αὖ
2314 384 2445 444 τούς

346 466 458 515 ὑπὸ
496 469 606 513 τῶν
646 460 889 512 ἰδιωτῶν
917 464 1363 526 πιστευομένους
1388 451 1424 530 ἢ
1450 465 1714 528 γυναῖκας
1740 453 1774 532 ἢ
1802 461 2017 525 παῖδας
2042 454 2076 534 ἢ
2102 467 2200 536 τὴν
2231 467 2443 531 οὐσίαν,

344 548 609 614 καθάπερ
651 545 812 611 οἶμαι
850 542 1057 596 πολλοὶ
1092 547 1444 614 ἐπιτρόπους
1489 547 1583 597 καὶ
1628 544 1939 616 κηδεμόνας
1984 547 2442 615 καταλείπουσιν,

345 634 400 682 οἱ
435 633 535 697 μὲν
575 628 1014 700 ἀποδημοῦντες,
1057 632 1112 680 οἱ
1151 628 1210 681 δὲ
1239 631 1719 701 ἀποθνήσκοντες,
1762 634 1817 683 οἱ
1857 631 1915 684 δὲ
1955 637 2443 707 παρακαταθήκας

343 715 600 768 διδόασιν
648 717 777 767 ἄνευ
825 717 1150 785 μαρτύρων,
1203 717 1265 766 οὐ
1315 714 1564 778 δεδιότες
1600 719 1674 788 μή
1715 719 2146 789 ἀφαιρεθῶσιν,
2195 722 2340 772 ἔνιοι
2378 719 2437 772 δὲ
2474 732 2499 772 5

341 808 451 852 τῶν
489 803 676 867 νόμων
717 802 1185 868 ἀπαγορευόντων
1222 803 1296 873 μὴ
1336 800 1672 854 καταλιπεῖν
1717 801 2096 874 κληρονόμους
2147 808 2243 867 οὓς
2282 807 2443 857 αὐτοὶ

338 884 663 954 βούλονται,
704 890 928 956 ἑτέρους
964 885 1434 952 καταλείπουσιν,
1473 887 1857 955 ἐντειλάμενοι
1894 891 1963 941 τοὶ
1998 893 2257 962 χρήματα
2297 892 2440 942 ἀπο-

272 989 304 1037 4
344 970 538 1024 δοῦναι
583 977 705 1034 τοῖς
756 974 938 1023 αὐτῶν
986 971 1339 1044 ἐπιτηδείοις
1386 1002 1458 1010 --·
1511 977 1737 1037 τούτοις
1798 974 1862 1047 δὴ
1923 983 2071 1028 πᾶσι
2133 974 2440 1027 λυσιτελεῖν

339 1065 534 1129 φῶμεν
572 1060 635 1109 τὸ
676 1063 903 1128 πρᾶγμα
941 1061 1035 1110 καὶ
1071 1061 1170 1130 τήν
1211 1057 1407 1124 δόξαν,
1457 1061 1523 1131 ἢν
1561 1062 1783 1126 ἔχοντες
1823 1063 1956 1131 περὶ
1995 1063 2177 1112 αὐτῶν
2216 1063 2439 1131 ἐπιτρέ-

286 1169 288 1171 ·
340 1158 549 1195 πουσιν
590 1145 782 1205 αὐτοῖς
822 1145 878 1194 οἱ
915 1144 983 1194 τὰ
1026 1149 1270 1215 σφέτερα
1321 1147 1753 1215 ἐπιτρέποντες,
1802 1145 2050 1213 μάλιστα
2092 1146 2150 1199 δὲ
2189 1151 2311 1208 τοῖς
2348 1164 2433 1197 τε·
2472 1158 2519 1199 10

338 1227 619 1291 λευταίοις
666 1234 788 1291 τοῖς
839 1232 1187 1300 παρανόμως
1236 1233 1622 1283 πιστεύεσθαι
1681 1231 1970 1284 δοκοῦσιν”
2034 1224 2067 1304 ἢ
2116 1232 2441 1283 τούναντίον

331 1313 581 1381 χαλεπὸν
632 1314 779 1366 εἶναι
828 1318 891 1366 τὸ
940 1322 1200 1367 τοιοῦτον
1251 1319 1345 1368 καὶ
1394 1315 1609 1389 πολλῆς
1659 1316 1930 1383 ἀσχολίας
1979 1321 2073 1370 καὶ
2123 1315 2440 1389 φροντίδων

337 1399 536 1464 αἴτιον,
576 1402 757 1451 ἐνίοτέ
792 1397 911 1468 <γε>
945 1403 1053 1471 μὴν
1091 1403 1184 1452 καὶ
1221 1400 1490 1453 κινδύνων
1529 1410 1639 1454 τῶν
1677 1405 1990 1471 μεγίστων,

477 1483 663 1548 ἔξεστι
701 1484 762 1536 δὲ
804 1492 1036 1538 σκοπεῖν
1075 1488 1251 1549 εὐθὺς
1290 1489 1406 1538 ἀπὸ
1446 1494 1557 1539 τῶν
1597 1487 1910 1540 δοκούντων
1949 1489 2096 1541 εἶναι
2129 1490 2437 1557 μεγίστων·

336 1570 492 1622 οὗτοι
528 1572 632 1642 γὰρ
671 1578 782 1622 τῶν
819 1575 920 1638 μὲν
961 1571 1123 1624 ἰδίων
1163 1571 1224 1636 ἐξ
1261 1575 1501 1644 ἀνάγκης
1541 1573 1815 1640 ἀμελοῦσι
1863 1577 1957 1626 καὶ
1999 1577 2300 1645 χρημάτων
2337 1574 2431 1624 καὶ
2468 1583 2515 1625 15

332 1660 552 1719 τέκνων,
592 1661 939 1725 προσέχουσι
979 1655 1037 1708 δὲ
1076 1663 1199 1719 τοῖς
1235 1663 1448 1720 κοινοῖς
1484 1661 1578 1710 καὶ
1615 1661 1714 1711 ἐπὶ
1746 1662 1959 1711 τούτων
1988 1662 2127 1711 εἰσί·
2166 1661 2261 1710 καὶ
2298 1655 2436 1708 πολ-

335 1740 491 1803 λάκις
528 1744 631 1808 μὲν
668 1744 781 1792 ὑπὸ
821 1749 932 1793 τῶν
982 1741 1467 1810 ἐπιβουλευόντων
1516 1749 1643 1806 ταῖς
1692 1743 1929 1797 πόλεσιν
1977 1736 2010 1816 ἢ
2064 1743 2353 1811 πολεμίων
2400 1733 2433 1812 ἢ

331 1824 583 1877 πολιτῶν
621 1845 789 1878 τινων
829 1825 1206 1892 ἀπόλλυνται,
1258 1827 1533 1891 πολλάκις
1583 1828 1642 1880 δὲ
1681 1824 1785 1880 ὑπ’
1831 1831 2013 1881 αὐτῶν
2059 1837 2170 1881 τῶν
2210 1826 2432 1879 πόλεων
2460 1842 2654 1884 (39131n

331 1910 539 1973 ἀδίκως
567 1910 992 1983 διαβληθέντες.
1058 1916 1114 1964 οἱ
1150 1916 1252 1980 μὲν
1290 1916 1394 1984 γάρ
1435 1916 1634 1976 οὐσίας
1661 1917 2057 1986 ἀφῃρέθησαν,
2098 1917 2229 1976 τοὺς
2257 1912 2315 1965 δὲ
2341 1914 2436 1964 καὶ

333 1995 516 2067 ὀνείδη
561 2001 758 2068 συνέβη
797 2001 1126 2070 κτήσασθαι
1150 1998 1676 2063 καταδικασθέντας
1701 1999 1942 2072 κλοπῆς·
1985 2003 2041 2051 οἱ
2073 1999 2131 2052 δὲ
2160 1997 2429 2063 ἐξέπεσον
2465 2010 2512 2051 20

266 2093 296 2142 5
336 2084 395 2133 ἐκ
419 2090 529 2135 τῶν
558 2083 866 2153 πατρίδων,
908 2088 964 2136 οἱ
990 2084 1049 2137 δὲ
1075 2088 1169 2137 καὶ
1195 2087 1518 2138 ἀπέθανον·
1559 2088 1752 2156 ὥσπερ
1782 2087 1877 2138 οὖν
1905 2084 2129 2155 λέγουσι
2153 2082 2433 2155 Περικλέα

330 2171 431 2234 μὲν
479 2166 694 2220 ἁλῶναι
742 2168 957 2241 κλοπῆς
1016 2172 1173 2242 παρὰ
1219 2164 1554 2242 Ἀθηναίοις
1605 2174 1701 2224 τὸν
1758 2170 2031 2223 κάλλιστα
2087 2173 2182 2223 καὶ
2227 2173 2432 2239 ἄριστα

330 2257 657 2324 προστάντα
695 2263 794 2326 τῆς
833 2254 1078 2320 πόλεως,
1123 2255 1508 2323 Θεμιστοκλέα
1551 2256 1609 2309 δὲ
1649 2260 1908 2309 ἐκπεσεῖν
1949 2260 2026 2320 ὡς
2066 2254 2432 2327 προδιδόντα,

331 2340 393 2401 ὃς
440 2338 789 2410 παραλαβὼν
841 2342 1043 2403 αὐτούς
1095 2344 1157 2392 οὐ
1210 2341 1549 2409 δυναμένους
1609 2346 1672 2394 τὸ
1732 2341 1947 2414 ἔδαφος
2007 2351 2107 2414 τῆς
2155 2339 2433 2411 πατρίδος

333 2426 520 2489 οἰκεῖν,
562 2423 702 2476 ἀλλὰ
743 2434 1221 2496 παραχωροῦντας
1259 2433 1381 2490 τοῖς
1409 2427 1710 2495 πολεμίοις
1750 2430 1923 2479 αὐτοῦ
1957 2435 2060 2479 τοῦ
2095 2430 2297 2488 ἄστεος
2332 2428 2427 2477 καὶ
2462 2436 2508 2476 25

329 2517 440 2561 τῶν
493 2513 682 2580 ἱερῶν,
734 2505 797 2562 οὗ
847 2515 1020 2577 μόνον
1070 2520 1244 2564 ταῦτα
1284 2517 1471 2566 πάντα
1511 2513 1829 2578 ἀπέδωκεν,
1882 2507 2010 2565 ἀλλ’
2065 2515 2151 2565 ἔτι
2186 2515 2280 2564 καὶ
2317 2518 2591 2568 remmam,

323 2589 591 2666 Ἑλλήνιον
627 2599 902 2666 ἡγεμόνας
938 2599 1224 2668 ἐποίησεν,
1265 2597 1615 2669 ἀφελόμενος
1640 2598 2135 2666 Λακεδαιμονίους
2161 2596 2222 2661 ἐξ
2260 2599 2429 2668 ἀρχῆς

260 2688 291 2737 6
331 2682 559 2746 ἔχοντας
597 2684 696 2752 τὴν
734 2685 899 2753 τιμήν
937 2685 1158 2753 ταύτην.
1236 2681 1563 2754 Μιλτιάδης
1603 2683 1662 2735 δὲ
1702 2687 1733 2735 ὁ
1766 2691 1993 2753 πρῶτος
2032 2686 2262 2754 νικήσας
2299 2685 2431 2744 τοὺς

325 2767 646 2836 βαρβάρους
682 2769 823 2833 μετὰ
860 2771 1047 2834 μόνων
1074 2775 1185 2820 τῶν
1213 2767 1464 2820 πολιτῶν
1490 2772 1584 2820 καὶ
1609 2772 1672 2820 τὸ
1699 2771 1939 2839 Περσῶν
1969 2772 2229 2839 φρόνημα
2256 2768 2428 2818 καθε-

326 2849 462 2916 λών,
514 2853 544 2902 ὃ
594 2856 870 2923 πρότερον
918 2853 1066 2919 εἶχον
1115 2856 1192 2915 ὡς
1241 2857 1509 2906 ἁπάντων
1559 2855 1886 2924 ἀνθρώπων
1923 2856 2207 2924 κρείττους
2247 2855 2419 2915 ὄντες,
2457 2861 2504 2902 30

327 2937 489 2999 οὗτος
525 2932 651 3004 μετ’
698 2932 760 2989 οὗ
801 2937 980 2990 πολύν
1013 2943 1215 3009 χρόνον
1255 2942 1337 3002 εἰς
1375 2943 1437 2991 τὸ
1491 2938 1881 3010 δεσμωτήριον
1929 2931 2033 2990 ὑπ’
2090 2932 2274 2989 αὐτῶν
2313 2939 2425 2987 ἐνέ-

325 3038 483 3089 πεσε,
519 3027 613 3076 καὶ
652 3029 892 3094 προσέτι
932 3027 963 3075 0‘
998 3027 1121 3087 υἱὸς
1161 3019 1332 3076 αὐτοῦ
1370 3028 1570 3092 Κίμων
1608 3028 1813 3092 ἄτιμος
1851 3022 1916 3095 ῆν
1956 3027 2023 3076 ἂν
2062 3027 2158 3075 τὸν
2198 3026 2423 3074 ἅπαντα

320 3112 537 3178 χρόνον,
579 3111 628 3160 εἰ
666 3112 738 3181 μὴ
779 3113 878 3181 τήν
906 3108 1156 3182 ἀδελφὴν
1178 3104 1492 3181 Ἐλπινίκην
1519 3109 1784 3174 ἐξέδωκεν
1811 3109 1973 3180 ἀνδρὶ
2009 3108 2260 3177 ταπεινῷ
2293 3103 2422 3177 [καὶ]

471 3290 487 3330 1
522 3290 601 3332 καὶ
633 3282 806 3341 αὐτοὺς
838 3289 929 3335 MU
959 3303 1016 3334 m.
1049 3304 1117 3346 pr.
1150 3290 1185 3334 P
1214 3293 1296 3337 καὶ
1326 3304 1412 3336 om.
1443 3290 1528 3335 BH
1673 3295 1696 3335 3
1726 3291 2075 3337 καταλίπουσιν
2103 3291 2153 3335 Μ
2298 3294 2323 3334 5
2355 3291 2423 3335 δε-

325 3353 504 3411 δειότες
533 3358 572 3402 Β
718 3363 741 3402 7
772 3363 1118 3407 καταλίπουσιν
1150 3362 1240 3407 UM
1384 3358 1693 3421 ἐντηλάμενοι
1723 3362 1759 3405 Ρ
1912 3365 1935 3406 8
1968 3355 2127 3408 αὐτῶν
2155 3360 2274 3415 libri,
2305 3372 2421 3404 corr.

323 3429 455 3485 Emp.
575 3433 626 3472 10
658 3430 706 3476 δὲ
736 3430 909 3486 Pflugk,
941 3429 993 3490 δὴ
1025 3433 1130 3477 libri
1221 3437 1271 3478 12
1303 3435 1563 3494 φροντίδος
1593 3434 1670 3479 UP
1701 3434 1972 3494 φροντίδως
2003 3433 2053 3476 Μ
2152 3435 2203 3475 13
2234 3446 2289 3488 γε
2319 3429 2419 3473 add·

321 3499 490 3544 Reiske
603 3503 682 3546 καὶ
714 3514 800 3546 om.
833 3502 963 3546 UBM
1049 3507 1148 3550 τῶν
1178 3517 1234 3550 ex
1264 3501 1354 3551 τὸν
1382 3506 1419 3549 P
1530 3508 1580 3550 16
1609 3503 1689 3551 ἐπὶ
1719 3509 1806 3552 τοῦ
1836 3500 2023 3551 τούτων
2054 3503 2088 3546 Ρ
2180 3505 2230 3546 18
2262 3497 2422 3547 ἀπώλ-

323 3575 484 3618 λυνται
514 3572 550 3614 Β
666 3571 716 3618 δὲ
744 3575 825 3619 καὶ
855 3573 890 3616 Ρ
920 3573 986 3625 (δὲ
1018 3587 1072 3618 ex
1100 3576 1205 3632 μὲν)
1294 3580 1347 3620 20
1382 3575 1548 3636 ξυνέβη
1578 3577 1616 3620 Β
1714 3580 1769 3620 24
1800 3572 2041 3632 τοῦδαφος
2071 3572 2106 3615 Β
2223 3574 2276 3615 25
2309 3564 2420 3616 ἄλλ’

322 3637 703 3701 ἀποχωροῦντας
733 3647 858 3698 sturg-
889 3661 961 3704 γρ.
995 3653 1146 3705 παρα)
1176 3648 1218 3693 U
1392 3651 1445 3692 26
1477 3644 1637 3694 πάντα
1668 3660 1754 3692 om.
1788 3647 1822 3690 P
1969 3647 2022 3687 29
2052 3639 2211 3699 μόνον
2241 3643 2276 3684 Β

324 3716 374 3757 31
410 3706 563 3766 οὕτως
591 3713 629 3757 Β
662 3705 858 3767 οὗτοιις
887 3718 1006 3768 (cum
1036 3721 1216 3771 rasura)
1247 3718 1287 3763 U
1405 3722 1458 3763 33
1489 3721 1570 3764 καὶ
1600 3719 1767 3763 seclusi
1798 3720 1983 3762 secutus
2014 3714 2274 3770 Emperium
