2684 4140
1074 267 1303 321 ORATIO
1334 268 1493 314 LXIV.
2235 266 2335 314 149

255 414 332 474 ὡς
367 409 614 478 μάλιστα
652 417 764 462 τῶν
801 409 1088 463 πλεόντων
1127 419 1226 483 τῆς
1258 415 1427 483 τύχης
1465 411 1771 479 δεομένων,
1822 414 1853 483 ἢ
1892 411 2045 465 διότι
2082 415 2178 465 τὸν
2215 414 2340 481 βίον

252 500 407 564 ἡμῶν
457 498 532 559 ὥς
581 514 705 547 τινα
751 494 995 566 μεγάλην
1033 503 1165 547 ναῦν
1202 497 1437 567 κυβερνᾷ
1475 499 1570 548 καὶ
1606 500 1825 559 πάντας
1866 493 2032 565 σῴζει
2079 499 2210 560 τοὺς
2245 499 2341 564 ἐμ-

255 579 530 643 πλέοντας
541 600 561 645 ,·
603 575 936 650 Ἀσσυρίους
971 585 1134 649 μέχρι
1170 589 1270 653 τῆς
1305 580 1789 648 Σαρδαναπάλλου
1828 590 2066 653 τρυφῆς,
2105 581 2343 653 Μήδους

251 670 412 734 μέχρι
438 673 536 736 τῆς
565 668 753 735 Κύρου
778 673 1011 737 τροφῆς,
1049 668 1279 736 Πέρσας
1302 671 1466 737 μέχρι
1489 675 1589 738 τῆς
1626 664 1964 734 διαβάσεως,
1997 661 2341 737 Ἀθηναίους

199 758 220 797 5
257 754 419 820 μέχρι
454 758 554 820 τῆς
591 748 872 815 ἁλώσεως,
911 752 1162 819 Κροῖσον
1199 755 1362 821 μέχρι
1395 750 1656 813 Σόλωνος
1668 771 1688 814 ;

590 832 655 905 ῆν
698 832 978 898 Οἰδίπους
1014 838 1077 887 τὸ
1116 842 1344 906 πρῶτον
1384 838 1609 909 εὐτυχὴς
1644 838 1799 907 ἀνήρ.
2379 836 2411 887 6

42 923 285 989 (ΒεοΒΙΙΜ)
326 922 456 990 τύχη
508 921 610 989 γὰρ
663 918 812 988 αὐτῷ
861 922 924 971 τὸ
973 918 1146 990 μηδὲν
1195 921 1413 972 παθεῖν
1463 925 1979 991 παραποιησαμένη
2019 923 2083 971 τὸ
2123 922 2343 988 ἀγνοεῖν

253 1002 480 1069 ἔδωκεν,
530 1008 671 1074 ὅπερ
721 1008 917 1071 ὅμοιον
963 1002 1028 1074 ἦν
1077 1004 1156 1072 τῷ
1192 1003 1269 1074 μὴ
1309 1006 1541 1057 παθεῖν.
1615 1005 1738 1056 εἶτα
1791 1007 1905 1071 ἅμα
1943 1013 2042 1076 τῆς
2089 1007 2344 1071 εὐτυχίας

251 1092 542 1141 ἐπαύσατο
579 1092 672 1141 καὶ
708 1096 812 1141 τοῦ
843 1091 1166 1157 γιγνώσκειν
1204 1087 1428 1159 ἤρξατο.
1517 1091 1624 1157 ἐγώ
1673 1086 1797 1155 <δὲ>
1841 1091 1936 1140 καὶ
1983 1087 2081 1160 τὴν
2131 1092 2342 1142 ἐκείνου

177 1181 223 1223 10
258 1176 518 1244 πήρωσιν
555 1175 808 1239 εὐτυχίαν
843 1170 1012 1224 καλῶ.
1111 1170 1318 1234 Τέλλος
1365 1170 1465 1238 μὲν
1520 1174 1623 1242 γάρ
1661 1171 1918 1240 βλεπέτω
1952 1177 2088 1236 τοὺς
2131 1172 2345 1236 παῖδας

252 1261 345 1311 καὶ
371 1257 648 1327 Κυδίππη
686 1259 780 1310 καὶ
804 1255 1026 1318 Αἰόλος
1062 1258 1155 1308 καὶ
1191 1256 1252 1308 εἴ
1281 1274 1369 1319 τις
1407 1255 1578 1319 ἄλλος
1615 1255 1681 1328 ἧν
1721 1254 1906 1328 πατὴρ
1947 1260 2201 1329 εὐτυχής·
2245 1257 2344 1309 Οἰ-

256 1343 459 1405 δίπους
495 1341 557 1394 δὲ
594 1344 656 1394 ἐκ
691 1349 791 1412 τῆς
826 1343 1140 1411 πηρώσεως
1177 1338 1566 1410 <άναβλέψας>

881 1427 1086 1496 αἰσχρὰ
1122 1425 1388 1497 κερδανεῖ
1414 1429 1698 1494 θεάματα.

391 1520 460 1582 τῇ
509 1510 566 1563 δὲ
618 1515 780 1582 ἑτέρᾳ
822 1517 935 1563 τῶν
979 1518 1182 1582 χειρῶν
1228 1517 1260 1584 ἠ
1312 1514 1452 1575 θεὸς
1507 1515 1761 1584 καρπούς
1817 1514 2077 1579 ἑτοίμους
2121 1517 2343 1579 κατέχει
2382 1513 2411 1563 7

174 1609 219 1650 15
257 1595 730 1665 συνειλεγμένους,
791 1599 1079 1667 μηνύουσα
1139 1600 1202 1648 τὸ
1252 1596 1481 1668 πλῆθος
1529 1605 1640 1650 τῶν
1689 1598 1952 1666 ἀγαθῶν,
2011 1599 2157 1667 άπερ
2209 1598 2343 1668 αὐτὴ

254 1681 504 1735 δίδωσιν.
568 1689 733 1733 τοῦτο
772 1679 837 1752 ἧν
875 1684 984 1752 ἄρα
1010 1684 1105 1734 καὶ
1123 1690 1364 1753 χρυσοῦν
1390 1688 1547 1752 γένος
1571 1685 1665 1735 καὶ
1690 1691 1852 1754 νῆσοι
1889 1685 2154 1752 μακάρων
2180 1687 2345 1747 τινές,

252 1769 571 1834 αὐτομάτας
607 1769 836 1832 ἔχουσαι
873 1770 1117 1838 τροφάς,
1164 1770 1258 1819 καὶ
1287 1761 1622 1838 Ἡρακλέους
1669 1772 1835 1836 κέρας
1885 1769 1979 1819 καὶ
2016 1765 2346 1818 Κυκλώπων

253 1854 392 1919 βίος.
478 1855 566 1904 ὅτι
612 1857 733 1914 τοῖς
782 1854 1070 1923 πονήσασι
1119 1855 1214 1904 τὸν
1263 1854 1389 1920 βίον
1444 1849 1563 1922 [ἐπὶ
1600 1861 1698 1924 τῆς
1738 1851 1922 1917 δεξιᾶς
1954 1854 2144 1922 χειρὸς
2188 1850 2345 1923 δεδή-

78 1953 155 1994 (594
177 1952 229 1994 M)
255 1936 441 2002 λωκεν,
481 1931 577 2006 ὡς]
604 1938 888 2008 αὐτομάτη
919 1936 1122 1990 λοιπὸν
1159 1942 1191 2009 ἠ
1231 1944 1343 1989 τῶν
1371 1939 1606 2006 ἀγαθῶν
1634 1939 1894 2009 ἀφθονία
1923 1939 2344 2007 παραγίγνεται.

174 2035 223 2077 20
265 2020 550 2085 Τάνταλος
599 2021 658 2074 δὲ
697 2025 805 2092 ἄρα
845 2025 943 2074 ἐπὶ
981 2025 1163 2093 γήρως
1201 2025 1369 2093 ἀργὸς
1406 2020 1498 2093 ἧν·
1550 2022 1644 2075 διὰ
1683 2030 1848 2074 τοῦτο
1887 2025 1996 2092 ἄρα
2035 2027 2198 2090 μέχρι
2235 2028 2346 2072 τῶν

248 2105 449 2172 χειλῶν
485 2105 815 2177 ηὐδαιμόνει
849 2110 943 2159 καὶ
979 2111 1102 2169 τοῖς
1141 2105 1473 2178 ὀφθαλμοῖς
1518 2111 1691 2174 μόνον
1740 2109 1989 2178 ηὐτύχει·
2040 2108 2108 2157 τὰ
2160 2109 2345 2157 πάντα

255 2191 313 2243 δὲ
353 2195 534 2244 ἐκεῖνα
574 2193 949 2260 ἁρπασθέντα
990 2192 1204 2258 οἴχεται
1241 2195 1335 2244 καὶ
1362 2191 1523 2263 λίμνη
1551 2195 1645 2244 καὶ
1669 2194 1881 2263 καρποὶ
1904 2193 1998 2243 καὶ
2034 2193 2215 2262 τροφὴ
2255 2192 2348 2241 καὶ

254 2279 430 2329 ποτὸν
467 2279 580 2328 ὐπὸ
619 2284 718 2348 τῆς
756 2280 937 2348 τύχης,
979 2280 1122 2328 οὕτω
1162 2271 1216 2346 γ’
1261 2279 1338 2340 ὡς
1375 2280 1488 2329 ὑπὸ
1529 2281 1865 2345 πνεύματος.

394 2364 722 2428 ὠνόμασται
763 2361 822 2414 δὲ
868 2367 899 2434 ἠ
939 2366 1072 2433 τύχη
1111 2365 1205 2415 καὶ
1252 2361 1490 2425 πολλοῖς
1538 2377 1689 2414 τισιν
1736 2365 1795 2414 ἐν
1844 2363 2184 2427 ἀνθρώποις
2223 2363 2344 2412 ὀνό-
2384 2363 2414 2414 8

177 2459 223 2500 25
258 2462 417 2514 μασι,
455 2450 518 2498 τὸ
556 2449 657 2513 μὲν
697 2447 820 2499 ἴσον
859 2450 1028 2520 αὐτῆς
1065 2453 1305 2515 νέμεσις,
1343 2451 1407 2499 τὸ
1450 2446 1508 2500 δὲ
1537 2446 1744 2519 ἄδηλον
1771 2446 1952 2512 ἐλπίς,
1992 2449 2055 2499 τὸ
2085 2445 2143 2498 δὲ
2183 2447 2347 2513 ἀναγ-

252 2537 412 2584 καῖον
460 2537 660 2602 μοῖρα,
710 2536 774 2584 τὸ
826 2532 885 2585 δὲ
936 2533 1153 2587 δίκαιον
1202 2536 1403 2601 θέμις,
1455 2531 1824 2600 πολυώνυμός
1872 2551 1960 2595 τις
1999 2535 2076 2594 ὡς
2115 2529 2349 2601 ἀληθῶς

255 2619 394 2679 θεὸς
447 2620 542 2670 καὶ
588 2616 966 2688 πολύτροπος.
1060 2622 1231 2689 ταύτῃ
1280 2620 1571 2670 ἐπέθεσαν
1626 2621 1720 2670 καὶ
1767 2620 2002 2688 γεωργοὶ
2048 2619 2350 2688 Δήμητρος

403 2815 421 2854 1
455 2809 508 2856 ἐν
535 2824 618 2867 pro
650 2807 716 2865 ὡς
746 2811 780 2855 Ρ
870 2807 936 2865 ὡς
963 2808 1170 2869 μάλιστα
1202 2826 1290 2859 om.
1322 2813 1359 2856 B
1457 2817 1480 2855 2
1511 2807 1621 2870 ἡμῖν
1651 2811 1784 2857 UBM
1873 2810 2200 2867 συμπλέοντας
2231 2809 2264 2851 Ρ

257 2885 281 2924 3
312 2875 538 2942 ἆσυρίους
566 2882 601 2925 Ρ
716 2875 1092 2941 σαρδαναποῖλου
1118 2882 1222 2927 libri
1351 2887 1378 2927 4
1411 2887 1594 2943 τροφῆς
1621 2883 1739 2936 libri,
1769 2877 1920 2941 ἀρχῆς
1950 2881 2082 2925 Dind.
2179 2885 2204 2924 6
2235 2881 2346 2924 Eur.

257 2952 509 3009 Antigonae
536 2952 621 3008 frg.
657 2956 733 2996 157
757 2952 920 2997 Nauck
1066 2957 1088 2996 7
1120 2953 1549 3012 παραποιησαμένη
1579 2952 1753 3008 scripsi,
1784 2951 2189 3011 περιποιησαμένη
2219 2950 2349 2996 UBM

258 3022 624 3080 περιποιουμένη
654 3022 734 3066 PH
907 3027 933 3067 9
963 3020 1021 3069 τὸ
1053 3037 1134 3080 pro
1166 3026 1253 3070 τοῦ
1282 3024 1363 3068 UB
1506 3019 1755 3081 γινώσκειν
1783 3022 1899 3065 libri·
2038 3021 2086 3067 δὲ
2117 3021 2267 3065 addidi
2293 3033 2351 3064 ex

259 3093 520 3137 coniectura
695 3097 744 3136 10
775 3091 947 3147 πελλος
976 3093 1018 3137 Η
1047 3094 1182 3147 τέλος
1213 3094 1367 3147 ceteri,
1399 3106 1512 3139 corr.
1545 3093 1738 3138 casaub.
1905 3096 1952 3135 12
1985 3087 2265 3152 ἀναβλέψας
2294 3105 2350 3136 ex

259 3162 520 3208 coniectura.
547 3163 700 3206 addidi
876 3167 925 3207 13
953 3165 1192 3222 κερδαίνει
1224 3164 1352 3207 ΜΡΗ
1523 3163 1686 3207 Nauck
1716 3162 1796 3218 frg.
1828 3167 1941 3219 trag.
1974 3162 2129 3220 adesp.
2159 3166 2234 3206 125

264 3238 312 3278 15
347 3233 701 3292 συνϊλεγμένους
729 3233 764 3277 Ρ
891 3238 941 3277 16
973 3235 1134 3280 δίδωσι
1157 3234 1239 3279 PH
1268 3236 1332 3288 (iu
1352 3234 1391 3279 U
1423 3251 1450 3279 ν
1479 3240 1674 3287 erasum)
1813 3237 1863 3278 18
1894 3235 2007 3293 βίον
2037 3234 2072 3276 Ρ
2190 3225 2266 3279 ὅτι
2294 3257 2350 3267 -

263 3308 314 3347 19
345 3305 689 3363 παραγίγνεται
717 3304 774 3348 ab
805 3309 1069 3360 excerptore
1098 3303 1334 3349 decurtata
1363 3304 1569 3349 videntur
1727 3302 1968 3363 πονήμασι
1997 3305 2047 3348 Μ
2076 3317 2134 3348 m.
2167 3318 2235 3360 pr.

261 3374 337 3420 ἐπὶ
368 3401 420 3407 -
458 3379 505 3419 19
538 3370 603 3428 ὡς
632 3375 796 3419 seclusi
826 3388 939 3431 quae
969 3387 1025 3420 ex
1055 3375 1253 3431 margine
1281 3375 1580 3432 irrepserunt3
1614 3372 1735 3421 'nunc
1768 3376 1884 3421 enim
1913 3377 1971 3420 de
2000 3375 2185 3420 sinistra
2213 3387 2350 3419 manu
2418 3393 2442 3405 ν

261 3448 410 3502 agitur
527 3450 578 3491 19
609 3447 927 3505 παραγίνεται
956 3446 1090 3491 ΒΜΗ
1121 3446 1380 3506 παρέχεται
1412 3447 1451 3492 U
1538 3451 1592 3491 20
1630 3444 1873 3502 Τάνταλος
1904 3474 1952 3479 -
1986 3440 2044 3506 ἦν
2071 3447 2186 3491 haec
2217 3458 2352 3491 sensu

263 3524 441 3569 carent,
484 3518 542 3562 ad
571 3517 835 3573 explendam
865 3516 1059 3561 fortasse
1089 3519 1299 3561 lacunam
1327 3518 1443 3561 male
1473 3517 1692 3574 conficta3
1740 3531 1842 3562 nam
1881 3519 1938 3562 ab
1979 3516 2350 3562 antecedentibus

261 3588 376 3632 haec
403 3587 538 3644 plane
565 3587 810 3632 abhorrent
923 3586 1062 3646 μέχρι
1092 3579 1188 3646 ἆρα
1219 3588 1322 3639 (hoc
1353 3588 1464 3641 ord„
1497 3587 1576 3632 sed
1605 3601 1827 3645 superscr.
1860 3605 1891 3635 α
1920 3593 1970 3649 β)
2002 3589 2036 3633 Ρ
2169 3592 2218 3631 21
2251 3588 2350 3646 χεί-

264 3661 361 3703 λων
390 3658 438 3702 Μ
465 3658 664 3717 χειλέων
685 3659 723 3703 Β
751 3660 979 3716 χειλιεῶν
1009 3661 1118 3709 (acc.
1145 3670 1174 3701 a
1195 3661 1327 3712 corr.)
1350 3658 1387 3703 U
1475 3654 1742 3716 εὖδαιμόνει
1761 3660 1800 3703 Β
1890 3663 1943 3703 22
1976 3656 2197 3717 οἴχεσθαι
2218 3659 2265 3702 Μ

265 3731 317 3771 23
349 3721 502 3783 οὕτως
533 3730 571 3773 Β
686 3732 740 3774 25
772 3729 960 3788 νέμησις
990 3729 1023 3772 Ρ
1140 3725 1315 3788 ἄδηλον
1343 3728 1490 3784 ἐλπίς,
1520 3726 1579 3777 τὸ
1610 3730 1665 3777 δὲ.
1690 3743 1776 3775 om.
1811 3730 1849 3775 U
1880 3745 1937 3774 m.
1969 3743 2038 3787 pr.
