2684 4140
364 273 471 323 292
1073 263 1282 310 DIONIS
1310 262 1735 309 MELANOOMAS

523 564 646 626 (79)
697 556 1452 626 ΜΕΛΑΓΚΟΜΑΣ
1499 558 1559 625 Β
1607 558 1799 624 ΤΗΙ
1847 559 2166 628 ΤΑΞΕΙ
2216 562 2299 627 Α.
2487 579 2655 619 (5313]

1322 703 1496 711 ————.-—

300 812 325 860 1
505 797 840 870 Ἀναβάντες
879 802 995 852 ἀπὸ
1023 808 1127 852 τοῦ
1163 799 1388 869 λιμένος
1427 803 1602 864 εὐθὺς
1628 799 1975 870 ἐβαδίζομεν,
2015 806 2296 872 ὀψόμενοι
2333 808 2465 869 τούς

371 887 655 960 ἀθλητάς,
706 889 783 950 ὡς
821 889 888 938 ἂν
926 889 1024 958 τὴν
1062 884 1195 958 ὅλην
1233 886 1544 958 ἐπιδημίαν
1583 892 1968 957 πεποιημένοι
2003 892 2144 941 κατὰ
2183 892 2329 943 θέαν
2367 898 2470 943 τοῦ

370 976 600 1043 ἀγῶνος.
664 973 793 1024 ἐπεὶ
819 970 878 1023 δὲ
906 974 1052 1041 πρὸς
1077 970 1157 1040 τῷ
1187 974 1475 1041 γυμνασίῳ
1507 970 1662 1044 ἦμεν,
1701 976 1833 1036 τούς
1869 978 1971 1040 μέν
2008 993 2167 1038 τινας
2205 980 2466 1047 ἑωρῶμεν

369 1061 427 1111 ἐν
466 1057 544 1127 τῷ
586 1056 773 1127 δρόμῳ
815 1054 922 1121 ἔξω
963 1061 1278 1123 τρέχοντας,
1315 1060 1410 1110 καὶ
1441 1061 1644 1129 κραυγὴ
1674 1065 1786 1110 τῶν
1814 1057 2347 1128 παρακελευομένων
2384 1059 2469 1132 ἧν,

367 1146 499 1207 τούς
549 1142 608 1195 δὲ
656 1145 751 1195 καὶ
796 1141 982 1206 ἄλλως
1027 1140 1490 1211 γυμναζομένους.
1567 1146 1792 1206 τούτοις
1838 1146 1940 1210 μὲν
1992 1145 2087 1196 οὖν
2140 1147 2235 1197 οὐκ
2282 1144 2466 1200 ἐδόκει
2501 1161 2526 1202 5

299 1237 331 1286 2
375 1234 701 1300 προσέχειν·
741 1231 885 1281 ὅπου
927 1227 986 1280 δὲ
1013 1226 1284 1281 πλεῖστον
1312 1227 1472 1295 ὄχλον
1501 1227 1736 1296 ἴδοιμεν,
1776 1231 1898 1281 ἐκεῖ
1915 1226 2260 1297 ἐβαδίζομεν.
2326 1233 2466 1302 ὁρῶ-

370 1333 471 1382 μεν
522 1315 617 1366 οὖν
656 1317 804 1366 πάνυ
844 1312 1093 1376 πολλοὺς
1131 1317 1436 1385 ἑστηκότας
1476 1317 1622 1384 πρὸς
1660 1322 1728 1385 τῇ
1767 1312 1965 1384 ἐξέδρᾳ
2004 1314 2107 1366 τοῦ
2134 1307 2469 1386 Ἡρακλέους

370 1402 466 1452 καὶ
503 1404 728 1469 ἐτέρους
766 1402 855 1453 ἀεὶ
893 1403 1304 1469 προσάγοντας,
1344 1402 1476 1463 τοὺς
1516 1398 1574 1452 δὲ
1599 1402 1694 1452 καὶ
1719 1402 1999 1462 ἀπιόντας
2030 1399 2123 1452 διὰ
2161 1403 2225 1452 τὸ
2263 1403 2336 1473 μὴ
2381 1400 2472 1453 δύ-

370 1487 590 1538 νασθαι
629 1484 785 1538 ἰδεῖν.
849 1488 912 1537 τὸ
950 1487 1052 1552 μὲν
1092 1485 1187 1537 οὖν
1226 1492 1454 1555 πρῶτον
1498 1486 1869 1555 ἐπειρώμεθα
1910 1488 2045 1555 ὁρᾶν
2083 1488 2632 1556 ὑπερκύπτον-(289Μ)

360 1569 487 1635 τες,
535 1573 630 1623 καὶ
675 1569 840 1637 μόλις
886 1575 1149 1640 ἑωρῶμεν
1200 1578 1303 1622 τοῦ
1347 1567 1759 1639 γυμναζομένου
1808 1573 1907 1642 τὴν
1949 1569 2198 1643 κεφαλὴν
2235 1574 2329 1623 καὶ
2365 1574 2467 1635 τὰς
2504 1586 2551 1627 10

366 1661 561 1726 χεῖρας
599 1658 1023 1718 ἀνατετακότος.
1061 1658 1262 1708 ἔπειτα
1300 1657 1441 1707 κατὰ
1468 1659 1666 1726 μικρὸν
1698 1655 1972 1726 ἐνδοτέρω
2012 1658 2341 1724 ἐγενόμεθα.
2404 1655 2470 1727 ἧν

374 1742 469 1792 οὖν
506 1743 795 1804 νεανίσκος
833 1744 982 1793 πάνυ
1019 1745 1194 1809 μέγας
1229 1743 1324 1792 καὶ
1360 1739 1545 1805 καλός,
1586 1743 1672 1793 ἔτι
1711 1739 1787 1805 δέ,
1828 1743 1905 1803 ὡς
1944 1743 2107 1805 εἰκός,
2146 1738 2338 1808 μεῖζον
2378 1744 2472 1793 αὐ-

374 1833 477 1877 τοῦ
520 1829 615 1878 καὶ
650 1825 878 1878 κάλλιον
915 1829 1029 1878 ὑπὸ
1069 1834 1167 1898 τῆς
1204 1828 1517 1895 γυμνασίας
1555 1829 1618 1877 τὸ
1662 1833 1823 1893 σῶμα
1863 1828 2146 1897 ἐφαίνετο.
2217 1818 2370 1878 ’πάνυ
2413 1825 2472 1878 δὲ

376 1910 650 1982 λαμπρῶς
676 1908 1007 1993 ἐγυμνάζετο
1034 1914 1128 1964 καὶ
1151 1913 1293 1979 μετὰ
1324 1914 1703 1983 φρονήματος,
1746 1913 1890 1963 ὥστε
1918 1908 2306 1980 ἀγωνιζομένῳ
2335 1910 2471 1979 μάλ-

306 2003 336 2053 3
377 1995 472 2049 λον
511 1992 688 2066 ἐῴκει.
763 2000 892 2050 ἐπεὶ
941 1996 1000 2049 δὲ
1049 1999 1342 2049 ἐπαύσατο
1381 1994 1794 2065 γυμναζόμενος
1842 1999 1936 2048 καὶ
1976 2000 2039 2048 τὸ
2080 1995 2309 2068 πλῆθος
2347 1999 2468 2050 ἀνε-
2506 2009 2553 2053 15

366 2085 569 2153 χώρει,
618 2090 987 2150 κατενοοῦμεν
1039 2084 1206 2134 αὐτὸν
1251 2080 1704 2153 ἐπιμελέστερον.
1779 2079 1845 2152 ἥν
1886 2081 1945 2133 δὲ
1984 2085 2182 2149 ὅμοιος
2218 2087 2340 2145 τοῖς
2378 2085 2470 2135 ἀν-

374 2166 564 2237 δριᾶσι
610 2173 732 2230 τοῖς
783 2169 1027 2238 ἀκριβῶς
1075 2170 1492 2238 εἰργασμένοις·
1544 2166 1654 2233 εἶχε
1705 2165 1764 2218 δὲ
1802 2169 1896 2218 καὶ
1932 2169 1996 2218 τὸ
2037 2173 2235 2237 χρῶμα
2275 2170 2472 2234 ὅμοιον

304 2259 337 2307 4
370 2251 557 2321 χαλκῷ
605 2258 937 2323 κεκραμένῳ.
1024 2255 1152 2304 ἐπεὶ
1200 2251 1259 2304 δὲ
1310 2250 1635 2323 ἀπηλλάγη,
1684 2258 1794 2304 τῶν
1844 2255 2142 2321 παρόντων
2180 2254 2305 2304 τινά
2345 2256 2473 2323 ἠρό-
2499 2269 2675 2311 (532311

375 2339 531 2405 μεθα
571 2340 890 2409 πρεσβύτην
929 2341 1086 2400 ὅστις
1137 2337 1238 2408 εἴη.
1314 2340 1407 2389 καὶ
1446 2338 1507 2398 ὃς
1550 2339 2003 2407 σκυθρωπάσας,
2061 2337 2241 2400 Οὗτος
2277 2343 2473 2404 μέντοι

364 2416 679 2493 Ἰατροκλῆς
729 2426 759 2474 ὁ
807 2430 910 2474 τοῦ
944 2421 1292 2491 Μελαγκόμα
1343 2424 1762 2493 ἀνταγωνιστὴς
1804 2425 1898 2474 καὶ
1933 2426 2105 2489 μόνος
2143 2425 2331 2491 ἐκείνῳ
2375 2425 2471 2475 οὐκ
2506 2437 2554 2478 20

375 2506 548 2572 ἀξιῶν
588 2512 946 2579 παραχωρεῖν
984 2510 1047 2559 τὸ
1086 2515 1216 2576 γοῦν
1243 2502 1341 2578 ἐφ’
1387 2507 1584 2576 ἑαυτῷ.
1652 2506 1811 2558 οὐδὲν
1838 2512 2033 2573 μέντοι
2066 2505 2239 2559 πλέον
2267 2510 2473 2560 ἐποίει.

375 2598 582 2662 ἡττᾶτο
608 2595 711 2664 γὰρ
741 2596 829 2646 ἀεὶ
854 2596 1034 2665 ἐνίοτε
1075 2587 1155 2645 δι’
1199 2591 1330 2664 ὅλης
1357 2601 1455 2664 τῆς
1492 2597 1704 2664 ἡμέρας
1731 2595 2178 2661 ἀγωνισάμενος·
2216 2592 2320 2664 ἤδη
2348 2598 2475 2661 μέν·

378 2696 469 2730 τοι
509 2681 820 2750 ἀπειρήκει,
863 2681 1006 2730 ὥστε
1045 2681 1142 2730 τὸν
1180 2677 1501 2730 τελευταῖον
1540 2685 1737 2730 τοῦτον
1777 2680 1963 2746 ἀγῶνα
1992 2681 2087 2730 τὸν
2126 2681 2184 2730 ἐν
2222 2686 2291 2749 τῇ
2328 2683 2476 2731 Νεα-

379 2761 547 2814 πόλει
597 2762 794 2816 οὐδένα
839 2767 1139 2833 ταχύτερον
1190 2767 1390 2815 τούτου
1441 2766 1706 2834 ἐνίκησεν.
1797 2762 1938 2814 ἀλλὰ
1987 2770 2081 2814 νῦν
2132 2766 2294 2832 ὁρᾶτε
2342 2767 2475 2816 ὅσον

379 2854 586 2919 φρονεῖ
624 2851 718 2902 καὶ
767 2853 825 2901 ἐν
863 2853 976 2917 ὅσῳ
1025 2847 1243 2920 πλήθει
1278 2845 1628 2917 γυμνάζεται.
1706 2848 1868 2915 οἶμαι
1908 2846 1966 2899 δὲ
2007 2850 2176 2916 ἔγωγε
2213 2851 2307 2900 καὶ
2344 2852 2469 2900 ἐπι-
2507 2863 2555 2905 25

372 2935 591 3004 χαίρειν
638 2936 804 2986 αὐτὸν
843 2936 1050 3002 ἐκείνῳ.
1125 2936 1218 2985 καὶ
1256 2936 1405 2996 εἰκὸς
1429 2938 1651 3000 μέντοι·
1693 2935 1755 2985 οὐ
1793 2935 1896 3003 γὰρ
1935 2937 2107 3000 μόνον
2145 2941 2342 2984 τοῦτον
2381 2936 2478 2985 τὸν

373 3024 679 3096 στέφανον,
719 3018 860 3071 ἀλλὰ
897 3021 991 3071 καὶ
1027 3021 1158 3082 τοὺς
1197 3017 1402 3081 ἄλλους
1442 3021 1699 3080 ἅπαντας
1738 3021 2046 3070 ἐπίσταται
2085 3020 2258 3069 αὑτοῦ
2295 3020 2475 3079 ὄντας.

313 3107 343 3156 5
379 3097 589 3174 Ἠγάρ,
629 3107 786 3176 ἔφην,
827 3106 1096 3176 τέθνηκεν
1126 3107 1156 3156 ὁ
1182 3103 1563 3173 Μελαγκόμας
1575 3124 1594 3167 ,·
1631 3106 1759 3155 ἐπεὶ
1784 3107 1849 3154 τό
1886 3120 1945 3172 γε
1975 3106 2150 3170 ὄνομα
2188 3105 2282 3155 καὶ
2317 3107 2479 3174 ἡμεῖς

378 3180 634 3257 ιἤδειμεν,
685 3191 851 3242 αὐτὸν
903 3188 1273 3242 οὐδεπώποτε
1323 3188 1553 3251 ἰδόντες.
1637 3188 1716 3240 Οὐ
1756 3190 1869 3257 πρὸ
1910 3186 2129 3239 πολλοῦ
2163 3205 2252 3256 γε,
2301 3187 2477 3251 εἶπεν,

380 3270 520 3323 ἀλλὰ
559 3275 715 3343 τρίτη
757 3292 869 3326 που
906 3280 1084 3347 ἡμέρα
1124 3278 1275 3328 ἐστὶν
1303 3277 1420 3326 ἀπὸ
1460 3283 1558 3347 τῆς
1584 3282 1785 3346 ταφῆς.
1855 3275 1982 3326 Τίνι
2010 3272 2086 3339 δέ,
2127 3273 2307 3338 εἶπον,
2347 3276 2471 3324 τού·
2508 3287 2556 3328 30

381 3374 478 3408 του
509 3355 750 3429 διέφερε,
788 3362 881 3412 καὶ
905 3367 1015 3412 τῶν
1043 3359 1227 3413 ἄλλων
1268 3359 1344 3424 δέ,
1385 3363 1627 3431 πότερον
1666 3360 1901 3427 μεγέθει
1937 3360 1968 3429 ἢ
2009 3360 2282 3427 εὐψυχίᾳ,
2313 3349 2475 3408 Ἐκεῖ-

521 3539 721 3584 Titulus:
755 3539 1082 3599 Μελαγκόμας
1109 3538 1164 3599 β’
1196 3545 1254 3600 τῇ
1284 3537 1414 3596 τάξει
1444 3538 1496 3588 α’
1527 3540 1661 3587 UBM
1836 3544 1885 3583 11
1919 3533 2282 3591 ανατετακότας
2319 3536 2360 3581 U

383 3613 435 3655 16
463 3607 729 3657 κατενόουν
756 3612 844 3668 μὲν
873 3612 923 3655 Μ
1038 3616 1090 3657 25
1123 3607 1168 3658 δ’
1200 3608 1350 3671 ἔγωγε
1380 3612 1421 3658 U
1551 3615 1606 3656 26
1637 3612 1814 3658 τοῦτον
1842 3605 1932 3656 τὸν
1960 3606 2202 3667 στέφανον
2231 3607 2287 3652 de
2316 3607 2475 3652 futura

380 3681 568 3727 victoria
603 3682 650 3726 in
699 3683 815 3728 ludis
861 3683 938 3740 qui
983 3685 1095 3728 tunc
1139 3684 1372 3729 instabant
1418 3682 1692 3741 reportanda.
1736 3681 1907 3726 dictum
1945 3691 2044 3724 esse
2089 3679 2200 3724 vidit
2238 3678 2370 3735 Emp.
2412 3678 2474 3732 (in

381 3751 573 3808 schedis)
690 3757 742 3797 27
775 3749 922 3801 αὐτοῦ
949 3754 992 3799 U
1108 3757 1161 3798 28
1191 3748 1274 3811 ἐφ’
1305 3745 1332 3811 ἦ
1364 3754 1413 3798 Μ
1528 3752 1607 3800 ἐπὶ
1637 3752 1686 3795 Μ
