2684 4140
895 275 1313 323 CORINTHIAGA
1340 274 1573 320 XXXVII.
2207 273 2271 328 21

187 419 411 476 Ἱππίου
459 425 552 475 καὶ
589 416 870 491 Ἰσαγόρου
919 424 1011 473 καὶ
1058 418 1356 490 τυραννίδα
1405 426 1503 490 τῆς
1541 410 1799 480 Ἑλλάδος
1858 419 2274 483 καθίστασθαι,

195 516 414 579 πρῶτοι
462 510 562 574 μὲν
611 507 976 572 αἰσθόμενοι,
1026 504 1271 572 μάλιστα
1322 503 1379 556 δὲ
1431 502 1796 574 ἀλγήσαντες,
1848 505 2110 571 ἡγεμόνες
2156 498 2277 570 <δὲ>

194 600 314 656 τοῖς
353 591 545 655 ἄλλοις
582 599 680 662 τῆς
717 589 1045 661 ἐλευθερίας
1080 593 1470 653 καταστάντες,
1509 591 1602 641 καὶ
1639 591 1843 658 ταύτην
1881 590 1979 659 τήν
2019 586 2274 638 διάνοιαν

197 680 258 729 ού
296 681 466 744 μόνον
515 679 612 728 ἐπὶ
649 683 758 728 τῶν
791 669 1139 746 Ἀθηναίων,
1191 673 1330 726 ἀλλά
1378 676 1471 725 καὶ
1518 675 1617 725 ἐπὶ
1653 680 1763 724 τῶν
1802 671 2274 738 Λακεδαιμονίων

132 772 156 812 5
197 759 668 833 διαφυλάξαντες,·
703 763 797 812 καὶ
820 755 980 830 <γάρ>
1003 757 1486 825 Λακεδαιμονίοις
1510 760 1652 827 ὑπὲρ
1680 764 1790 809 τῶν
1814 764 2016 809 κοινῶν
2045 755 2275 808 δικαίων

194 855 291 919 τῆς
321 840 584 907 ἙλλάδοςΔ
623 846 762 911 μετὰ
812 852 910 915 τῆς
952 844 1217 915 Θηβαίων
1254 845 1347 895 καὶ
1379 837 1624 893 Ἠλείων
1664 841 1886 904 πόλεως
1933 842 2273 911 ἀντέβησαν·

3 943 167 984 nean)
194 926 238 1000 ᾧ
274 935 367 983 καὶ
404 929 679 994 διέδειξαν
708 931 770 981 οὐ
799 927 1179 1000 φιλολάκωνες
1206 931 1376 992 ὄντες,
1418 921 1548 978 ἀλλ’
1593 925 1790 988 ἁπλῶς
1820 923 2146 997 φιλέλληνες
2181 927 2275 976 καὶ

12 3063 14 3078 s

197 1015 546 1087 φιλοδίκαιοι
580 1017 673 1067 καὶ
711 1012 1108 1085 φιλελεύθεροι
1154 1015 1247 1064 καὶ
1290 1014 1672 1081 μισοπόνηροι
1715 1013 1808 1062 καὶ
1854 1013 2268 1079 μισοτύραννοι.

192 1100 607 1171 μισοβάρβαροι
643 1102 743 1166 μὲν
780 1100 882 1168 γὰρ
925 1100 1101 1159 οὕτως
1136 1095 1307 1167 ἦσαν,
1360 1086 1502 1147 ὥστε
1542 1098 1624 1157 εἰς
1666 1094 2042 1165 Θερμοπύλας
2079 1113 2269 1163 τετρα-
2295 1093 2357 1144 18

115 1195 158 1235 10
194 1188 420 1247 κοσίους
462 1191 620 1256 σφῶν
659 1177 840 1234 αὐτῶν
879 1180 1236 1245 ἀπέστειλαν,
1276 1184 1476 1250 ὅτεπερ
1514 1182 1608 1231 καὶ
1644 1179 2097 1246 Λακεδαιμόνιοι
2121 1198 2275 1249 τρια·

190 1272 429 1332 κοσίους.
505 1271 562 1320 ἐν
599 1266 876 1333 Σαλαμῖνι
915 1265 973 1317 δὲ
1023 1268 1358 1336 ἠρίστευσαν
1409 1267 1502 1316 καὶ
1551 1273 1649 1335 τῆς
1697 1267 1850 1334 νίκης
1900 1264 2078 1315 αἴτιοι
2119 1268 2275 1315 κατέ-

194 1368 417 1425 στησαν.
484 1347 763 1422 Ἡροδότῳ
803 1352 906 1421 γὰρ
937 1344 998 1401 οὗ
1028 1355 1307 1420 προσέχω,
1347 1348 1487 1400 ἀλλὰ
1527 1348 1605 1417 τῷ
1643 1352 1806 1420 τάφῳ
1845 1351 1939 1401 καὶ
1976 1347 2053 1416 τῴ
2092 1350 2275 1413 Σιμω-

191 1438 330 1508 νίδῃ,
370 1439 432 1500 ὃς
469 1440 792 1507 ἐπέγραψεν
830 1438 929 1487 ἐπὶ
966 1440 1086 1497 τοῖς
1126 1440 1341 1504 νεκροῖς
1380 1442 1490 1486 τῶν
1530 1436 1862 1505 Κορινθίων
1895 1434 2276 1500 τεθαμμένοις

190 1526 247 1579 ἐν
289 1520 589 1588 Σαλαμῖνι·

112 1615 157 1656 15
447 1606 489 1657 ὦ
532 1600 702 1670 ξεῖν’,
743 1591 969 1676 εὔυδρόν
1008 1598 1141 1656 ποτ’
1184 1607 1442 1671 ἐναίομεν
1482 1607 1621 1656 ἄστυ
1660 1606 1981 1673 Κορίνθου,

511 1699 604 1743 νῦν
645 1685 700 1743 δ’
743 1685 888 1758 ἄμμ’
932 1690 1189 1752 Αἴαντος
1227 1696 1394 1753 νᾶσος
1433 1692 1546 1755 ἔχει
1581 1688 1849 1756 Σαλαμίς.

441 1779 564 1846 ῥεῖα
607 1775 666 1828 δὲ
709 1778 1023 1838 Φοινίσσας
1061 1784 1196 1846 νῆας
1233 1778 1327 1827 καὶ
1364 1777 1595 1845 Πέρσας
1633 1773 1853 1837 ἑλόντες

509 1864 603 1913 καὶ
638 1859 876 1932 Μήδους
915 1862 1068 1931 ἱερὰν
1100 1852 1317 1912 Ἑλλάδ’
1363 1858 1735 1930 ἱδρυσάμεθα.

189 1947 311 1997 ἔστι
350 1943 408 1996 δὲ
446 1948 538 1998 καὶ
575 1949 762 2016 ἕτερον
801 1948 1126 2015 ἐπίγραμμα
1164 1944 1448 2015 Σιμωνίδῃ
1490 1947 1572 2007 εἰς
1610 1939 1778 1996 αὐτὸν
1828 1947 1923 1996 τὸν
1964 1931 2270 2013 στρατηγὸν
2295 1945 2358 1996 19

110 2040 159 2082 20
195 2028 504 2100 ἐξαίρετον·

446 2114 608 2177 οὗτος
641 2108 1008 2180 Ἀδειμάντου
1046 2117 1228 2166 κείνου
1269 2114 1468 2186 τάφος,
1510 2114 1580 2165 οὗ
1615 2113 1707 2166 διὰ
1747 2113 1956 2181 βουλὰς

0 2211 94 2251 meo
117 2210 174 2252 M)
520 2193 708 2260 Ἑλλὰς
746 2197 1075 2267 ἐλευθερίας
1113 2200 1411 2270 ἀμφέθετο
1454 2204 1747 2270 στέφανον.

20 2293 165 2336 ῐΟΒΙΙ)
188 2282 586 2354 ἠλευθέρωσαν
638 2282 696 2335 δὲ
743 2286 836 2335 καὶ
883 2287 981 2355 τήν
1027 2283 1285 2336 Σικελίαν
1334 2287 1450 2335 ἀπὸ
1501 2291 1610 2336 τῶν
1659 2286 1987 2354 βαρβάρων,
2036 2284 2130 2335 καὶ
2176 2283 2276 2344 τὰς

186 2372 544 2439 Συρακούσας
594 2367 652 2420 δὲ
702 2370 817 2420 ἀπὸ
868 2375 978 2421 τῶν
1025 2372 1322 2440 τυράννων.
1432 2367 1497 2439 ἦν
1558 2362 1611 2421 δ’
1678 2369 1819 2421 ἰδεῖν
1866 2371 2172 2421 Διονύσιον
2221 2370 2277 2418 ἐν

109 2461 155 2502 25
191 2455 481 2524 Κορίνθῳ,
519 2456 713 2520 θέαμα
749 2453 1065 2519 κάλλιστον,
1107 2454 1332 2517 οὐδενὸς
1368 2458 1585 2525 κύριον·
1626 2449 1752 2506 ἀλλ’
1796 2458 1948 2522 ὅμως
1989 2452 2114 2504 οὐδὲ
2154 2458 2277 2503 τοῦ·

187 2556 283 2590 τον
323 2537 504 2600 οὐδεὶς
540 2537 720 2610 ἠδίκει
759 2538 884 2591 οὐδὲ
924 2538 1215 2608 ἐξέβαλλεν
1258 2535 1377 2592 οὐδ’
1423 2538 1686 2611 ἐξήλαυνε
1727 2536 1854 2609 [τῶν
1893 2544 1953 2592 ἐκ
1983 2532 2275 2607 Σικελίας].

322 2627 384 2676 τὸ
414 2617 467 2676 δ’
499 2625 767 2695 ἀνάθημα
795 2632 892 2695 τῆς
919 2624 1140 2688 πόλεως
1165 2628 1251 2688 τίς
1278 2627 1614 2695 ἀνέτρεψεν,·
1643 2627 1704 2676 ού
1730 2628 1831 2692 μὲν
1855 2627 1949 2678 οὖν
1979 2622 2273 2694 στρόβιλος
2294 2626 2362 2676 20

332 2880 347 2918 1
376 2872 636 2935 εἰσαγόρου
655 2875 727 2931 Μ;
750 2876 1034 2922 scribendum
1056 2881 1136 2922 aut
1153 2873 1471 2937 <τὸ>Ἱππίου
1491 2881 1572 2923 aut
1591 2873 1837 2938 Ἰσαγόρου
1855 2873 2209 2938 (ἀδικώτερον)

190 2949 215 2989 2
246 2946 294 2993 δὲ
324 2946 488 3001 addidi,
516 2947 633 2992 idem
663 2946 804 2991 voluit
831 2946 1104 2993 Herwerden
1220 2953 1244 2994 3
1276 2949 1364 3008 τὴν
1393 2962 1479 2994 om.
1501 2949 1552 2992 M
1640 2955 1664 2994 5
1698 2945 1791 3008 γὰρ
1821 2949 1974 2994 addidi
2091 2954 2114 2993 7
2148 2953 2278 3008 φιλο-

187 3013 346 3070 κάλως
375 3012 567 3075 ἔχοντες
594 3017 712 3073 libri,
741 3014 1065 3074 φιλολάκωνες
1097 3015 1235 3073 ὄντες
1265 3019 1441 3064 Selden.
1617 3022 1643 3063 9
1672 3015 1767 3078 γὰρ
1797 3032 1884 3064 om.
1914 3020 1963 3063 M
2112 3024 2161 3063 10
2195 3012 2278 3066 ὅτε

190 3101 321 3146 παρα
351 3089 432 3132 καὶ
460 3086 511 3131 Μ
597 3088 904 3146 τριακοσίους
935 3087 1133 3133 Cobetus
1163 3101 1220 3132 ex
1239 3088 1455 3133 Herodot.
1478 3088 1563 3132 VII
1591 3091 1688 3141 202,
1718 3091 2062 3147 τετρακοσίους
2091 3089 2194 3134 libri

196 3159 245 3199 12
285 3156 401 3200 idem
438 3156 709 3213 epigramma
747 3157 878 3201 affert
906 3157 1027 3203 Plut.
1060 3158 1116 3202 de
1145 3158 1311 3203 Herod.
1344 3158 1520 3214 malign.
1552 3161 1606 3203 39
1647 3158 1874 3205 Simonide
1912 3173 2005 3205 non
2045 3161 2277 3206 nominato

191 3225 249 3269 cf.
281 3226 444 3281 Bergk.
474 3226 550 3271 PL
579 3226 648 3270 111
676 3240 720 3283 p.
753 3231 837 3271 454
868 3227 936 3272 ed.
968 3233 1009 3273 4.
1129 3233 1179 3273 15
1211 3221 1252 3274 αἶ
1281 3232 1402 3284 ξεῖνε
1431 3229 1480 3272 Μ
1511 3221 1550 3275 ὦ
1581 3231 1682 3284 ξένε
1714 3230 1809 3284 UB,
1843 3244 1957 3276 corr.
1990 3231 2192 3276 Brunck.

193 3291 364 3355 εὔδρόν
391 3294 432 3340 U
579 3300 629 3340 16
660 3299 743 3343 νῦν
772 3297 822 3343 δὲ
851 3293 963 3354 μετ’
997 3297 1193 3353 αἶἀντος
1221 3300 1339 3354 libri,
1370 3313 1486 3345 corr.
1518 3300 1801 3346 Valckenaer
1830 3302 2065 3347 Plutarchi
2093 3303 2278 3359 vestigia

193 3370 375 3410 secutus
520 3360 597 3423 ἔχε
627 3365 676 3408 Μ
826 3371 876 3411 17
907 3365 1080 3415 ἐνθάδε
1109 3383 1192 3426 pro
1223 3368 1330 3430 ῥεῖα
1360 3370 1410 3417 δὲ
1438 3371 1557 3416 Plut.
1704 3374 1818 3430 νῆας
1848 3373 1884 3416 Β
1917 3376 2030 3427 ναῦς
2058 3372 2151 3418 UM

196 3439 245 3480 18
271 3431 465 3482 Ἑλλάδα
498 3432 746 3495 ῥυσάμεθα
777 3436 1017 3483 Jacobsius
1040 3435 1236 3486 Ἑλλάδα
1269 3437 1487 3499 ῥυόμεθα
1518 3441 1635 3487 Plut.
1761 3448 1809 3487 19
1840 3441 2141 3505 ἐπίγραμμαε
2172 3444 2278 3488 item

192 3506 460 3574 apud-Plut.
492 3506 521 3550 l.
552 3506 582 3550 l.
612 3512 790 3563 prostat
934 3512 982 3553 21
1022 3503 1082 3555 ὃν
1111 3506 1184 3557 διὰ
1217 3514 1350 3558 πᾶσα
1381 3512 1499 3557 Plut.
1630 3517 1684 3558 24
1715 3512 2047 3570 συρακούσσας
2076 3514 2166 3559 ΒΜ

193 3579 291 3621 τῶν
320 3589 406 3621 om.
438 3576 487 3620 M
603 3575 656 3623 ἐν
686 3578 734 3621 Μ
763 3578 851 3635 μὲν
881 3577 934 3625 ἐν
963 3579 1042 3624 UB
1159 3585 1211 3626 25
1242 3579 1428 3629 τούτων
1456 3582 1497 3628 U
1623 3587 1677 3629 26
1709 3578 1813 3632 οὐδ’
1842 3586 1995 3642 priore
2025 3586 2125 3629 loco
2157 3585 2194 3629 U

194 3641 311 3729 οὐδὲν
331 3648 603 3763 αΙΞΕΓΟΝΙΙοοο
635 3649 672 3692 Β
808 3653 906 3696 τῶν
935 3649 989 3697 ἐκ
1020 3654 1243 3707 Σικελίας
1274 3654 1358 3700 del.
1391 3654 1525 3699 Dind.
1641 3660 1692 3700 27
1726 3651 1782 3703 οὗ
1813 3656 1989 3713 scripsi,
2021 3655 2065 3702 εἰ
2091 3655 2195 3699 libri

193 3732 366 3778 στροφι
398 3733 451 3772 ος
