2684 4140
340 268 444 329 290
1061 262 1268 308 DIONIS
1298 261 1725 308 MELANCOMAS

342 412 446 471 θις
483 411 629 474 ἔχειν
667 409 764 458 τὸν
803 407 971 457 αὐτὸν
1010 403 1352 458 ἀντίπαλον·
1392 404 1604 457 ἐνθάδε
1632 404 1749 477 δὲη
1792 409 1910 477 νίκη
1952 410 2086 477 περὶ
2110 417 2209 481 τῆς
2234 415 2446 481 ἡμέρας

344 494 557 562 ἐκείνης
595 493 780 555 ἐστίν,
826 492 1028 541 ἔπειτα
1065 492 1160 542 καὶ
1196 492 1327 552 τούς
1365 494 1716 559 ἡττωμένους
1755 493 1966 557 ὁμοίως
2005 495 2036 543 ό
2073 502 2240 546 νικῶν
2279 497 2444 548 ἀντα-

260 580 327 631 16
351 576 630 645 γωνιστάς
656 576 770 641 ἔχει
806 578 898 627 καὶ
923 581 1034 627 τῶν
1073 573 1258 627 ἄλλων
1296 578 1393 626 τόν
1431 573 1787 643 βουλόμενον.
1850 578 1935 628 ἔτι
1964 574 2084 646 <δὲ>
2110 579 2321 632 ἐνθάδε
2344 584 2446 648 μὲν

345 663 377 712 ὁ
411 661 678 730 κρείττων
715 666 818 711 τοῦ
852 662 1086 730 ἥττονος
1123 662 1444 730 περίεστιν·
1487 660 1671 714 οὐδενὶ
1706 663 1809 732 γὰρ
1842 660 1991 731 ἄλλῳ
2031 665 2063 734 ἢ
2105 672 2174 735 τῇ
2200 660 2443 736 εὐψυχίᾳ
2468 673 2651 719 (543311

341 747 435 796 καὶ
473 746 630 810 ἰσχύϊ
663 743 758 796 δεῖ
785 750 1036 814 κρατεῖν·
1075 748 1134 797 ἐν
1173 743 1232 797 δὲ
1260 751 1382 808 τοῖς
1421 744 1754 818 πολέμοιςή
1787 755 1890 798 τοῦ
1916 746 2147 819 σιδήρου
2190 749 2441 818 δύναμις,
2478 759 2503 799 5

342 828 490 881 πολὺ
527 831 795 899 κρείττων
835 830 974 881 οὖσα
1001 838 1101 902 τῆς
1127 832 1502 902 ἀνθρωπίνης
1530 834 1771 903 φύσεως,
1813 826 1910 884 οὐκ
1947 833 2013 902 ἐᾷ
2052 837 2151 905 τὴν
2190 843 2300 887 τῶν
2342 851 2445 888 σω-

341 918 535 983 μάτων
588 916 788 986 ἀρετὴν
836 913 1234 980 ἐξετάζεσθαι,
1286 915 1562 980 πολλάκις
1602 916 1660 968 δὲ
1700 920 1847 986 πρὸς
1883 925 1995 970 τῶν
2028 923 2298 989 χειρόνων
2334 923 2448 989 γίγ-

341 1019 512 1053 νεται.
694 1004 800 1052 ὅσα
842 999 899 1053 δὲ
941 1002 1015 1052 αὖ
1050 1004 1183 1071 περὶ
1220 1000 1540 1074 ἀθλήσεως,
1579 1005 1673 1054 καὶ
1710 1006 1844 1073 περὶ
1880 999 2038 1071 <τοῦ>
2076 1003 2335 1075 ἀθλητοῦ
2371 1005 2448 1057 εἴ·

342 1105 481 1158 ρηκα
521 1082 649 1156 [καὶ]
704 1085 1154 1154 ἀποδειχθέντος
1206 1104 1266 1156 γε
1316 1091 1405 1139 ὅτι
1457 1091 1691 1158 ἄριστός
1743 1092 1868 1141 ἐστι
1913 1097 2024 1142 τῶν
2074 1093 2133 1141 έν
2172 1090 2249 1159 τῷ
2290 1093 2448 1160 ἔργῳ.

258 1172 261 1173 ’
343 1171 483 1235 ἴσως
534 1170 593 1224 δὲ
642 1174 813 1239 κάμοὶ
858 1175 953 1225 καὶ
1000 1178 1122 1235 τοῖς
1171 1180 1423 1242 παροῦσι
1462 1176 1764 1245 προσήκων
1805 1177 1835 1226 ὁ
1875 1173 2053 1244 λόγος,
2095 1177 2239 1228 ὥστε
2277 1184 2442 1228 τοῦτο
2483 1183 2529 1226 10

345 1261 582 1328 ἄριστον
621 1260 987 1329 ἀποφαίνειν.

486 1346 594 1411 ὅτῳ
637 1345 746 1413 ἄρα
784 1342 998 1416 ὑπῆρξε
1035 1346 1137 1410 μὲν
1173 1342 1379 1406 κάλλος
1431 1347 1708 1411 σώματος,
1748 1344 1962 1416 ὑπῆρξε
2001 1345 2060 1397 δὲ
2089 1345 2318 1416 ἀνδρεία
2355 1350 2451 1400 καὶ

343 1423 612 1498 εὐψυχία,
661 1431 747 1480 ἔτι
796 1427 855 1480 δὲ
908 1432 1245 1501 σωφροσύνη
1295 1432 1389 1481 καὶ
1435 1433 1499 1481 τὸ
1551 1432 1825 1501 ἀήττητον
1862 1434 2161 1499 γενέσθαι,
2212 1435 2337 1485 τίνα
2383 1436 2450 1486 ἂν

262 1515 325 1563 17
349 1513 515 1566 τοῦδε
553 1521 658 1565 τοῦ
692 1513 896 1585 ἀνδρὸς
922 1513 1421 1586 εὐδαιμονέστερόν
1449 1534 1535 1577 τις
1576 1518 1839 1587 φήσειεν,
1875 1519 2064 1568 καίτοι
2092 1518 2242 1586 αὐτῷ
2270 1522 2448 1588 τούτῳ

342 1602 776 1670 παραγενέσθαι
807 1598 1195 1666 χαλεπωτάτω
1239 1603 1403 1652 ἐστὸν
1441 1599 1670 1670 ἀνδρεία
1707 1603 1800 1652 καὶ
1838 1606 2204 1674 σωφροσύνη·
2243 1603 2447 1667 κάλλος
2485 1611 2531 1652 15

343 1686 445 1754 γὰρ
487 1686 835 1753 ἀνθρώπους
871 1684 1120 1751 μάλιστα
1173 1684 1236 1756 δὴ
1273 1690 1483 1751 χαυνοῖ
1510 1688 1604 1737 καὶ
1642 1688 1953 1738 ἀναπείθει
1990 1695 2227 1758 τρυφᾶν,
2268 1691 2345 1751 ὡς
2383 1692 2450 1741 ἂν

347 1767 514 1839 δόξης
558 1772 659 1835 μὲν
705 1774 900 1840 ἑτέρας
941 1772 1003 1821 οὐ
1045 1769 1372 1837 δεομένους,
1422 1774 1555 1822 ὅταν
1594 1789 1681 1832 τις
1720 1773 2061 1842 περιβόητος
2101 1758 2138 1842 ᾖ
2176 1777 2239 1824 τὸ
2280 1773 2448 1838 εἶδος,

341 1852 570 1924 ἡδίονος
609 1848 663 1905 δ’
709 1856 879 1926 οὔσης
916 1864 1015 1927 τῆς
1053 1858 1361 1926 ῥᾳθυμίας.
1452 1859 1607 1926 εὕροι
1654 1850 1708 1907 δ’
1764 1860 1831 1909 ἀν
1879 1877 1967 1920 τις
2010 1857 2072 1922 ἐξ
2110 1860 2280 1930 ἀρχῆς
2318 1861 2450 1910 ἀνα-

346 1936 702 2007 λογιζόμενος
742 1943 873 2003 τούς
910 1939 1245 2004 καλλίστους
1270 1948 1381 1993 τῶν
1415 1945 1692 2011 πρότερον
1719 1944 1850 2005 τοὺς
1878 1941 1941 2014 δὴ
1982 1942 2231 2006 πολλούς
2270 1945 2451 1995 αὐτῶν
2476 1954 2623 1994 ‹297M›

349 2023 508 2076 οὐδὲν
559 2024 821 2096 ἀνδρείας
861 2025 987 2078 οὐδὲ
1028 2029 1229 2097 ἀρετῆς
1268 2029 1429 2096 ἔργον
1469 2025 1979 2094 ἀποδειξαμένους,
2020 2027 2162 2080 ἀλλὰ
2201 2034 2252 2080 Γ
2251 2032 2454 2100 ανυμή-
2493 2025 2662 2110 20({31414)1

348 2109 449 2181 δης
486 2113 587 2177 μὲν
628 2109 722 2162 διὰ
761 2114 824 2162 τὸ
865 2116 1006 2173 παῖς
1037 2108 1175 2180 [μὲν]
1203 2114 1606 2183 ἀφανισθῆναι
1632 2110 1694 2175 ἐξ
1731 2115 2060 2183 ἀνθρώπων
2101 2113 2261 2166 οὐδὲν
2301 2113 2462 2166 δοκεῖ

266 2192 333 2244 18
351 2193 567 2263 πρᾶξαι
614 2194 899 2266 λαμπρόν·
953 2199 1087 2266 περὶ
1137 2195 1194 2247 δὲ
1239 2190 1545 2258 Ἀδώνιδος
1591 2199 1623 2267 ἢ
1671 2191 1958 2260 Ἰασίωνος
1994 2201 2026 2269 ἢ
2066 2206 2177 2250 τῶν
2224 2202 2451 2266 ὁμοίων,

350 2283 478 2331 ὅσοι
529 2288 797 2351 περιττῆς
842 2278 1008 2351 δόξης
1059 2283 1158 2332 ἐπὶ
1194 2282 1276 2350 τῷ
1314 2280 1457 2333 εἴδει
1495 2284 1702 2347 ἔτυχον,
1745 2281 1904 2334 οὐδὲν
1943 2287 2032 2335 ὅτι
2067 2287 2140 2356 μὴ
2183 2288 2316 2354 περὶ
2353 2292 2456 2336 τοῦ

348 2363 586 2427 κάλλους
634 2367 923 2431 ἀκούομεν.
998 2369 1205 2431 μόνους
1256 2365 1314 2418 δὲ
1366 2369 1433 2418 ἂν
1483 2367 1642 2418 εἴποι
1692 2385 1779 2430 τις
1830 2367 2120 2438 ἀνδρείους
2162 2377 2273 2421 τῶν
2312 2372 2451 2438 ἀγαν

348 2448 532 2502 καλῶν
563 2450 755 2520 Θησέα
780 2453 874 2502 καὶ
893 2445 1168 2516 Ἀχιλλέα,
1207 2440 1301 2503 καί
1325 2455 1550 2515 τούτοις
1578 2455 1640 2504 οὐ
1668 2456 1816 2504 πάνυ
1842 2458 1874 2521 ἠ
1906 2458 2242 2525 σωφροσύνη
2271 2458 2448 2526 ύπῆρ-
2485 2466 2532 2506 25

352 2534 456 2599 ξεν.
545 2538 606 2586 οὐ
655 2538 758 2604 γὰρ
809 2539 876 2588 ἂν
922 2530 1105 2588 αὐτῶν
1158 2540 1188 2588 ὁ
1224 2540 1325 2604 μὲν
1358 2532 1571 2608 Ἑλένην
1621 2542 1766 2608 πρὸς
1813 2541 1942 2606 βίαν
1990 2542 2261 2609 ἥρπασεν,
2313 2543 2343 2591 ὁ
2393 2540 2447 2592 δ’

350 2619 679 2685 ἐστασίαζεν
718 2625 817 2674 ἐπὶ
859 2625 1068 2692 Τροίας
1108 2623 1183 2675 ὧν
1222 2627 1400 2675 ἕνεκεν
1450 2621 1793 2687 ἐστασίαζεν.
1868 2617 2182 2693 Ἱππολύτῳ
2246 2625 2303 2677 δὲ
2346 2642 2452 2678 σω-

494 2823 512 2862 1
549 2814 668 2865 ἔνθα
700 2819 780 2863 BU
897 2823 921 2863 2
953 2817 1031 2865 ἐπὶ
1061 2819 1120 2866 τά
1152 2819 1200 2863 Μ
1317 2816 1481 2866 ἔπειτα
1513 2821 1620 2879 (δὲ)
1641 2820 1846 2876 Geelius;
1878 2821 2050 2865 malim:
2081 2826 2163 2868 καὶ
2194 2823 2260 2877 εἰς
2290 2819 2453 2870 ἔπειτα

351 2887 464 2944 τοὺς
552 2894 576 2934 3
608 2890 657 2937 δὲ
676 2890 779 2935 add.
802 2890 1015 2935 Reiskius
1103 2891 1153 2938 δὲ
1180 2891 1268 2949 μὲν
1290 2892 1338 2935 Μ
1360 2892 1455 2946 (sed
1487 2895 1535 2937 δὲ
1564 2896 1758 2946 erasum)
1845 2897 1871 2936 4
1901 2895 1961 2950 τῇ
1988 2893 2157 2937 rectius
2188 2894 2368 2938 abesset

349 2966 374 3006 6
404 2962 630 3021 κρείττον
659 2961 699 3006 U
729 2975 788 3005 m.
819 2974 889 3018 pr.
1036 2966 1059 3005 7
1091 2960 1271 3018 γίνεται
1300 2962 1341 3008 U
1507 2966 1531 3007 8
1563 2963 1873 3008 scribendum:
1908 2957 2001 3009 ὅσα
2032 2958 2077 3009 ‹3’
2111 2956 2196 3011 οὖν
2226 2967 2335 3024 περὶ
2365 2969 2451 3009 etc.

348 3036 417 3077 est
446 3032 562 3077 enim
596 3033 801 3077 clausula
830 3032 988 3089 partis,
1025 3046 1114 3090 qua
1143 3033 1200 3078 de
1229 3034 1508 3090 praestantia
1537 3034 1779 3079 athleticae
1809 3035 1956 3090 agitur
2117 3038 2197 3081 καὶ
2228 3038 2338 3091 περὶ
2368 3030 2454 3081 029-

349 3107 494 3162 λητοῦ
530 3104 567 3147 Β
606 3106 688 3150 καὶ
727 3106 836 3160 περὶ
877 3100 1102 3163 ἀθλητῶν
1137 3104 1177 3149 U
1218 3105 1281 3158 (in
1316 3105 1364 3148 M
1404 3105 1518 3149 haec
1556 3108 1692 3150 verba
1733 3106 1921 3162 margini
1961 3105 2115 3150 addita
2153 3107 2363 3161 leguntur
2402 3109 2455 3149 ut

349 3174 397 3218 in
425 3174 483 3228 U)
619 3178 644 3218 9
674 3178 754 3220 καὶ
784 3175 970 3220 seclusit
1000 3175 1165 3220 Selden
1296 3172 1420 3238 ἔργῳ
1449 3177 1496 3220 in
1524 3189 1687 3220 rasura.
1717 3176 1766 3219 M
1901 3181 1951 3220 10
1983 3180 2128 3223 τοῦτο
2162 3175 2361 3234 ἀριστος
2390 3176 2454 3230 Μ,

350 3247 527 3290 τοῦτον
567 3240 767 3303 ἄριστον
797 3246 835 3288 Τ
1013 3251 1063 3291 12
1107 3239 1205 3310 ὅτῳ
1243 3245 1340 3307 ἀρα
1379 3248 1560 3304 scripsi,
1602 3239 1699 3310 ὅτῳ
1738 3244 1833 3307 γὰρ
1865 3249 1953 3292 ΒΜ
1993 3242 2137 3295 οῧτωι
2176 3244 2271 3307 γὰρ
2303 3247 2342 3291 U

351 3309 522 3374 ἀνδρία
553 3315 601 3358 Μ
750 3320 799 3360 13
829 3317 1056 3375 γενέσθαι
1085 3319 1234 3375 Emp.‚
1264 3320 1486 3378 γίνεσθαι
1516 3319 1619 3364 libri
1747 3324 1798 3363 14
1829 3337 1899 3373 τις
1928 3333 2012 3364 om.
2043 3319 2094 3363 M
2209 3332 2292 3375 pro
2324 3313 2456 3379 αὐτῷ

352 3383 506 3448 τούτῳ
536 3387 843 3432 scribendum:
875 3387 928 3434 ἐν
957 3392 1028 3451 τῷ
1058 3384 1189 3452 αὐτῷ
1304 3395 1354 3434 15
1384 3387 1713 3448 χαλεπωτάτω
1743 3386 1890 3437 ἐστὸν
1923 3384 2118 3450 ἀνδρεία
2148 3392 2229 3435 καὶ
2260 3404 2453 3447 σωφρο-

352 3454 467 3515 σύνη
509 3457 559 3500 Μ
604 3456 952 3515 χαλεπώτατον
995 3457 1081 3518 τὴν
1126 3457 1348 3520 ἀνδρείαν
1402 3464 1484 3507 καὶ
1529 3459 1846 3522 σωφροσύνην
1889 3461 1969 3506 UB
2018 3461 2115 3515 (sed
2170 3454 2370 3518 ἀνδρίαν
2414 3459 2455 3503 U

352 3541 413 3571 m.
442 3530 530 3583 PR)
650 3531 700 3571 16
732 3522 997 3587 ἀνθρώπου
1026 3532 1119 3577 UM
1235 3535 1390 3592 τρυφῆ
1420 3533 1510 3576 ΒΜ
1540 3531 1693 3592 τρυφή
1726 3532 1780 3586 U,
1811 3535 1996 3589 τρυφᾶν
2026 3531 2064 3575 Τ
2181 3534 2235 3574 20
2267 3524 2374 3576 οὐδὲ
2403 3529 2452 3571 Μ

354 3601 453 3654 (pro
496 3593 646 3652 οὐδὲν)
819 3595 1015 3659 ἀνδρίας
1055 3602 1092 3646 U
1133 3616 1191 3646 m.
1230 3617 1298 3659 pr.
1493 3607 1543 3647 21
1585 3611 1698 3657 παῖς
1736 3600 1830 3661 μὴν
1867 3604 1948 3649 UB
1986 3609 2098 3655 παῖς
2133 3601 2221 3658 μὲν
2248 3601 2321 3654 Μ,
2365 3599 2454 3656 μὲν

355 3682 441 3714 om.
472 3668 510 3711 T
654 3672 787 3715 δοκεῖ
815 3670 995 3727 scripsi,
1032 3665 1190 3718 ἐδόκει
1219 3673 1322 3717 libri
1466 3677 1519 3717 22
1549 3667 1786 3727 Ἰασίωνος
1814 3674 1969 3729 Emp.‚
2005 3668 2202 3725 ἰάσονος
2232 3670 2337 3714 libri

355 3743 408 3784 23
441 3742 550 3797 περὶ
580 3743 662 3798 τῆς
690 3741 741 3785 Μ
