2684 4140
341 275 444 329 250
809 275 1016 322 DIONIS
1047 275 1131 320 DE
1161 266 1419 319 DICENDI
1449 266 1959 322 EXERCITATIONE

338 418 631 492 πορίζοιτο
669 421 795 488 βίον
833 407 1010 488 [ἴσως]
1049 410 1148 483 οὐχ
1175 418 1388 483 ὁμοίως
1414 418 1482 469 ἂν
1509 417 1594 488 εἴη
1621 425 1962 488 μαινόμενος
1974 438 1994 487 ;
2031 425 2175 476 ἔνιοι
2198 425 2300 490 μὲν
2325 425 2428 495 γὰρ

338 510 584 556 τοσαῦτα
622 498 1174 574 παρασκευάζονται,
1226 503 1319 565 ὡς,
1361 501 1420 553 εἴ
1450 495 1504 570 γ’
1548 501 1768 570 ἔπλεον,
1809 498 1983 570 εὐθὺς
2021 510 2088 560 ἂν
2125 506 2432 562 καταδῦναι

252 591 316 642 21
341 591 439 660 τὴν
476 592 624 640 ναῦν.
698 588 792 639 καὶ
838 589 900 658 νὴ
940 588 1056 638 Δία
1105 600 1166 655 γε
1217 588 1513 654 συμβαίνει
1559 592 1799 659 μυρίοις.
1876 591 2013 644 εἷεν·
2052 595 2104 644 εἰ
2143 592 2201 645 δὲ
2243 592 2307 665 δή
2347 612 2435 657 τις
2459 607 2603 651 (253M)
2676 573 2678 627 ἶ

334 667 432 745 ἐφ’
489 674 744 724 ἑστίασιν
791 670 1066 743 κεκληκὼς
1105 663 1236 723 δέκα
1275 673 1623 743 ἀνθρώπους
1660 666 1694 746 ἢ
1733 676 2158 743 πεντεκαίδεκα,
2204 681 2437 742 τούτους

337 752 506 810 αὐτὸν
543 755 832 830 ἐμπλῆσαι
872 755 1015 821 δέον,
1061 759 1093 808 ὁ
1131 754 1190 808 δὲ
1229 760 1628 822 πεντακοσίοις
1664 751 1699 831 ’ἢ
1731 759 1941 827 χιλίοις
1979 761 2269 831 ἑτοιμάζοι
2305 783 2430 835 τρο·
2491 775 2515 816 5

338 845 467 914 φήν,
509 835 571 894 οὗ
613 840 905 904 παντελῶς
931 840 1226 906 ἐξεστάναι
1254 840 1433 907 ὄόξει,·
1470 853 1767 916 τοιγαροῦν
1791 849 1885 899 καὶ
1909 852 2072 918 ἡμεῖς
2097 847 2311 912 εἰδότες
2336 852 2438 913 τὰς

335 934 438 979 τοῦ
475 929 736 994 σώματος
778 928 972 997 χρείας
1019 920 1439 1000 εὐαριθμήτους
1487 933 1646 992 τινάς
1693 932 1960 1003 (ἐσθῆτος
2002 933 2105 1004 γὰρ
2147 933 2309 1001 οἶμαι
2344 937 2439 988 καὶ

340 1018 550 1084 σκέπης
585 1014 679 1064 καὶ
716 1019 933 1084 τροφῆς
972 1011 1263 1080 δεόμεθα),
1303 1015 1504 1066 ἔπειτα
1542 1019 1996 1084 κατατεινόμεθα
2035 1020 2227 1090 ὥσπερ
2271 1034 2437 1091 στρα-

336 1096 559 1166 τοπέδῳ
601 1099 670 1149 τὰ
709 1096 1007 1169 ἐπιτήδεια
1049 1101 1380 1167 συνάγοντες
1424 1101 1537 1163 (καὶ
1574 1103 1636 1173 νὴ
1676 1103 1792 1153 Δία
1830 1119 1890 1171 γε
1929 1105 2186 1167 εἰκότως·
2239 1107 2296 1157 οἱ
2331 1106 2434 1177 γὰρ
2655 1136 2684 1174 ⁴3

337 1182 544 1235 πολλοὶ
590 1185 862 1251 βόσκουσι
912 1177 1051 1253 παρ’
1105 1189 1330 1248 ἑαυτοῖς
1376 1192 1487 1238 τῶν
1526 1188 1856 1255 ἐπιθυμιῶν
1904 1189 2308 1260 στρατόπεδον)
2344 1195 2439 1245 καὶ
2477 1179 2664 1275 10(471{)¹3

338 1271 558 1342 ἐσθῆτα
595 1272 697 1336 μὲν
738 1263 921 1332 οὐδεὶς
957 1268 1222 1338 βούλεται
1246 1268 1418 1338 μείζω
1445 1274 1549 1324 τοῦ
1586 1274 1848 1340 σώματος
1886 1276 2046 1341 ἔχειν,
2087 1278 2164 1338 ὡς
2205 1275 2437 1349 δύσχρη-
2659 1278 2661 1284 ’

341 1368 472 1407 στον
512 1357 600 1406 ὅν·
643 1348 840 1407 οὐσίαν
881 1354 939 1407 δὲ
978 1355 1057 1424 τῴ
1098 1358 1271 1408 παντὶ
1306 1353 1478 1423 μείζω
1510 1365 1609 1429 τῆς
1643 1361 1838 1428 χρείας
1864 1361 2009 1426 ἔχειν
2037 1363 2285 1426 ἅπαντες
2311 1366 2438 1416 ἐπι-

337 1443 638 1509 θυμοῦσιν,
680 1435 777 1492 οὐκ
815 1439 1029 1503 εἰδότες
1066 1444 1154 1493 ὅτι
1192 1448 1357 1493 τοῦτο
1397 1444 1609 1495 ἐκείνου
1644 1443 2058 1516 χαλεπώτερον.

252 1527 321 1578 22
486 1525 647 1578 δοκεῖ
677 1525 735 1578 δὲ
773 1528 867 1578 καὶ
892 1529 1143 1596 Κροῖσος
1178 1525 1363 1590 καλῶς
1402 1530 1432 1578 ό
1457 1527 1670 1593 Λυδός,
1710 1531 1809 1601 την
1848 1529 2169 1601 ἀπληστίαν
2195 1540 2307 1586 τῶν
2345 1536 2438 1587 ἀν-

339 1614 598 1683 θρώπιον
636 1610 856 1679 ἐλέγξαι
893 1610 1249 1679 βουλόμενος,
1291 1615 1373 1675 εἰς
1410 1617 1541 1676 τοὺς
1577 1616 1907 1686 θησαυροὺς
1934 1619 2246 1687 εἰσαγαγών
2275 1632 2435 1683 τινας
2473 1626 2520 1670 15

339 1705 577 1748 τοσοῦτο
611 1699 843 1767 χρυσίον
883 1689 1076 1759 αὐτοῖς
1113 1699 1446 1767 ἐπιτρέπειν
1474 1697 1772 1768 ἐξενεγκεῖν
1811 1702 1943 1753 ὅσον
1971 1703 2204 1765 ἕκαστος
2242 1705 2309 1755 ἂν
2350 1703 2440 1755 ‹515-

339 1800 504 1853 νηται
540 1781 619 1850 τῷ
663 1785 899 1848 σώματι.
964 1785 1096 1844 τοὺς
1132 1784 1235 1852 γὰρ
1275 1778 1524 1846 πολλοὺς
1564 1778 1626 1835 οὗ
1667 1788 1839 1851 μόνον
1866 1789 1962 1838 τὸν
1987 1786 2201 1839 κόλπον
2227 1788 2439 1861 ἐμπλή-

341 1882 573 1932 σαντας,
620 1865 761 1918 ἀλλὰ
799 1870 893 1920 καὶ
930 1875 999 1939 τῇ
1035 1867 1255 1940 κεφαλῇ
1293 1877 1396 1920 τοῦ
1431 1872 1731 1941 ψήγματος
1768 1873 2026 1943 ἐκφέρειν
2062 1875 2156 1925 καὶ
2193 1873 2272 1942 τῷ
2314 1877 2441 1926 στό-

336 1971 501 2020 ματι,
550 1955 644 2005 καὶ
690 1952 856 2020 μόλις
905 1956 1265 2025 πορεύεσθαι
1315 1958 1465 2007 πάνυ
1513 1954 1768 2024 γελοίους
1815 1960 1909 2009 καὶ
1948 1955 2438 2029 διεστραμμένους.

341 2041 519 2101 οὕτως
558 2040 654 2090 οὖν
690 2042 784 2091 καὶ
807 2041 949 2091 κατὰ
987 2042 1085 2091 τὸν
1110 2041 1237 2107 βίον
1264 2043 1622 2110 πορεύεσθαί
1645 2058 1804 2104 τινας
1830 2044 2285 2114 ἀσχημονοῦντας
2320 2047 2432 2097 ὑπὸ
2471 2054 2520 2096 20

338 2132 437 2195 τῆς
475 2122 807 2188 πλεονεξίας
844 2127 939 2177 καὶ
974 2124 1425 2193 καταγελάστους
1464 2126 1642 2189 ὄντας.

657 2450 779 2516 (68)
825 2450 1085 2516 ΠΕΡΙ
1129 2448 1483 2517 ΛΟΓΟΥ
1532 2450 2120 2518 ΑΣΚΗΣΕΩΣ.
2446 2467 2644 2510 ‹mnu›

279 2699 304 2747 1
488 2691 776 2756 Πολλάκις
824 2695 1133 2756 ἐπαινέσας
1180 2696 1277 2745 τὸν
1328 2696 1426 2745 σὸν
1472 2697 1686 2764 τρόπον
1730 2697 1807 2756 ὡς
1845 2693 2049 2764 ἀνδρὸς
2087 2698 2316 2764 ἀγαθοῦ
2348 2699 2442 2749 καὶ

343 2777 502 2843 ἀξίου
543 2782 854 2848 πρωτεύειν
893 2781 950 2830 ἐν
989 2784 1111 2842 τοῖς
1149 2781 1432 2849 ἀρίστοις,
1487 2773 1762 2832 οὐδέποτε
1812 2784 2089 2851 πρότερον
2134 2783 2439 2848 ἐθαύμασα

343 2868 419 2927 ὡς
458 2871 568 2916 νῦν.
645 2867 707 2915 τὸ
747 2866 850 2934 γὰρ
890 2862 1111 2935 ἡλικίας
1149 2882 1209 2916 τε
1254 2866 1312 2916 ἐν
1359 2864 1440 2933 τῷ
1479 2866 1836 2933 ἀκμαιοτάτῳ
1888 2867 2018 2917 ὅντα
2066 2868 2161 2918 καὶ
2208 2865 2442 2933 δυνάμει

487 3050 506 3089 1
542 3045 657 3100 ἴσως
688 3046 793 3090 secl.
827 3045 1008 3090 Geelius
1155 3038 1243 3104 οὐχ
1275 3040 1459 3102 ὁμοίως
1487 3070 1542 3076 —
1574 3042 1865 3102 μαινόμενος
1894 3045 2228 3090 anacoluthiam
2258 3046 2443 3100 habent,

343 3132 446 3164 cum
475 3118 716 3175 praecedat
746 3114 835 3164 τὸν
875 3111 1026 3165 αὐτὸν
1063 3114 1275 3176 τρόπους
1315 3117 1412 3162 scil.
1454 3130 1577 3161 nunc
1622 3116 1799 3161 demum
1841 3116 2123 3160 enuntiatum
2160 3117 2219 3162 ad
2254 3117 2442 3161 interro-

343 3189 568 3245 gationem
597 3190 798 3234 vertitur.
918 3193 942 3233 2
974 3206 1029 3248 γε
1059 3189 1099 3235 U
1218 3193 1242 3233 5
1275 3183 1435 3235 αὐτῶν
1455 3189 1493 3233 Β
1584 3191 1608 3231 6
1638 3186 1877 3242 ἐξιστάναι
1907 3188 1946 3231 Β
2035 3190 2060 3231 9
2091 3183 2444 3246 συναγαγόντες

341 3260 488 3317 ΠΒΜ,
520 3258 806 3320 συνάγοντες
835 3260 874 3304 Τ
1052 3264 1098 3305 11
1131 3262 1256 3318 μέζω
1286 3260 1338 3304 Μ
1513 3263 1565 3304 12
1595 3258 1907 3316 ἐπιθυμοῦσιν
1937 3250 2147 3312 ἅπαντες
2184 3255 2309 3316 ἔχειν
2338 3258 2443 3311 (hoc

343 3331 456 3385 ord.)
478 3330 518 3376 U
638 3336 690 3376 14
721 3332 906 3376 eandem
935 3331 1171 3377 historiam
1201 3331 1354 3389 paullo
1385 3331 1518 3376 aliter
1547 3335 1703 3375 narrat
1724 3343 1788 3375 or.
1811 3333 1864 3375 78
1889 3332 1913 3385 ξ
1933 3333 1986 3373 32
2007 3328 2224 3374 Herodoti
2242 3327 2322 3382 (VI
2346 3331 2442 3383 125)

344 3398 533 3457 vestigia
561 3414 767 3458 premens
884 3403 934 3449 δὲ
964 3406 1046 3449 καὶ
1077 3403 1251 3460 scripsi,
1283 3402 1333 3449 δέ
1361 3419 1444 3460 μοι
1474 3402 1599 3456 libri3
1629 3402 1668 3446 si
1696 3409 1768 3446 me
1797 3401 2013 3457 sequeris,
2043 3399 2154 3444 nihil
2181 3400 2270 3444 iam
2300 3398 2441 3443 offen-

346 3473 487 3518 sionis
515 3473 653 3518 habet
682 3473 826 3518 oratio
858 3474 1042 3530 obliqua
1070 3475 1100 3519 l.
1129 3479 1179 3518 17
1200 3488 1266 3532 sq.
1300 3487 1355 3519 ex
1386 3473 1504 3518 alius
1535 3475 1653 3517 enim
1691 3484 1913 3529 personae
1940 3475 2090 3516 mente
2118 3469 2308 3514 historia
2336 3481 2441 3513 nar-

344 3548 487 3589 ratur.
637 3548 687 3588 17
720 3540 832 3598 τοὺς
860 3540 956 3604 γὰρ
989 3571 1038 3577 —-
1071 3539 1191 3593 ἀλλὰ
1224 3554 1311 3590 om.
1343 3544 1384 3590 U
1509 3539 1718 3597 πολλούς
1750 3553 1897 3602 φασιν
1927 3542 2158 3597 Reiskius;
2189 3539 2440 3584 orationem

346 3613 576 3671 obliquam
603 3615 668 3659 ita
697 3615 827 3672 Emp.
860 3616 1148 3673 defendebat,
1179 3617 1310 3673 quasi
1338 3617 1452 3661 haec
1482 3627 1507 3660 e
1531 3615 1685 3660 Croesi
1707 3622 1902 3671 persona
1931 3612 2187 3657 dicerentur
2278 3613 2327 3654 18
2357 3612 2439 3656 καὶ

347 3693 433 3731 om.
465 3685 514 3729 M
661 3686 714 3731 19
743 3687 963 3744 γελοίους
994 3700 1050 3732 ex
1078 3689 1281 3746 γελοίως
1310 3687 1351 3732 U
1497 3684 1889 3743 διεστρεμμένους
1918 3683 1967 3727 Μ
2110 3685 2165 3726 20
2194 3685 2298 3738 post
2325 3682 2440 3741 βίον

345 3757 557 3804 Reiskius
587 3754 790 3816 ἡγοῦμαι
820 3758 891 3803 vel
920 3757 1062 3802 simile
1092 3759 1198 3815 quid
1227 3758 1449 3804 excidisse
1479 3761 1612 3816 putat
