2684 4140
371 249 472 300 218
1107 241 1314 287 morus
1347 231 1429 285 DE:
1459 230 1701 285 iNvimA

365 394 459 445 καὶ
496 391 715 451 πάντας
752 387 852 438 ἐπὶ
888 391 1063 436 ταῦτα
1103 386 1279 453 ἄγων,
1329 386 1399 436 τὰ
1437 386 1539 451 μὲν
1578 387 1806 438 πείθων
1843 378 1938 438 καὶ
1974 378 2345 458 παρακαλῶν,
2377 377 2464 442 ’τά

368 476 426 528 δὲ
468 472 900 543 λοιδορούμενος
935 472 1029 522 καὶ
1068 465 1372 534 ὀνειδίζων,
1413 469 1473 522 εἴ
1503 488 1630 522 τινα
1671 469 1899 524 δύναιτο
1942 471 2248 537 ἐξελέσθαι
2285 476 2467 546 ἀφρο-

368 562 534 628 σύνης
569 559 663 609 καὶ
702 553 934 627 φαύλων
971 554 1302 622 ἐπιθυμιῶν
1339 557 1434 607 καὶ
1471 557 1746 626 ἀκρασίας
1782 560 1877 610 καὶ
1911 567 2143 631 τρυφῆς,
2185 557 2305 629 ἰδίᾳ
2343 563 2465 611 ἕκα-

367 656 497 694 στον
554 639 975 708 ἀπολαμβάνων
1029 641 1124 692 καὶ
1179 641 1433 711 ἀθρόους
1494 644 1814 708 νουθετῶν,
1886 646 2082 707 ὁσάκις
2139 646 2208 696 ἂν
2268 646 2470 715 καιροῦ

362 731 494 798 τύχῃ
532 729 700 790 τινός,
2501 743 2525 783 5

704 808 875 862 ἄλλον
911 809 1244 878 μειλιχίοις,
1284 809 1456 864 ’ἄλλον
1498 818 1750 883 στερεοῖς
1788 815 2050 878 ἐπέεσσι,

279 902 345 953 39
364 903 527 968 μέχρι
578 897 645 948 ἂν
696 896 859 964 οἶμαι
905 895 1110 967 διέλθῃ
1161 900 1259 950 τὸν
1295 899 1423 966 βίον
1459 897 1767 970 κηδόμενος
1805 900 2161 969 ἀνθρώπων,
2215 893 2279 951 οὗ
2317 902 2467 968 βοῶν
2490 914 2646 957 (4293]

327 1008 330 1013 ¹
364 975 492 1036 οὐδὲ
533 984 732 1034 ἵππων
771 975 900 1034 οὐδὲ
937 981 1201 1055 καμήλων
1240 1001 1300 1036 τε
1324 986 1420 1036 καὶ
1458 986 1793 1055 οἰκημάτων,
1832 987 1991 1057 ὑγιὴς
2027 989 2128 1053 μὲν
2166 987 2225 1037 ἐν
2265 983 2469 1054 λόγοις,

361 1071 519 1141 ὑγιὴς
577 1066 636 1119 δὲ
694 1070 752 1120 ἐν
800 1069 1014 1138 ἔργοις,
1072 1066 1323 1140 ἀβλαβὴς
1376 1072 1481 1136 μὲν
1538 1068 1950 1141 συνοδοιπόρος
1999 1073 2108 1139 ὅτῳ
2161 1075 2380 1139 γένοιτο
2436 1072 2468 1141 ἢ

366 1152 687 1223 σύμπλους,
763 1157 985 1224 ἀγαθὸς
1051 1154 1110 1207 δὲ
1187 1154 1469 1224 σύμβολος
1535 1158 1747 1208 θύουσι
1823 1158 2052 1228 φανείς,
2127 1150 2189 1208 οὗ
2268 1159 2466 1208 στάσιν
2505 1165 2552 1208 10

362 1242 592 1311 ἐγείρων
644 1234 772 1292 οὐδὲ
830 1238 1163 1305 πλεονεξίαν
1222 1234 1350 1293 οὐδὲ
1408 1240 1602 1312 ἐριδας
1655 1244 1749 1294 καὶ
1805 1243 2063 1313 φθόνους
2116 1244 2211 1294 καὶ
2268 1243 2471 1312 αἰσχρὰ

364 1325 560 1398 κέρδη,
626 1329 998 1398 σωφροσύνης
1056 1325 1116 1378 δὲ
1166 1329 1611 1398 ὑπομιμνήσκων
1648 1329 1743 1379 καὶ
1792 1325 2154 1399 δικαιοσύνης
2200 1329 2294 1379 καὶ
2342 1329 2472 1393 ὁμό-

364 1427 524 1464 νοιαν
564 1410 763 1477 αὔξων,
804 1410 1126 1482 ἀπληστίαν
1165 1411 1226 1464 δὲ
1264 1415 1359 1465 καὶ
1396 1411 1689 1465 ἀναίδειαν
1726 1415 1820 1465 καὶ
1856 1411 2136 1479 μαλακίαν
2164 1411 2473 1478 ἐξελαύνων

364 1501 498 1550 ὅσον
538 1496 799 1562 δυνατόν,
852 1495 999 1548 πολὺ
1037 1504 1149 1549 τῶν
1200 1496 1617 1569 σπονδοφόρων
1663 1500 1759 1550 καὶ
1806 1505 1917 1550 τῶν
1965 1501 2216 1569 κηρύκων
2266 1505 2377 1550 τῶν
2415 1500 2474 1550 ἐν

278 1587 347 1637 40
367 1588 488 1645 τοῖς
527 1581 804 1649 πολέμοις
842 1585 1147 1653 ἐκεχειρίας
1182 1579 1525 1650 κομιζόντων
1555 1585 1866 1654 ἱερώτερος.
1929 1582 2194 1651 βούλεται
2229 1587 2332 1651 μὲν
2370 1585 2468 1636 οὖν
2509 1593 2553 1634 15

362 1671 456 1720 καὶ
493 1670 885 1738 προθυμεῖται
921 1661 1063 1719 καθ’
1107 1671 1240 1719 ὅσον
1282 1669 1403 1730 οἷός
1441 1672 1504 1720 τέ
1529 1671 1653 1720 ἐστι
1678 1670 1919 1739 βοηθεῖν
1949 1671 2195 1721 ἅπασιν·
2232 1674 2472 1740 ἡττᾶται

366 1745 418 1805 δ’
464 1757 669 1824 ἑτέρων
708 1755 889 1805 ἐνίοτε
928 1754 1258 1823 ἀνθρώπιον
1295 1755 1390 1805 καὶ
1416 1752 1882 1824 ἐπιτηδευμάτων
1907 1757 2001 1806 καὶ
2028 1748 2189 1806 οὐδὲν
2215 1755 2247 1824 ἢ
2277 1757 2474 1823 μικρὸν

364 1841 545 1905 ἰσχύει
604 1836 912 1900 παντελῶς.
1011 1837 1215 1890 λοιπὸν
1275 1837 1334 1890 δὲ
1395 1840 1493 1910 τὴν
1543 1841 1717 1890 αὑτοῦ
1764 1838 2021 1891 διάνοιαν
2075 1841 2348 1908 καθαίρει
2395 1839 2474 1907 τῷ

367 1924 508 1994 λόγῳ
548 1927 643 1977 καὶ
681 1932 948 1994 πειρᾶται
998 1930 1265 1996 παρέχειν
1304 1923 1669 1990 ἀδούλευτον,
1720 1923 1867 1976 πολὺ
1925 1922 2136 1992 μᾶλλον
2196 1926 2331 1994 περὶ
2378 1932 2476 1994 τῆς

365 2009 697 2081 ἐλευθερίας
733 2014 1049 2077 μαχόμενος
1085 2009 1318 2079 ἡδοναῖς
1355 2028 1416 2062 τε
1452 2012 1547 2062 καὶ
1578 2008 1773 2074 δόξαις
1797 2013 1891 2063 καὶ
1916 2013 2256 2079 ἀνθρώποις
2283 2012 2470 2062 ἅπασι
2508 2020 2556 2062 20

365 2090 490 2163 μετ’
537 2094 740 2164 ὀλίγων
778 2103 890 2148 τῶν
927 2094 1285 2163 βουλομένων
1323 2097 1355 2166 ἢ
1386 2094 1844 2163 Λακεδαιμόνιοί
1879 2108 2022 2148 ποτε
2061 2097 2130 2147 τὰ
2173 2097 2337 2148 στενὰ
2375 2114 2471 2147 κα-

366 2180 708 2249 ταλαβόντες
755 2183 1027 2248 ἐμάχοντο
1079 2184 1226 2251 πρὸς
1276 2183 1534 2243 ἅπαντας
1583 2183 1716 2243 τοὺς
1764 2183 1824 2232 ἐκ
1872 2189 1971 2253 τῆς
2013 2173 2238 2246 Ἀσίας,
2291 2179 2474 2249 ὀλίγοι

369 2270 465 2319 τὸν
515 2267 766 2337 ἀριθμὸν
817 2269 999 2331 ὄντες,
1061 2271 1212 2336 τρεῖς
1262 2263 1468 2337 ἐφεξῆς
1516 2268 1715 2328 νύκτας
1763 2284 1822 2318 τε
1870 2268 1965 2318 καὶ
2011 2271 2249 2338 ἡμέρας,
2311 2271 2474 2336 μέχρι
2498 2277 2674 2318 (430R1

368 2351 752 2413 κυκλωθέντες
793 2344 871 2403 δι’
915 2354 1038 2414 ἑνὸς
1091 2350 1295 2422 ἀνδρὸς
1341 2350 1659 2422 προδοσίαν
1698 2354 1756 2403 ἐν
1794 2345 1982 2420 ταύτῷ
2017 2357 2280 2419 μένοντες
2316 2363 2473 2403 κατε-

368 2440 656 2508 κόπησαν·
698 2431 776 2505 [οἳ
809 2439 907 2508 τὴν
945 2439 1214 2508 Σπάρτην
1254 2434 1510 2504 ἐνόμιζον
1548 2436 1855 2507 ἐλευθέραν
1884 2437 2286 2510 διαφυλάττειν
2326 2440 2473 2489 ἀτεί-
2511 2445 2678 2490 25656214

285 2529 349 2579 41
369 2537 567 2589 χιστον
609 2518 826 2591 οὖσαν·]
866 2525 928 2574 τὸ
972 2521 1030 2574 δὲ
1073 2529 1234 2590 σῶμα
1275 2525 1461 2574 ἀσκῶν
1498 2525 1592 2575 καὶ
1632 2520 1943 2587 συνεθίζων
1968 2526 2108 2575 κατὰ
2136 2526 2235 2595 τὴν
2275 2528 2478 2574 ἑαυτοῦ

371 2606 605 2674 δύναμιν
655 2613 878 2672 πονεῖν,
936 2602 1033 2659 οὐκ
1079 2607 1148 2676 ἐᾷ
1195 2610 1574 2678 θρύπτεσθαι
1624 2606 1881 2679 λουτροῖς
1927 2628 1986 2661 τε
2034 2612 2128 2662 καὶ
2166 2608 2476 2676 ἀλείμμασι

367 2696 462 2744 καὶ
497 2696 714 2763 μύροις,
753 2695 916 2764 μέχρι
954 2696 1021 2746 ἂν
1059 2699 1287 2764 γένηται
1323 2692 1720 2763 μαλακώτερον
1746 2697 1842 2746 καὶ
1869 2696 2239 2765 σαθρότερον,
2280 2696 2473 2762 ὥσπερ

367 2782 534 2831 κακὸν
576 2787 783 2842 σκεῦος.
860 2787 1035 2831 ταῦτα
1077 2779 1135 2831 δὲ
1177 2779 1415 2850 ὁρῶντες
1454 2782 1598 2832 ἔνιοι
1638 2774 1715 2831 δι’
1760 2773 2028 2850 εὐήθειαν
2069 2771 2237 2830 αὐτὸν
2275 2781 2474 2848 ἐπιτη-

372 2862 551 2916 δεύειν
587 2867 681 2916 καὶ
719 2867 1044 2936 ἀφροσύνην
1086 2867 1246 2937 φασί,
1286 2868 1350 2916 τὸ
1380 2864 1645 2917 πλουτεῖν
1684 2868 1929 2917 ἐάσαντα
1966 2867 2061 2917 καὶ
2085 2867 2148 2916 τὸ
2187 2867 2472 2931 τιμᾶσθαι
2507 2870 2556 2912 30

520 3093 538 3132 1
573 3088 759 3143 πάντας
779 3089 955 3146 scripsi,
987 3084 1146 3135 πάντα
1166 3089 1270 3133 libri
1357 3086 1531 3148 ταύτην
1552 3089 1764 3134 Reiskius
1853 3093 1876 3132 5
1909 3084 2049 3146 τύχης
2069 3088 2117 3131 Μ
2205 3091 2230 3131 6
2253 3086 2321 3131 Cf.
2343 3086 2477 3132 Hom.

374 3158 428 3203 Il.
458 3158 548 3203 XII
579 3162 660 3203 267
780 3163 803 3203 7
832 3158 996 3218 μέχρις
1025 3159 1106 3204 UB
1195 3156 1459 3219 κηδόμενος
1490 3160 1704 3214 Casaub„
1735 3156 1969 3218 ἡδόμενος
1997 3158 2101 3203 libri
2210 3161 2236 3202 9
2268 3160 2480 3204 συνοδοι-

375 3225 549 3288 πόροις
580 3232 644 3281 (at
661 3246 754 3284 -οις
781 3231 829 3274 in
849 3247 927 3285 -ος
946 3234 1181 3285 mutatum,
1213 3233 1260 3275 ni
1280 3231 1417 3277 fallor
1437 3243 1465 3276 a
1485 3246 1543 3275 m.
1563 3235 1652 3289 pr.)
1673 3230 1714 3277 U
1802 3227 1832 3289 ἢ
1852 3227 2094 3288 σύμπλους
2112 3229 2162 3274 Μ
2182 3225 2212 3288 ἢ
2231 3239 2319 3274 om.
2339 3228 2421 3273 UB

381 3303 431 3343 ¹⁰
463 3293 682 3359 ἀβλαβής
711 3301 762 3347 δὲ
793 3294 1078 3362 σύμβουλος,
1108 3296 1300 3361 ἀγαθὸς
1331 3303 1380 3351 δὲ
1410 3300 1581 3350 θύουσι
1613 3304 1783 3360 φανείς
1810 3302 1928 3358 libri,
1961 3312 2077 3347 corr.
2098 3296 2207 3346 Wil,
2229 3302 2478 3358 praeeunte

375 3369 589 3426 Emperio
683 3377 733 3416 15
765 3374 1016 3430 πολεμίοις
1044 3375 1139 3421 UM
1230 3378 1282 3419 16
1311 3376 1548 3435 βοήθειαν
1576 3375 1660 3421 UB
1751 3378 1801 3419 17
1834 3371 2011 3434 ἑτέρων
2040 3372 2260 3417 immerito
2290 3382 2477 3427 suspec-

375 3443 474 3486 tum
504 3441 775 3488 casaubono
888 3449 939 3490 18
971 3440 1120 3493 αὐτοῦ
1148 3446 1266 3501 libri,
1299 3460 1416 3492 corr.
1448 3447 1580 3504 E'mp.
1697 3450 1751 3491 20
1781 3442 1975 3505 ἡδοναῖς
2004 3443 2200 3497 Geelius,
2229 3438 2260 3501 ἢ
2291 3435 2478 3495 ὀδύναις

375 3512 481 3558 libri
565 3515 646 3558 καὶ
676 3508 958 3572 ἀνθρώποις
987 3509 1138 3564 ἅπασι
1167 3518 1286 3574 libri,
1315 3521 1397 3565 καὶ
1428 3512 1574 3583 ἀνοίᾳ
1602 3513 1767 3576 ἁπάσῃ
1799 3512 1924 3562 Geel.
1956 3515 2174 3572 speciose,
2204 3513 2311 3568 quia
2341 3506 2478 3565 ’ἀνοις

376 3603 431 3619 =
452 3577 732 3639 ἀνθρώποις
890 3589 943 3631 23
975 3596 1103 3646 τρεῖς
1132 3615 1189 3622 -
1219 3593 1275 3634 24
1304 3587 1646 3648 κατεκόπησαν
1676 3589 1794 3635 delet
1825 3587 2006 3633 Geelius
2144 3587 2197 3628 25
2230 3580 2277 3629 οἳ
2305 3593 2395 3628 om.
2427 3582 2477 3626 M

376 3666 434 3697 m.
466 3664 536 3710 pr.
649 3652 696 3700 οἳ
726 3682 780 3689 -
813 3660 867 3702 26
898 3649 1048 3704 οὖσαν
1078 3660 1256 3716 seclusi,
1287 3661 1405 3706 idem
1437 3661 1578 3706 voluit
1606 3660 1812 3705 Hertlein
1913 3653 2163 3716 ἀτίχιστον
2191 3653 2243 3699 Μ
2330 3657 2382 3699 27
2420 3651 2480 3717 ἐᾷ

377 3724 501 3779 Wil.‚
532 3722 628 3771 ἐῶν
657 3726 761 3771 libri
877 3726 1110 3787 ἀλίμμασι
1140 3729 1190 3773 Μ
1306 3735 1359 3776 28
1390 3731 1556 3791 μέχρις
1585 3732 1667 3778 UB
1784 3733 1836 3774 29
1867 3731 1948 3775 καὶ
1978 3720 2040 3774 δι’
2073 3726 2114 3771 U
