2684 4140
260 1617 310 1631 -f

405 233 471 280 20
1298 220 1584 267 ANONYMI

400 376 498 445 τήν
544 365 877 434 θεσπιῳδὸν
924 362 1200 431 Σίβυλλαν
1250 361 1592 431 παρακαλεῖ·
1653 371 1824 434 τρανῆ
1887 361 1945 414 δὲ
1996 365 2054 414 ἐκ
2103 361 2250 416 θεοῦ
2297 369 2488 438 φωνὴν

401 457 642 521 λαχοῦσα
683 445 810 519 ᾄδει
845 446 996 514 μάλα
1034 452 1203 515 μέγα·

649 562 719 570 -
756 526 1038 597 εὐδαίμων
1078 530 1395 594 πιτυώδεος
1434 530 1627 599 ὄλβιος
1666 534 1833 604 αὐχὴν
2511 550 2662 589 (458111)

643 611 904 668 Ὠκεανοῦ
936 618 1139 686 κούρης
1169 610 1421 688 Ἐφύρης,
1462 618 1606 668 ἔνθα
1643 616 1969 682 Ποσειδῶν,

646 703 857 771 μητρὸς
894 702 1032 772 ἐμῆς
1068 703 1308 768 Λαμίας
1344 707 1611 772 γενέτωρ,
1652 704 1977 773 προύθηκεν
2017 706 2203 772 ἀγῶνα
2510 719 2534 758 5

648 792 877 856 πρῶτος
915 779 1016 851 ἅμ’
1053 779 1273 854 Ἠελίῳ,
1313 788 1482 853 τιμὰς
1522 781 1575 838 δ’
1619 792 1883 858 ἠνέγκατο
1921 796 2142 855 μοῦνος.

312 878 375 927 14
391 875 483 924 καὶ
519 875 622 941 γάρ
662 888 753 922 τοι
788 872 882 922 καὶ
920 872 1106 938 ἀγῶνα
1146 878 1374 942 πρῶτον
1413 874 1695 924 ἐνταυθοῖ
1723 874 1966 944 τεθῆναί
2005 888 2181 945 φασιν
2219 875 2332 925 ὑπὸ
2373 879 2484 924 τῶν

393 958 491 1011 δύο
528 959 700 1021 θεῶν,
737 959 832 1008 καὶ
868 964 1094 1028 νικῆσαι
1133 959 1402 1027 Κάστορα
1439 961 1541 1024 μὲν
1583 956 1839 1019 στάδιον,
1879 957 2099 1011 Κάλαϊν
2129 957 2187 1010 δὲ
2228 956 2483 1009 δίαυλον·

389 1046 482 1096 καὶ
517 1044 620 1112 γὰρ
660 1040 881 1093 Κάλαΐν
922 1057 1067 1113 φασι
1107 1041 1355 1112 δραμεῖν,
1395 1045 1744 1110 ἀπεχόμενον
1782 1051 1886 1095 τοῦ
1921 1045 2223 1096 πέτεσθαι.
2302 1042 2394 1095 δεῖ
2426 1041 2484 1093 δὲ

389 1132 482 1182 καὶ
518 1130 649 1191 τοὺς
688 1124 907 1191 ἄλλους,
947 1129 1187 1198 ἐπείπερ
1227 1126 1542 1198 ἠρξάμεθα,
1583 1126 1954 1200 ἀθλοφόρους
1991 1147 2050 1180 τε
2091 1127 2363 1200 λεχθῆναι
2388 1129 2482 1179 καὶ
2524 1143 2569 1184 10

391 1216 747 1285 νικηφόρους.
818 1207 1055 1284 Ὀρφεύς
1089 1216 1334 1284 κιθάρᾳ,
1364 1205 1637 1286 Ἡρακλῆς
1676 1218 1997 1282 πάμμαχον,
2045 1218 2265 1287 πυγμὴν
2302 1213 2487 1266 Πολυ-

394 1299 603 1370 δεύκης,
643 1297 830 1369 πάλην
859 1297 1100 1370 Πηλεύς,
1142 1298 1334 1352 δίσκον
1378 1298 1664 1367 Τελαμών,
1703 1299 1972 1352 ἐνόπλιον
2015 1301 2248 1371 Θησεύς.
2313 1302 2483 1369 ἐτέθη

395 1385 452 1438 δὲ
489 1387 583 1436 καὶ
622 1386 820 1436 ἵππων
859 1386 1023 1452 ἀγών,
1061 1387 1156 1436 καὶ
1193 1387 1346 1437 ἐνίκα
1384 1385 1574 1457 κέλητι
1610 1389 1712 1453 μὲν
1754 1388 2030 1451 Φαέθων,
2076 1388 2384 1454 τεθρίππῳ
2428 1384 2486 1436 δὲ

311 1474 373 1524 15
394 1468 628 1541 Νηλεύς.
705 1472 921 1538 ἐγένετο
963 1469 1021 1521 δὲ
1059 1473 1153 1522 καὶ
1189 1478 1328 1523 νεῶν
1369 1470 1605 1538 ἅμιλλα,
1653 1474 1746 1523 καὶ
1777 1464 1955 1541 Ἀργὼ
1996 1474 2178 1534 ἐνίκα,
2216 1473 2310 1522 καὶ
2345 1472 2486 1537 μετὰ

389 1562 564 1607 ταῦτα
617 1556 712 1606 οὐκ
771 1553 1073 1619 ἔπλευσεν,
1136 1554 1278 1607 ἀλλὰ
1341 1558 1510 1628 αὐτὴν
1571 1558 1845 1627 ἀνέθηκεν
1905 1559 1936 1607 ὁ
1980 1549 2171 1608 Ἰάσων
2230 1557 2479 1607 ἐνταῦθα
2520 1569 2565 1609 15

388 1640 466 1709 τῷ
517 1638 869 1703 Ποσειδῶνι,
933 1642 1026 1692 καὶ
1077 1643 1141 1691 τὸ
1191 1643 1520 1712 ἐπίγραμμα
1570 1644 1922 1711 ἐπέγραψεν,
1984 1643 2014 1692 ὃ
2068 1640 2321 1710 λέγουσιν
2365 1636 2482 1710 Ὀρ-

392 1730 545 1796 φέως
584 1724 758 1776 εἶναι·

638 1804 815 1878 Ἀργὼ
856 1813 919 1862 τὸ
962 1814 1180 1882 σκάφος
1220 1813 1351 1878 εἰμί,
1392 1811 1514 1880 θεῷ
1557 1805 1610 1862 δ’
1655 1813 1928 1882 ἀνέθηκεν
1960 1806 2175 1874 Ἰάσων,

705 1889 941 1962 Ἴσθμια
979 1898 1072 1948 καὶ
1110 1899 1355 1963 Νεμέοις
1397 1899 1750 1966 στεψάμενον
1790 1899 2053 1949 πίτυσιν.·

387 1984 532 2032 ὅπου
594 1979 652 2032 δὲ
702 1982 836 2032 θεοὶ
884 1981 1369 2049 ἀγωνοθετοῦσιν,
1417 1985 1657 2054 ἡμίθεοι
1708 1980 1766 2034 δὲ
1817 1989 2015 2035 νικῶσι
2063 1985 2156 2035 καὶ
2203 1988 2482 2043 νικῶνται,
2521 1994 2566 2034 20

389 2069 744 2118 ἀναπαύεται
785 2065 842 2118 δὲ
878 2060 1072 2136 Ἀργώ,
1113 2070 1239 2119 τίνα
1278 2071 1478 2119 τούτου
1517 2072 1698 2120 τόπον
1723 2066 1933 2120 καλλίω
1972 2066 2213 2137 ἐξευρεῖν
2251 2065 2484 2118 ἐδύνατο

390 2154 556 2214 αὐτὸς
596 2154 626 2202 ὁ
661 2150 953 2214 Δαίδαλος
992 2158 1224 2222 πτεροῖς
1262 2157 1587 2220 πετόμενος,
1631 2155 1726 2219 οὐχ
1764 2157 1852 2205 ὅτι
1889 2170 1948 2221 γε
1989 2152 2051 2224 δὴ
2093 2156 2156 2204 τὸ
2184 2150 2476 2204 Δαιδάλου

306 2239 370 2290 16
390 2239 642 2308 ποίημα,·
681 2231 807 2287 ἀλλἓ
852 2238 976 2288 οὔτε
1016 2237 1236 2307 ἀπέδρα
1277 2239 1401 2290 οὔτε
1440 2241 1799 2309 ἐπεχείρησεν
1827 2232 1960 2289 οὔθ’
2004 2236 2148 2300 ὅλως
2185 2235 2480 2307 ἐμέλλησε·

385 2321 789 2374 καταλείπεται
826 2324 1012 2374 τοίνυν
1053 2324 1254 2385 αὐτοὺς
1292 2326 1422 2386 τούς
1449 2325 1800 2394 Κορινθίους
1838 2322 2091 2391 ἐκβαλεῖν
2132 2325 2298 2374 αὐτὸν
2336 2323 2475 2391 μήτε
2500 2336 2679 2373 ‹108R11

386 2411 622 2478 κρίσεως
660 2409 1045 2478 προτεθείσης
1081 2402 1227 2479 μήθ’
1272 2407 1415 2471 ὅλως
1455 2411 1642 2461 αἰτίαν
1692 2411 1920 2475 ἔχοντας
1969 2411 2298 2476 ἐπενεγκεῖν.
2383 2408 2476 2457 καὶ
2516 2420 2562 2460 25

388 2500 552 2544 τοῦτο
591 2495 840 2564 ἐπείσθη
881 2512 969 2556 τις
1005 2496 1145 2545 κατὰ
1186 2496 1548 2565 Κορινθίων,·
1587 2495 1662 2547 ὧν
1703 2497 1759 2546 οἱ
1798 2498 2071 2565 πρόγονοι
2111 2492 2205 2545 διὰ
2247 2495 2475 2543 πάντων
2502 2506 2654 2548 (459111)

382 2572 649 2649 Ἑλλήνων
698 2577 946 2644 μάλιστα
997 2578 1060 2650 δὴ
1117 2578 1475 2650 δικαιοσύνην
1524 2583 1867 2651 ἐπήσκησαν.
1953 2582 1983 2651 ἢ
2037 2581 2139 2649 γὰρ
2192 2580 2287 2644 οὐχ
2328 2577 2486 2628 οὗτοί

389 2664 533 2714 εἰσιν
574 2665 630 2713 οἱ
678 2664 778 2725 τὰς
828 2650 1160 2732 τυραννίδας
1198 2666 1255 2715 ἐν
1303 2669 1430 2726 ταῖς
1469 2663 1674 2716 πόλεσι
1710 2663 2080 2726 καταλύοντες
2116 2667 2210 2715 καὶ
2247 2664 2348 2725 τὰς
2392 2661 2483 2732 δη-

387 2750 695 2817 μοκρατίας
731 2750 1109 2811 καθιστάντες
1147 2751 1241 2800 καὶ
1277 2751 1380 2812 τάς
1411 2742 1668 2820 Ἀθήνας
1706 2751 1821 2800 ἀπὸ
1863 2756 1974 2800 τῶν
2013 2752 2296 2819 τυράννων
2334 2746 2482 2798 ἐλευ-

306 2835 766 2903 Πθερώσαντες,
813 2837 1089 2904 πρότερον
1126 2837 1227 2901 μὲν
1266 2837 1382 2886 ἀπὸ
1415 2826 1668 2899 Ἱππίου,
1707 2837 1939 2904 ὕστερον
1979 2833 2037 2885 δὲ
2078 2837 2193 2885 ἀπὸ
2235 2831 2479 2897 Κλεομέ-
2517 2845 2563 2885 30

388 2936 531 2983 νους,
569 2921 662 2971 καὶ
689 2920 830 2985 μετὰ
857 2926 1031 2970 ταῦτα
1061 2922 1137 2982 ὡς
1166 2922 1326 2972 αὐτοὶ
1346 2915 1650 2991 Ἀθηναῖοι
1680 2928 1911 2990 πρᾶγμα
1939 2924 2127 2970 ποιεῖν
2156 2918 2479 2986 ἐπεχείρουν

537 3131 553 3171 1
588 3131 738 3187 τρανῆ
768 3127 817 3175 δὲ
846 3125 900 3173 ἐκ
930 3127 1108 3184 scripsi,
1137 3131 1195 3186 τῆ
1223 3124 1300 3198 w}-
1318 3128 1367 3174 δέ
1399 3127 1445 3175 οἳ
1474 3129 1524 3173 Μ
1555 3131 1665 3186 τιιιῇ
1702 3128 1799 3174 δέοι
1832 3127 1868 3172 U
1901 3128 2008 3171 item
2038 3128 2075 3171 Β
2107 3126 2185 3171 sed
2215 3126 2264 3171 δέ
2295 3124 2340 3171 οἳ

389 3200 413 3240 3
445 3191 681 3255 εὐδαίμων
723 3195 981 3252 πιτυώδεος
1027 3199 1209 3256 scripsi,
1260 3218 1297 3244 ω
1339 3201 1522 3257 δαίμων
1571 3216 1615 3244 τι
1662 3195 1758 3246 τύω
1799 3197 1904 3252 δέος
1947 3198 1997 3242 Μ
2041 3215 2079 3242 ω
2123 3201 2295 3254 δαῖμον
2324 3199 2373 3243 τί
2407 3213 2481 3243 τοι

387 3259 478 3314 ὦδε
524 3263 580 3322 ός
623 3269 701 3313 UB
858 3274 886 3314 4
927 3263 1178 3330 Ἐφυραίης
1222 3271 1331 3316 editi
1489 3277 1513 3315 5
1554 3272 1752 3327 λαμείας
1791 3270 1839 3313 Μ
1993 3274 2017 3314 6
2050 3261 2140 3326 οἶμ’
2181 3281 2267 3314 om.
2300 3269 2339 3313 U

392 3342 439 3382 11
472 3331 735 3397 πάμμαχον
764 3339 881 3396 libri,
912 3338 1193 3400 παμμάχιον
1223 3341 1357 3386 Dind.
1478 3345 1528 3384 12
1560 3339 1763 3400 θησσεὺς
1783 3341 1821 3385 Β
1954 3343 2005 3383 13
2037 3341 2316 3401 τεθρείππῳ
2347 3339 2395 3382 Μ

391 3413 441 3452 15
473 3403 582 3455 ἀλλ’
615 3410 652 3452 Β
742 3413 791 3454 16
826 3405 1004 3470 ὀρφὲος
1034 3412 1082 3456 Μ
1203 3416 1252 3456 18
1285 3408 1330 3458 δ’
1361 3413 1445 3470 ἐμὲ
1475 3415 1625 3471 θῆκεν
1654 3413 1703 3456 Μ
1804 3415 1855 3455 19
1886 3407 2109 3470 ἐπητύσιν
2129 3410 2179 3453 Μ
2295 3413 2347 3453 23
2377 3407 2479 3465 ἐμέ-

388 3483 498 3538 λησε
529 3481 565 3523 Β
595 3478 818 3539 ἐμέλησεν
849 3482 887 3526 U
1004 3486 1059 3527 24
1088 3485 1403 3530 καταλίπεται
1433 3484 1482 3527 Μ
1568 3482 1796 3544 ἐμβαλεῖν
1826 3482 1875 3526 Μ
1971 3485 2023 3525 25
2053 3475 2165 3539 μηδ’
2198 3472 2322 3533 ὅλως
2354 3479 2392 3523 U

389 3548 586 3608 ἔκοντος
617 3550 760 3607 UBM,
793 3565 907 3596 corr.
939 3553 1044 3597 editi
1170 3558 1223 3598 26
1254 3553 1470 3601 ἐπείσθει
1502 3572 1571 3608 τις
1599 3554 1650 3597 Μ
1793 3558 1895 3610 post
1927 3552 2202 3612 Κορινθίων
2230 3551 2474 3605 interroga-

389 3622 554 3665 tionem
585 3621 831 3676 significavi
1003 3627 1055 3667 27
1088 3620 1116 3682 ἢ
1145 3625 1239 3684 γὰρ
1270 3626 1416 3682 Emp.,
1447 3622 1473 3683 ἢ
1505 3621 1600 3685 γὰρ
1633 3626 1678 3669 M
1709 3616 1738 3683 ἦ
1774 3620 1868 3682 γὰρ
1902 3622 1979 3667 UB
2154 3623 2203 3664 31
2241 3614 2475 3679 Ἀθηναῖοι

389 3705 474 3737 om.
514 3692 550 3737 U
