2684 4140
1075 269 1301 316 ORATIO
1329 270 1426 318 LV.
2195 273 2221 318 1
2231 273 2256 320 1
2265 273 2295 320 5

217 427 427 478 γνωτος
465 409 523 463 δὲ
562 414 592 463 ὁ
629 409 923 484 ζωγράφος
957 415 1051 466 καὶ
1088 416 1120 465 ὁ
1155 412 1402 485 ἀδελφὸς
1449 417 1622 486 ἄμφω
1671 422 1774 466 τοῦ
1821 418 2039 486 πατρὸς
2067 410 2297 484 Ἀγλαο-

221 504 469 568 φῶντος,
511 498 856 566 Πυθαγόρου
907 496 966 549 δὲ
1008 497 1321 569 Φερεκύδης
1371 497 1588 567 λέγεται
1638 498 1974 562 διδάσκαλος
2009 503 2296 569 γενέσθαι,

217 584 565 652 Πυθαγόρας
603 581 661 634 δὲ
692 575 1125 648 Ἐμπεδοκλέους
1161 585 1254 634 καὶ
1291 588 1518 654 ἑτέρων,
1567 586 1661 636 καὶ
1709 591 1820 636 τῶν
1864 583 2048 638 ἄλλων
2088 584 2147 638 δὲ
2184 593 2296 639 τῶν

219 666 500 719 πλείστων
526 669 720 733 ἔχομεν
744 670 928 718 εἰπεῖν
953 669 1084 728 τούς
1111 665 1482 730 διδασκάλους
1507 675 1617 719 τῶν
1648 666 1888 732 ἐνδόξων
1914 668 2147 739 ἀνδρῶν,
2186 672 2294 738 ὅτῳ

161 760 187 802 5
222 756 453 813 ἕκαστος
492 754 884 818 συγγενόμενος
922 749 1084 818 λόγου
1123 749 1282 814 ἄξιος
1320 755 1535 820 ἐγένετο
1576 751 1701 819 δίχα
1727 770 1788 821 γε
1805 747 2162 823 Ἡρακλείτου
2199 761 2302 805 τοῦ

208 830 467 906 Ἐφεσίου
503 837 596 886 καὶ
622 825 885 885 Ἡσιόδου
923 841 1026 884 τοῦ
1053 827 1378 903 Ἀσκραίου,
1425 837 1456 885 ὁ
1490 837 1592 901 μὲν
1629 839 1732 904 γάρ
1774 851 1949 906 φησιν
1975 838 2298 903 ποιμαίνων

216 922 273 970 ἐν
321 919 398 986 τῷ
442 912 688 970 Ἑλικῶνι
735 918 892 984 παρὰ
948 923 1059 968 τῶν
1106 919 1359 969 Μουσῶν
1422 916 1611 985 λαβεῖν
1672 922 1730 970 έν
1781 918 1999 990 δάφνης
2047 918 2150 989 ὄζῳ
2200 924 2298 993 τήν

215 1005 471 1073 ποίησιν,
521 1004 610 1053 ἵνα
648 1004 721 1071 μή
765 1004 1066 1068 πράγματα
1105 1003 1325 1068 ἔχοιμεν
1363 999 1653 1073 ζητοῦντες
1692 1006 1866 1055 αὐτοῦ’
1898 1007 1996 1056 τὸν
2035 1003 2299 1057 διδάσκα-

216 1087 336 1139 λον·
369 1081 725 1153 Ἡράκλειτος
763 1084 822 1137 δὲ
860 1087 946 1136 ἔτι
981 1089 1365 1154 γενναιότερον
1406 1088 1574 1148 αὐτὸς
1611 1085 1854 1156 ἐξευρεῖν
1892 1091 1991 1158 τήν
2016 1096 2120 1139 τοῦ
2153 1106 2294 1140 παν·
2335 1093 2365 1142 2

2 1171 178 1222 283310
213 1174 309 1233 τὸς
349 1173 519 1240 φύσιν
559 1171 733 1220 ὁποία
771 1171 1027 1236 τυγχάνει
1068 1169 1225 1233 οὖσα,
1264 1168 1503 1239 μηδενὸς
1543 1168 1876 1234 διδάξαντος
1913 1174 2006 1223 καὶ
2030 1175 2300 1240 γενέσθαι

215 1247 353 1324 παρ’
408 1256 581 1305 αὐτοῦ’
628 1256 822 1324 σοφός.
903 1247 1141 1323 Ὁμήρου
1188 1255 1290 1319 μὲν
1336 1256 1469 1324 γάρ,
1522 1255 1714 1324 ὥσπερ
1764 1257 1833 1305 τὰ
1873 1254 2015 1307 ἄλλα
2054 1258 2123 1307 τὰ
2169 1259 2302 1327 περὶ

215 1342 396 1403 αὐτόν,
432 1341 526 1390 καὶ
550 1344 714 1389 τοῦτο
742 1335 950 1407 ἄδηλον
977 1342 1098 1399 τοῖς
1111 1332 1385 1408 (Έλλησιν.
1449 1340 1480 1388 ὁ
1509 1337 1568 1389 δὲ
1594 1341 1895 1409 Σωκράτης
1921 1343 2009 1391 ὅτι
2033 1342 2134 1406 μὲν
2161 1346 2301 1402 παῖς

214 1429 290 1478 ὢν
327 1424 610 1491 ἐμάνθανε
638 1417 945 1491 [λιθοξόος]
982 1424 1081 1493 τήν
1119 1429 1222 1473 τοῦ
1257 1425 1474 1492 πατρὸς
1500 1427 1693 1493 τέχνην
1719 1425 2061 1494 ἀκηκόαμεν·
2100 1428 2197 1476 τὸν
2238 1424 2296 1476 δὲ

214 1518 312 1581 τῆς
361 1509 570 1579 σοφίας
619 1508 793 1558 αὐτοῦ
837 1505 1176 1559 διδάσκαλον
1226 1510 1405 1570 οὕτως
1454 1507 1744 1581 ὠφελίμου
1791 1512 1885 1562 καὶ
1931 1509 2102 1581 καλῆς
2151 1527 2302 1578 γενο-

137 1605 183 1647 15
217 1599 385 1664 μένης
424 1594 489 1643 σὺ
527 1596 659 1662 ήμῖν
699 1598 899 1663 σαφῶς
937 1594 1062 1644 εἰπὲ
1099 1594 1194 1646 καὶ
1228 1595 1301 1664 μή
1346 1595 1660 1664 φθονήσῃς.
1711 1622 1778 1631 -
1825 1597 1894 1647 Δ.
1929 1589 2095 1647 Ἀλλὰ
2134 1601 2300 1649 τοῦτό
2337 1600 2369 1652 3

167 1718 170 1720 >
213 1698 273 1750 γε
311 1678 473 1746 οἶμαι
510 1676 747 1740 πολλοῖς
774 1677 921 1729 εἶναι
950 1683 1146 1749 σαφές,
1185 1681 1342 1741 ὅστις
1369 1681 1640 1750 ἔμπειρος
1667 1682 1883 1750 ἀμφοῖν
1908 1685 2030 1732 τοῖν
2056 1679 2301 1751 ἀνδροῖν,

214 1769 302 1818 ὅτι
337 1765 636 1833 Σωκράτης
673 1766 738 1813 τό
774 1779 834 1831 γε
871 1761 1087 1833 ἀληθὲς
1119 1757 1358 1833 Ὁμήρου
1395 1765 1660 1835 μαθητής
1696 1769 1932 1832 γέγονεν,
1974 1767 2070 1831 οὐχ
2109 1768 2301 1835 ὥσπερ

0 1903 2 1905 ,
214 1852 359 1903 ἔνιοί
386 1863 561 1920 φασιν
581 1842 901 1917 Ἀρχελάου.
928 1876 999 1883 -
1031 1850 1147 1900 Καὶ
1184 1855 1309 1910 πῶς
1348 1849 1468 1900 οἷόν
1505 1866 1564 1900 τε
1602 1852 1698 1900 τὸν
1734 1851 1874 1920 μήτε
1913 1847 2301 1918 ξυγγενόμενον

0 1968 4 1985 .-
43 1947 122 1990 (559
141 1946 194 1988 Μ)
210 1930 426 2005 Ὁμήρῳ
456 1935 594 2003 μήτε
632 1931 826 1984 ἰδόντα
866 1935 1120 1997 πώποτε,
1161 1931 1301 1984 ἀλλὰ
1341 1935 1637 1996 τοσούτοις
1674 1935 1856 1987 ἔτεσιν
1881 1936 2114 2003 ὕστερον
2149 1939 2300 2003 γενό-

0 2029 3 2031 ’
137 2029 186 2071 20
220 2037 387 2088 μενον
418 2012 656 2089 Ὁμήρου
697 2020 874 2089 φάναι
909 2019 1205 2088 μαθητήν,·
1239 2046 1310 2054 —-
1345 2020 1413 2070 A.
1460 2020 1532 2070 Τί
1570 2017 1658 2081 δέ,·
1697 2022 1853 2081 ὅστις
1887 2010 2030 2071 καθ’
2073 2014 2302 2091 Όμηρον

215 2090 461 2174 ἐγένετο,
519 2101 692 2173 μηδὲν
741 2101 801 2153 δὲ
854 2105 1055 2173 ἤκουσε
1103 2109 1214 2154 τῶν
1258 2097 1496 2174 Ὁμήρου
1545 2106 1700 2155 ἐπῶν
1748 2106 1780 2174 ἢ
1843 2107 2058 2156 ἀκούων
2107 2104 2304 2175 μηδενὶ

215 2194 494 2260 προσέσχε
530 2190 627 2239 τὸν
664 2194 809 2252 νοῦν,
849 2181 985 2239 ἔσθ’
1028 2190 1187 2249 ὅπως
1214 2190 1468 2258 φήσομεν
1500 2190 1711 2239 ἐκεῖνον
1730 2179 1970 2259 Ὁμήρου
2007 2191 2272 2260 μαθητήν
2285 2210 2303 2253 ,-

213 2303 283 2311 ———
327 2272 616 2340 Οὐδαμῶς.
658 2303 728 2310 -
764 2274 832 2324 Δ.
878 2271 1089 2324 Οὔκουν
1139 2273 1357 2323 ἄτοπον
1406 2275 1502 2323 τὸν
1548 2275 1687 2343 μήτε
1736 2270 2126 2341 ξυγγενόμενον
2162 2277 2299 2345 μήτε
2339 2275 2372 2323 4

215 2358 435 2423 ἰδόντα,
482 2366 580 2430 τῆς
628 2356 687 2410 δὲ
738 2360 1025 2428 ποιήσεως
1067 2355 1293 2421 ξυνέντα
1336 2365 1434 2428 τῆς
1465 2351 1704 2428 Ὁμήρου
1741 2361 1835 2410 καὶ
1874 2367 1972 2430 τῆς
2014 2358 2145 2430 ὅλης
2184 2358 2303 2410 δια-

138 2454 186 2495 25
222 2447 379 2507 νοίας
405 2445 673 2513 ἔμπειρον
698 2446 991 2510 γενόμενον
1015 2443 1281 2514 μαθητήν
1301 2433 1540 2513 Ὁμήρου
1582 2441 1878 2511 λέγεσθαι·
1915 2446 1947 2515 ἢ
1979 2443 2105 2496 οὐδὲ
2134 2442 2303 2515 ζηλω-

218 2532 316 2600 τὴν
367 2526 563 2580 οὐδένα
604 2525 828 2589 οὐδενὸς
868 2529 1072 2598 φήσεις
1108 2534 1219 2579 τῶν
1265 2530 1338 2599 μή
1393 2533 1805 2596 συγγενομένων
1818 2548 1838 2591 ,·
1887 2556 1955 2564 —-
1980 2521 2195 2598 Ἔγωγε.
2238 2558 2297 2566 -

218 2616 286 2665 Δ.
325 2613 503 2683 Εἴπερ
545 2613 639 2665 οὖν
678 2609 952 2683 ζηλωτής,
1001 2615 1095 2665 καὶ
1140 2614 1407 2684 μαθητής
1457 2613 1542 2684 εἴη
1583 2616 1667 2665 ἄν.
1756 2616 1785 2664 0‘
1819 2615 1922 2684 γὰρ
1963 2610 2140 2683 ζηλῶν
2178 2632 2303 2667 τινα

221 2699 413 2767 ὀρθῶς
450 2699 755 2749 ἐπίσταται
782 2696 963 2768 δήπου
1003 2701 1212 2750 ἐκεῖνον
1252 2701 1457 2760 ὁποῖος
1493 2696 1559 2769 ἧν
1590 2701 1685 2750 καὶ
1708 2701 2052 2765 μιμούμενος
2077 2700 2145 2749 τὰ
2172 2701 2302 2769 ἔργα

218 2785 312 2833 καὶ
358 2784 488 2844 τούς
526 2780 722 2850 λόγους
770 2785 847 2844 ὡς
899 2782 1018 2835 οἶόν
1056 2801 1116 2835 τε
1164 2785 1450 2853 ἐπιχειρεῖ
1489 2787 1686 2850 ὅμοιον
1735 2785 1902 2834 αὐτὸν
1941 2784 2301 2853 ἀποφαίνειν.

139 2877 187 2918 30
223 2868 390 2918 ταύτὸ
431 2865 489 2918 δὲ
539 2874 703 2919 τοῦτο
741 2870 834 2920 καὶ
871 2870 902 2918 o‘
937 2869 1203 2940 μαθητής
1240 2873 1431 2920 ποιεῖν
1468 2869 1642 2920 ἔοικε·
1693 2870 2037 2934 μιμούμενος
2086 2870 2182 2918 τὸν
2221 2865 2302 2918 δι-
2343 2866 2372 2914 5

362 3094 386 3133 5
419 3091 526 3148 δίχα
555 3107 610 3149 γε
639 3090 684 3134 Η
712 3089 770 3143 (U
801 3102 829 3133 a
859 3092 995 3144 corr.)
1024 3091 1131 3148 δίχα
1164 3089 1214 3135 δὲ
1243 3088 1374 3133 BMU
1404 3100 1461 3131 m.
1493 3100 1588 3143 pr.;
1627 3104 1681 3146 γε
1711 3100 1798 3132 om.
1830 3086 1866 3130 P
2040 3089 2066 3129 6
2099 3076 2172 3131 ὅτι
2203 3088 2307 3142 post

221 3161 361 3218 φησίν
391 3159 492 3204 add.
516 3159 598 3204 PH
686 3177 735 3206 αι
764 3161 810 3204 in
839 3161 1114 3217 ποιμαίνων
1142 3171 1171 3204 a
1200 3171 1316 3203 corr.
1340 3158 1381 3203 U
1471 3161 1494 3200 7
1527 3161 1695 3217 λαβεῖν
1715 3157 1889 3214 scripsi,
1921 3152 2093 3215 ἔλαβεν
2121 3155 2223 3200 libri

221 3235 246 3275 9
277 3229 436 3289 ἐξεῦρε
465 3230 628 3276 PHUB
667 3228 854 3290 ἐξεῦρεν
891 3230 967 3285 Μ,
1006 3243 1121 3275 corr.
1154 3229 1369 3274 Reiskius
1544 3221 1618 3275 ὅτι
1646 3241 1732 3285 pro
1767 3223 1837 3274 ἔτι
1865 3227 1902 3271 Ρ
2075 3229 2124 3270 11
2160 3221 2307 3271 αὐτοῦ

219 3301 313 3346 MU
342 3315 399 3345 m.
430 3313 499 3358 pr.
647 3305 697 3346 13
729 3297 954 3355 λιθοξόος
984 3300 1069 3345 del.
1101 3300 1254 3345 Davis.
1412 3303 1464 3343 15
1492 3304 1647 3344 notam
1677 3302 1716 3345 A
1746 3299 1804 3343 ab
1834 3297 2081 3344 editoribus
2110 3295 2306 3341 additam

217 3371 383 3416 reffinui
469 3371 710 3430 φθονέσῃς
728 3372 780 3416 Μ
810 3368 1056 3430 φθονήσῃς
1082 3374 1127 3430 (η
1155 3371 1280 3428 prius
1310 3383 1337 3414 a
1368 3372 1500 3425 corr.)
1520 3369 1563 3416 U
1654 3373 1705 3417 16
1736 3366 1785 3416 εἷ’
1807 3386 1876 3423 τις
1905 3380 1987 3426 pro
2020 3359 2152 3420 ὅστις
2180 3364 2224 3409 H

220 3459 266 3490 οι
294 3443 342 3487 in
371 3437 567 3502 ἀνδροῖν
595 3455 624 3487 a
653 3455 768 3487 corr.
800 3443 843 3489 U
1010 3446 1058 3487 17
1088 3442 1257 3501 γέγονε
1286 3441 1327 3486 U
1356 3454 1414 3485 m.
1443 3454 1512 3497 pr.
1543 3444 1590 3493 (ν
1618 3440 1721 3487 add.
1753 3442 1886 3495 corr.)
2052 3440 2102 3482 18
2132 3434 2190 3482 τὸ
2221 3447 2306 3492 pro

218 3510 307 3561 τὸν
336 3515 418 3560 UB
505 3519 558 3559 20
590 3515 637 3560 τί
667 3515 766 3572 δαίς
796 3512 913 3558 UBP
1002 3517 1056 3558 24
1085 3515 1168 3572 τῆς
1197 3516 1247 3559 δε
1275 3515 1359 3570 τῆς
1378 3511 1474 3568 UB,
1504 3512 1613 3556 item
1640 3510 1684 3555 H
1712 3511 1852 3556 altero
1883 3511 1965 3568 τῆς
1993 3509 2221 3565 expuncto

220 3585 434 3632 συνιέντα
464 3585 545 3630 ΡΗ
660 3588 742 3644 τῆς
774 3579 999 3645 ὃμηρικῆς
1027 3584 1064 3628 Ρ
1179 3587 1233 3628 25
1262 3581 1488 3642 γενέσθαι
1516 3582 1598 3627 PH
1711 3577 1742 3640 ἢ
1771 3594 1855 3651 011).
1879 3579 1960 3623 ΡΗ
2075 3581 2130 3623 26
2159 3572 2308 3636 φήσης

222 3654 282 3703 ἄν
310 3655 347 3700 P
487 3656 847 3716 συγγενομένων
876 3655 956 3700 PH
985 3655 1256 3714 γενομένων
1285 3646 1383 3711 ἅμα
1415 3653 1547 3700 ΠΒΜ
1688 3655 1742 3696 27
1776 3653 1861 3698 οὐν
1890 3663 1976 3695 om.
2008 3648 2139 3694 UBM
2259 3645 2308 3691 δὲ

220 3740 304 3785 pro
332 3724 426 3789 γὰρ
455 3729 492 3773 P
622 3732 675 3775 29
708 3726 893 3775 οἴονται
921 3728 972 3772 Μ
1088 3721 1236 3772 αὐτὸν
1265 3725 1354 3769 ΒΜ
1470 3728 1523 3769 30
1551 3724 1633 3769 καὶ
1662 3735 1748 3769 om.
1780 3721 1969 3835 UBM8¹¹<
