2684 4140
383 277 489 324 Δ260
1112 267 1325 316 DIONIS
1351 268 1437 313 DE
1468 266 1732 313 SECESSU

388 425 499 469 τῶν
534 414 824 483 βλαβερῶν
861 414 956 464 καὶ
992 414 1339 481 ἀσυμφόρων
1378 414 1702 480 πράττοντα
1743 411 2019 465 διατελεῖν
2055 424 2347 482 πανταχοῦ
2369 434 2485 469 τοι·
2654 361 2661 410 3

388 502 527 551 αῦτά
566 501 720 549 ἐστιν
757 499 851 548 καὶ
897 499 960 547 τὸ
1014 494 1428 564 συνδιατρίβειν
1477 498 1566 548 ἀεὶ
1611 496 1690 565 τῷ
1741 500 2024 564 ἐντυχόντι
2074 499 2484 567 ἀδολεσχοῦντα
2656 477 2663 530 1

385 586 480 635 καὶ
525 584 797 633 ἀκούοντα
846 579 1023 649 λόγων
1075 578 1235 632 οὐδὲν
1279 583 1571 651 χρησίμων
1621 573 1656 651 ἢ
1704 585 1943 653 περὶτὰ
1990 583 2271 665 βασιλέως
2309 590 2487 656 πράγ-
2657 573 2663 652 1

317 678 348 725 4
385 686 536 735 ματα
577 665 886 735 διατρίβειν
925 656 958 734 ἢ
996 667 1065 716 τὰ
1103 671 1208 716 τοῦ
1243 663 1443 731 δεῖνος,
1484 669 1561 728 ὡς
1598 669 1708 738 ἔφη
1749 671 1980 730 τις.οὐ
2007 672 2110 741 γάρ
2139 673 2293 723 ἐστιν
2320 673 2484 742 ἀνόη-
2655 692 2664 750 ἃ

383 770 479 814 τος
516 759 614 823 τῆς
661 754 834 802 αὑτοῦ
878 758 1062 822 ψυχῆς
1108 753 1327 820 κύριος,
1377 749 1518 803 ἀλλὰ
1569 754 1914 822 ῥεμβόμενός
1960 773 2020 807 τε
2067 758 2161 808 καὶ
2211 758 2482 825 ἀγόμενος
2517 768 2542 808 5
2654 751 2665 781 ¹

311 886 315 906 Ξ
385 835 598 907 ῥαδίως
635 838 748 887 ὑπὸ
788 843 887 907 τῆς
923 838 1198 906 τυχούσης
1236 839 1588 908 προφάσεως
1624 840 1720 890 καὶ
1758 838 1999 905 ὁμιλίας.

525 916 708 991 [ὥστε]
750 924 806 972 οἱ
845 919 1052 973 πολλοὶ
1089 923 1425 992 ἄνθρωποι,
1474 925 1742 994 καθάπερ
1784 926 1841 975 οἱ
1879 926 2096 977 ἄσωτοι
2132 934 2243 978 τῶν
2275 929 2489 997 χρημά-

368 1026 493 1080 ιτων
534 1009 630 1058 οὐκ
667 1009 734 1059 ἂν
775 1006 1034 1059 δύναιντο
1075 1006 1395 1060 ἀποδοῦναι
1435 1006 1598 1076 λόγον
1637 1012 1782 1079 πρὸς
1831 1013 1938 1075 ό,τι
1976 1009 2328 1082 ἀνηλώκασιν
2366 1015 2585 1066 ἑκά-(263
2605 1023 2659 1067 Μ)

368 1106 519 1147 ,στον
559 1094 769 1158 αὐτῶν,
825 1095 1091 1164 φαίνεται
1131 1087 1183 1144 δ’
1227 1096 1381 1160 ὅμως
1429 1092 1760 1163 ἀνηλωμένα
1811 1098 1960 1147 πάνυ
2010 1098 2178 1162 συχνοὶ
2213 1099 2488 1167 χρήματα,

371 1176 512 1236 ,οὐδὲ
554 1177 712 1230 οὗτοι
749 1186 852 1230 τοῦ
881 1182 1084 1249 χρόνου
1124 1197 1183 1230 τε
1220 1181 1316 1231 καὶ
1350 1180 1478 1247 βίου
1531 1174 1779 1232 δύναιντ’
1823 1182 1891 1232 ἀν
1941 1180 2259 1235 ἀποδοῦναι
2305 1181 2483 1251 λόγον,
2523 1190 2570 1232 10
2592 1180 2683 1260 &ff

391 1266 537 1335 πρὸς
574 1267 682 1328 ὅ,τι
720 1267 956 1335 ἑκάστην
995 1269 1206 1336 ἡμέραν
1245 1263 1541 1335 ἀνήλωσαν
1580 1256 1614 1336 ἢ
1652 1274 1799 1337 μῆνα
1838 1257 2184 1337 ἢένιαυτόν·
2226 1270 2492 1338 φαίνεται
2665 1256 2671 1297 f

388 1343 443 1400 δ’
488 1350 847 1422 οὖν’παριὼν
887 1352 918 1401 ὁ
952 1352 1078 1418 βίος
1114 1353 1208 1403 καὶ
1236 1349 1644 1418 δαπανώμενος
1672 1354 1941 1422 ὁχρόνος,
1984 1355 2079 1404 οὐκ
2108 1351 2297 1422 ὀλίγου
2333 1352 2492 1418 ἄξιος

306 1439 352 1505 15
389 1439 511 1497 τοῖς
549 1436 888 1505 ἀνθρώποις
927 1434 1054 1488 οὐδὲ
1093 1439 1353 1507 ἥττονος,
1400 1439 1529 1503 ἐμοὶ
1567 1435 1774 1502 δοκεῖν,
1825 1429 1859 1508 ἢ
1898 1441 1960 1489 τὸ
2002 1440 2281 1509 ἀργύριον.
2359 1437 2486 1490 ἀλλ’

389 1523 542 1586 ὅμως
578 1526 711 1586 μιᾶς
750 1519 998 1592 δραχμῆς
1036 1519 1397 1592 ἀπολομένης
1435 1524 1641 1593 ἀνάγκη
1696 1524 2023 1575 αἰσθέσθαι
2068 1527 2162 1577 καὶ
2211 1523 2493 1596 δηχθῆναι

389 1607 678 1675 ἁμῃγέπῃ·
729 1607 780 1657 εἰ
820 1604 879 1657 δὲ
915 1608 1011 1657 καὶ
1047 1605 1281 1670 πλείους
1319 1625 1407 1669 τις
1444 1606 1699 1675 ἐκβάλοι,
1750 1611 1813 1659 οὐ
1853 1607 2062 1662 πολλοί
2109 1613 2254 1663 εἰσιν
2298 1613 2354 1662 οἱ
2390 1613 2490 1662 ἐπὶ
2526 1618 2572 1660 15

388 1690 470 1757 τῴ
506 1693 745 1758 τοιούτῳ
787 1689 989 1760 πρᾴως
1027 1693 1274 1757 ἔχοντες’
1323 1691 1462 1760 λέγω
1504 1691 1562 1744 δὲ
1605 1695 1666 1744 οὐ
1708 1692 1810 1745 διὰ
1843 1698 1941 1766 τὴν
1981 1694 2245 1762 ἀμέλειαν
2287 1694 2493 1746 λυπού-

387 1792 549 1841 μενοι
584 1777 679 1826 καὶ
718 1773 1050 1841 δακνόμενοι
1085 1779 1180 1828 καὶ
1218 1776 1312 1829 διὰ
1351 1780 1414 1829 τὸ
1464 1781 1538 1848 μὴ
1590 1783 1889 1847 προσέχειν
1927 1774 2043 1850 (ἐφ’
2096 1782 2182 1842 οἷς
2232 1778 2391 1844 ἀξιον
2429 1779 2495 1850 ἧν

390 1858 742 1925 δάκνεσθαι),
782 1854 909 1911 ἀλλ’
953 1863 1053 1914 ἐπὶ
1089 1870 1159 1933 τῇ
1197 1861 1458 1932 ἀπωλείᾳ
1495 1870 1607 1915 τῶν
1647 1862 1922 1932 δραχμῶν.
1998 1869 2210 1936 ἡμέρας
2249 1865 2308 1917 δὲ
2348 1863 2495 1929 ἐξελ-

391 1947 613 2017 θούσης
649 1949 744 1999 καὶ
782 1946 1142 2019 ἀπολομένης
1177 1951 1272 2000 καὶ
1311 1947 1410 2000 δύο
1448 1951 1543 2001 καὶ
1579 1956 1749 2019 τριῶν
1791 1948 1975 2012 οὐδείς
2013 1952 2167 2002 ἐστιν
2195 1952 2257 2013 ὃς
2295 1953 2495 2022 ἐφρόν-

323 2038 355 2088 6
393 2046 563 2083 τισεν.
641 2024 767 2084 ἀλλ’
810 2035 933 2086 ἐκεῖ
959 2037 1061 2101 μὲν
1104 2032 1371 2087 δύνανται
1409 2032 1741 2103 λογίζεσθαι
1778 2031 1859 2104 [τὸ
1887 2032 2164 2106 τοιοῦτον]
2202 2039 2290 2088 ὅτι
2329 2038 2380 2087 εἰ
2415 2039 2489 2107 μὴ
2529 2044 2577 2086 2ο

392 2116 740 2187 προσέξουσι
786 2117 927 2189 μηδὲ
980 2127 1316 2190 φροντιοῦσι
1363 2127 1475 2172 τῶν
1523 2124 1826 2185 τοιούτων,
1878 2120 2056 2173 λάθοι
2104 2124 2171 2173 ἂν
2221 2123 2492 2191 αὐτούςή

366 2206 666 2269 ,σύμπασα
707 2205 872 2256 οὐσία
902 2203 1232 2274 διαρρυεῖσα
1256 2207 1351 2257 καὶ
1376 2204 1729 2276 ἀπολομένη’
1769 2207 2019 2257 ἐνταῦθα
2049 2205 2107 2257 δὲ
2138 2208 2200 2257 ού
2230 2205 2496 2257 δύνανται

392 2289 562 2338 ταύτὸ
601 2295 766 2339 τοῦτο
808 2287 1175 2357 λογίσασθαι,
1215 2292 1293 2352 ὡς
1330 2292 1382 2342 εἰ
1413 2293 1486 2362 μὴ
1531 2293 1950 2361 προνοήσουσιν
2002 2294 2238 2361 ἑκάστης
2287 2296 2496 2361 ἡμέρας

391 2374 486 2423 καὶ
523 2371 870 2443 φυλάξονται
895 2377 968 2445 μὴ
998 2376 1119 2444 εἰκῇ
1146 2379 1427 2444 προϊέναι,
1469 2373 1647 2427 λάθοι
1683 2377 1750 2427 ἂν
1791 2378 1993 2438 αὐτούς
2034 2378 2064 2427 0‘
2105 2379 2331 2442 σύμπας
2368 2377 2494 2442 βίος

395 2455 678 2528 διαρρυεὶς
713 2462 807 2510 καὶ
844 2458 1214 2526 ἀπολόμενος.
2527 2469 2576 2511 25

328 2550 360 2600 7
541 2537 665 2594 ἀλλ’
708 2547 797 2596 ὅτι
833 2562 892 2613 γε
933 2547 995 2596 οὐ
1034 2549 1214 2608 τόπος
1250 2548 1402 2598 ἐστὶν
1451 2549 1482 2596 ὁ
1532 2550 1792 2616 παρέχων
1844 2545 1970 2597 οὐδὲ
2019 2549 2083 2597 τὸ
2124 2544 2497 2617 ἀποδημῆσαι

395 2630 459 2679 τὸ
486 2631 560 2700 μὴ
605 2624 778 2700 φαῦλ’
823 2633 963 2682 ἄττα
1004 2634 1276 2701 πράττειν
1317 2630 1443 2683 οὐδὲ
1481 2628 1606 2699 <τὸ>
1642 2635 1724 2694 εἰς
1750 2633 2042 2702 Κόρινθον
2080 2621 2114 2701 ἢ
2146 2631 2339 2702 Θήβας
2366 2633 2498 2683 ἀνα-

394 2719 765 2785 κεχωρηκέναι
803 2712 884 2784 [τὸ
926 2712 1004 2785 δὲ]
1053 2719 1149 2768 τὸν
1187 2715 1528 2784 βουλόμενον
1577 2721 1724 2788 πρὸς
1763 2717 1912 2785 αὐτῷ
1961 2717 2109 2769 εἶναι
2159 2745 2226 2752 -
2263 2719 2357 2769 καὶ
2392 2717 2495 2786 γὰρ
2514 2726 2676 2769 (4921ss

394 2801 452 2850 ἐν
484 2800 701 2870 Θήβαις
737 2803 831 2853 καὶ
868 2804 926 2853 έν
953 2804 1247 2872 Μεγάροις
1283 2805 1378 2854 καὶ
1415 2810 1707 2869 πανταχοῦ
1744 2801 1939 2868 σχεδὸν
1967 2801 2037 2853 οὗ
2056 2820 2143 2864 τις
2170 2804 2237 2854 ἂν
2265 2800 2495 2872 ἀπέλθῃ

451 3015 453 3017 ,
545 2971 562 3010 1
596 2962 655 3014 τὰ
687 2962 807 3015 αὐτά
838 2966 940 3015 ἐστι
972 2969 1154 3014 GeeHus
1184 2966 1353 3027 ἕτοιμά
1383 2967 1484 3016 ἐστι
1515 2969 1647 3026 Emp.
1765 2973 1789 3014 2
1820 2968 1922 3016 ἐστι
1953 2969 1991 3013 U
2079 2972 2160 3015 καὶ
2189 2965 2248 3015 τὸ
2283 2995 2333 3000 -
2365 2967 2497 3015 ἐντυ-

395 3033 536 3095 χόντι
565 3051 648 3082 οιιι.
682 3039 721 3084 U
893 3033 969 3087 ἀεὶ
999 3043 1069 3102 τῷ
1099 3066 1151 3073 -
1185 3042 1447 3101 διατρίβειν
1479 3040 1545 3085 bis
1578 3041 1781 3085 exaravit
1809 3041 1859 3085 M
2031 3045 2059 3084 4
2090 3041 2350 3100 διατρίβειν
2379 3039 2499 3084 delet

399 3107 581 3154 Geeliu‘s
725 3107 783 3157 τὸ
814 3114 903 3158 τοῦ
931 3112 1052 3166 libri,
1083 3107 1142 3160 τὰ
1174 3115 1262 3159 τοῦ
1291 3126 1402 3169 mrg.
1434 3112 1550 3157 Mor.
1704 3107 1730 3158 ὃ
1763 3106 1972 3171 ἀνόητος
2002 3111 2256 3165 Jacobsius,
2287 3105 2497 3168 ἀνόητος

307 3172 311 3177 ’
398 3175 662 3239 ἄνθρωπος
690 3181 945 3240 Pflugkius3
988 3178 1196 3243 ἀνόητος
1224 3183 1562 3241 interpolatoris
1600 3195 1699 3228 esse
1738 3186 1878 3239 puto3
1919 3182 1989 3227 his
2026 3181 2144 3226 enim
2176 3181 2499 3226 continuantur

402 3258 518 3306 quae
546 3264 721 3309 *supra
734 3253 855 3298 dicta
878 3258 998 3299 sunt
1034 3269 1078 3312 p.
1109 3259 1209 3312 259,
1239 3259 1291 3300 25
1517 3260 1541 3300 5
1581 3255 1755 3299 malim:
1807 3250 2113 3315 ῥεμβόμενός
2159 3270 2230 3307 τις
2275 3255 2357 3298 καὶ

401 3324 425 3364 7
448 3336 581 3368 ωστε
595 3323 774 3377 seclusi,
794 3337 942 3383 neque
961 3327 1080 3371 enim
1099 3326 1213 3371 haec
1232 3339 1288 3371 ex
1307 3325 1682 3372 antecedentibus
1704 3331 2007 3371 consecuntur
2099 3328 2149 3369 12
2174 3320 2342 3382 ὀλίγον
2362 3321 2411 3364 Μ

399 3390 571 3436 malim:
604 3389 736 3448 ἄξιος
763 3390 883 3453 (ὠν)
1012 3402 1061 3442 14
1094 3401 1303 3458 δραγμῆς
1333 3398 1383 3442 Μ
1529 3401 1580 3441 15
1613 3392 1706 3444 κᾶν
1735 3410 1817 3454 pro
1846 3399 1928 3443 καὶ
1958 3396 2006 3440 Μ
2120 3393 2319 3455 ἐκβάλοι
2347 3392 2494 3448 Emp.,

400 3458 579 3522 §xssdavq
607 3463 657 3507 M
685 3462 895 3525 ἐκβάλλῃ
924 3466 1007 3512 UB
1095 3474 1145 3513 17
1179 3465 1476 3525 δακνώμενοι
1505 3468 1556 3512 Μ
1642 3471 1696 3511 20
1728 3464 1923 3514 δύναται
1952 3465 2142 3520 ΠΒΜΤ,
2174 3477 2289 3510 corr.
2323 3462 2430 3507 editi

400 3528 460 3578 τὸ
491 3536 716 3581 τοιοῦτον
745 3536 833 3581 del.
861 3537 1072 3584 Reiskius
1219 3543 1273 3584 24
1304 3537 1592 3597 φυλάξονται
1623 3539 1800 3597 scripsi,
1831 3534 2088 3597 φυλάξουσι
2115 3535 2220 3580 libri
2350 3536 2401 3576 27
2435 3529 2493 3578 τὸ

401 3603 476 3648 hic
505 3603 688 3660 inserui,
720 3607 867 3653 deleto
898 3607 955 3655 τὸ
989 3610 1037 3656 δὲ
1066 3611 1098 3655 1.
1131 3614 1207 3666 28;
1238 3615 1308 3658 δεῖ
1337 3624 1420 3668 pro
1450 3606 1508 3657 τὸ
1541 3610 1591 3658 δὲ
1620 3611 1770 3667 Emp.,
1801 3610 1880 3655 sed
1909 3609 2059 3653 obstat
2086 3604 2207 3650 infin.
2239 3604 2352 3661 perf.

404 3676 458 3719 28
488 3679 569 3722 καὶ
597 3695 694 3738 γαρ
723 3681 769 3723 et
799 3691 912 3734 quae
932 3691 1021 3725 sec.
1052 3693 1133 3737 per
1154 3683 1489 3727 anacoluthiam
1510 3681 1724 3739 apodosis
1743 3682 1892 3727 locum
1913 3679 2116 3724 obtinere
2145 3676 2255 3721 vidit
2277 3676 2407 3732 Emp.
2431 3675 2496 3730 (in

403 3746 598 3803 schedis)
716 3752 768 3793 29
790 3745 994 3799 ἀπέλθοι
1022 3751 1142 3808 libri,
1174 3765 1288 3798 corr.
1321 3755 1458 3801 Dind.
