2684 4140
330 267 332 270 Ι
391 310 495 359 262
1119 301 1326 348 DIONIS
1358 302 1442 347 DE
1472 302 1741 348 SECESSU

390 454 499 521 ἄρα
537 450 630 500 καὶ
666 452 788 511 τοῖς
824 445 1184 519 φιλολόγοις,
1231 449 1282 499 εἰ
1318 450 1392 519 μὴ
1435 450 1645 511 πάντες
1681 451 2130 523 ὑποσιγήσουσιν
2171 455 2363 517 αὐτοῖς
2399 457 2493 507 καὶ

387 536 526 603 μήτε
564 535 747 602 ὅραμα
788 530 963 603 μηδὲν
1003 531 1141 584 ἄλλο
1182 534 1345 584 ἔσται
1381 533 1520 603 μήτε
1571 534 1927 601 ἀκούσματος
1976 539 2197 591 ἀκούειν
2234 538 2491 610 μηδενός,

391 619 487 669 οὐκ
525 619 634 686 ἀρα
675 618 768 667 οἷα
807 634 869 668 τε
906 618 1070 669 ἔσται
1107 622 1138 689 ἡ
1179 619 1328 689 ψυχὴ
1370 622 1493 679 τοῖς
1519 619 1690 690 αὐτῆς
1716 626 2016 690 προσέχειν
2040 626 2136 676 καὶ
2161 626 2294 694 περὶ
2318 631 2493 676 ταῦτα

309 707 374 758 12
393 703 709 771 γίγνεσθαι.
894 696 1021 753 ἀλλ’
1075 704 1247 771 ἔγωγε
1300 705 1411 773 ὁρῶ
1459 705 1554 754 καὶ
1601 706 1733 766 τοὺς
1770 704 2015 777 πλησίον
2065 717 2164 780 τῆς
2201 707 2495 780 θαλάττης

392 786 552 839 οὐδὲν
591 789 948 853 πάσχοντας,
1000 785 1143 839 ἀλλὰ
1191 791 1285 840 καὶ
1324 787 1692 841 διανοεῖσθαι
1739 788 2077 858 δυναμένους
2116 795 2151 844 οἳ
2187 793 2491 862 βούλονται
2527 805 2551 846 5

390 871 757 950 διανοεῖσθαι
792 875 888 924 καὶ
927 871 1190 942 λέγοντας
1225 876 1320 926 καὶ
1357 876 1665 937 ἀκούοντας
1701 877 1795 927 καὶ
1830 875 2234 942 καθεύδοντας,
2275 881 2493 930 ὁπόταν

391 959 583 1019 αὐτοῖς
619 951 652 1028 ᾖ
695 961 917 1029 καιρός,
968 962 1057 1011 ὅτι
1097 956 1258 1012 οὐδὲν
1299 959 1520 1012 οἴονται
1568 962 1875 1031 προσήκειν
1927 963 2119 1024 αὐτοῖς
2157 970 2260 1014 τοῦ
2295 966 2495 1034 ψόφου

390 1046 591 1094 τούτου
645 1042 772 1095 οὐδὲ
826 1042 1241 1116 φροντίζουσιν.
1330 1048 1382 1098 εἰ
1431 1044 1494 1097 δέ
1541 1062 1601 1114 γε
1640 1044 1941 1113 ἐβούλοντο
1982 1052 2281 1116 προσέχειν
2321 1032 2670 1119 ὁπότεὶξὲἓῗίξ

387 1125 592 1195 μείζων
629 1130 661 1200 ἢ
690 1127 938 1182 ἐλάττων
964 1133 1211 1200 γίγνοιτο
1239 1129 1373 1202 ἦχος
1397 1132 1429 1203 ἢ
1462 1130 1795 1200 διαριθμεῖν
1821 1133 1890 1183 τὰ
1916 1135 2134 1199 κύματα
2161 1128 2291 1202 (τά)
2317 1147 2496 1203 προσ-

391 1215 681 1266 πίπτοντα
718 1205 753 1286 ἢ
790 1218 923 1278 τοὺς
964 1214 1167 1286 λάρους
1204 1235 1263 1268 τε
1301 1219 1396 1269 καὶ
1442 1217 1510 1267 τὰ
1561 1214 1703 1268 ἄλλα
1757 1219 1919 1287 ὄρνεα
1960 1221 2122 1288 ὁρᾶν,
2172 1221 2331 1281 ὅπως
2369 1221 2493 1271 ἐπι·
2533 1229 2580 1271 10

391 1303 665 1351 πέτονται
702 1302 801 1352 ἐπὶ
838 1302 907 1352 τὰ
945 1304 1163 1369 κύματα
1200 1304 1295 1354 καὶ
1331 1305 1594 1373 νήχονται
1634 1300 1850 1373 ῥᾳδίως
1890 1295 1987 1354 ἐπ’
2034 1305 2245 1369 αὐτῶν,
2297 1306 2394 1356 οὐκ
2432 1307 2499 1357 ἂν

310 1387 374 1438 13
395 1382 460 1456 ἦν
501 1387 694 1448 αὐτοῖς
735 1385 900 1459 σχολὴ
943 1386 1080 1438 ἄλλο
1119 1406 1177 1439 τι
1214 1392 1420 1439 ποιεῖν.
1487 1389 1682 1439 οὐκοῦν
1719 1390 1813 1440 καὶ
1850 1392 2008 1451 ὅστις
2044 1388 2279 1452 δυνατὸς
2316 1393 2501 1462 ἐννοῆ-

395 1485 494 1522 σαι
532 1473 666 1541 περὶ
702 1478 815 1523 τῶν
855 1470 1084 1524 πολλῶν
1123 1475 1453 1543 ἀνθρώπων
1490 1476 1584 1525 καὶ
1608 1480 1711 1525 τοῦ
1733 1475 1987 1545 θορύβου
2016 1482 2118 1526 τοῦ
2139 1466 2266 1526 κατ>
2299 1476 2502 1538 αὐτούς

390 1557 485 1608 καὶ
521 1562 632 1607 τῶν
671 1559 1037 1626 πραγμάτων,
1075 1561 1164 1610 ὅτι
1204 1557 1364 1610 οὐδὲν
1404 1557 1670 1629 διαφέρει
1696 1565 1871 1610 ταῦτα
1898 1566 2010 1611 τῶν
2049 1562 2108 1612 ἐν
2134 1568 2203 1631 τῇ
2238 1559 2499 1630 θαλάττῃ

391 1645 750 1709 γιγνομένων,
793 1643 891 1693 οὐκ
929 1644 997 1694 ἂν
1035 1641 1321 1708 ἐνοχλοῖτο
1360 1637 1463 1694 ὑπ’
1497 1646 1694 1695 αὐτῶν.
1835 1642 1976 1695 ἀλλὰ
2004 1648 2170 1696 τοῦτό
2208 1648 2379 1709 ἐστιν,
2420 1648 2498 1708 ὡς
2535 1648 2582 1696 15

392 1728 554 1790 ἔοικε,
595 1725 816 1778 πολλοῦ
851 1725 1012 1791 ἄξιον
1039 1723 1141 1797 [τὸ]
1167 1730 1413 1799 μάθημα
1439 1731 1534 1780 καὶ
1562 1727 1821 1797 δίδαγμα,
1861 1733 1924 1781 τὸ
1952 1733 2050 1801 τὴν
2078 1733 2260 1801 ψυχὴν
2288 1728 2503 1794 ἐθίζειν

393 1813 649 1863 ἕπεσθαι
686 1811 769 1880 τῷ
810 1809 951 1880 λόγῳ
993 1815 1086 1865 καὶ
1121 1815 1196 1884 μὴ
1238 1807 1336 1864 ἐπ’
1381 1807 1508 1864 ἄλλ>
1553 1816 1693 1864 ἄττα
1725 1816 2051 1884 τρέπεσθαι
2085 1806 2119 1884 ἢ
2158 1818 2226 1866 τά
2266 1833 2324 1867 τε
2365 1832 2505 1886 προ-

309 1896 376 1946 14
395 1899 620 1964 κείμενα
671 1900 766 1949 καὶ
816 1896 1086 1950 δοκοῦντα
1127 1899 1321 1970 ὀρθῶς
1370 1901 1542 1965 ἔχειν·
1590 1902 1684 1951 καὶ
1730 1903 1762 1968 ἠ
1811 1902 1912 1966 μὲν
1963 1901 2142 1962 οὕτως
2189 1901 2505 1952 ἐθισθεῖσα

392 1978 464 2053 [ἡ]
503 1985 651 2054 ψυχὴ
694 1978 881 2052 [λόγῳ]
923 1982 1222 2055 δυνήσεται
1262 1987 1488 2036 ἅπαντα
1529 1983 1996 2055 διαπράττεσθαι
2033 1986 2102 2036 τὰ
2143 1988 2504 2056 προσήκοντα

394 2069 562 2138 αὐτῇ,
611 2073 643 2139 ἦ
687 2067 746 2120 δὲ
785 2071 1100 2140 ῥεμβομένη
1155 2088 1215 2122 τε
1252 2073 1348 2122 καὶ
1385 2069 1635 2121 ἀλύουσα
1682 2070 1776 2122 καὶ
1824 2069 2024 2123 ἄλλοτε
2064 2065 2159 2122 ἐπ’
2203 2070 2341 2123 ἄλλο
2380 2090 2500 2142 τρε·
2537 2083 2585 2125 2ο

312 2177 318 2189 ³
394 2157 642 2224 πομένη,
704 2157 849 2205 ὅταν,
888 2173 945 2206 τι
995 2163 1270 2226 προφανῇ
1317 2173 1460 2207 ποτε
1507 2154 1713 2226 ἡδονήν
1762 2174 1887 2207 τινα
1936 2148 1971 2227 ἢ
2019 2159 2312 2227 ῥᾳστώνην
2362 2159 2504 2223 ἔχον,

396 2240 588 2308 ὥσπερ
629 2237 834 2301 ὕδατος
872 2242 930 2291 ἐν
969 2239 1315 2311 ἑτεροκλινεῖ
1342 2243 1531 2310 χωρίῳ
1573 2244 1712 2292 ὅποι
1750 2243 1905 2307 ἔτυχε
1931 2246 2299 2311 τρεπομένου,
2342 2242 2502 2294 οὐδὲν

314 2323 377 2373 15
399 2325 466 2375 ἂν
506 2321 836 2394 ὠφεληθείη
879 2319 1001 2376 οὐδ’
1043 2328 1156 2377 ὑπὸ
1195 2334 1294 2397 τῆς
1331 2328 1523 2396 πάσης
1559 2328 1794 2396 ἡσυχίας
1831 2344 1891 2378 τε
1927 2329 2022 2378 καὶ
2059 2329 2309 2398 ἐρημίας.
2374 2326 2503 2379 οἶδα

393 2410 497 2477 γὰρ
538 2411 707 2477 ἔγωγε
744 2412 839 2461 καὶ
876 2416 987 2462 τῶν
1025 2417 1202 2463 κυνῶν
1241 2412 1342 2473 τὰς
1368 2413 1469 2477 μὲν
1494 2409 1679 2473 καλῶς
1706 2413 1984 2477 ἀχθείσας
2008 2414 2102 2463 καὶ
2130 2411 2497 2483 φιλοπόνους,
2519 2426 2676 2467 (4953]

394 2493 630 2546 ἐπειδὰν
669 2497 990 2566 ἀφεθῶσιν,
1031 2498 1204 2559 εὐθὺς
1231 2493 1614 2567 ἀναζητούσας
1640 2499 1703 2548 τὸ
1733 2497 1899 2563 ἴχνος,
1939 2500 2033 2550 καὶ
2060 2491 2179 2549 οὐδ’
2212 2500 2262 2549 εἰ
2290 2501 2498 2561 πάντες
2534 2509 2585 2551 25

395 2578 755 2645 ἀποκαλοῖεν,
798 2583 893 2633 οὐκ
933 2585 1000 2634 ἄν
1039 2599 1181 2635 ποτε
1210 2589 1377 2634 τοῦτο
1412 2581 1861 2648 ἀπολειπούσας,
1904 2577 2025 2635 οὐδ’
2071 2586 2122 2635 εἰ
2159 2581 2371 2635 πολλαὶ
2406 2586 2508 2650 μὲν

398 2668 586 2736 φωναὶ
623 2669 988 2733 πανταχόθεν
1031 2673 1325 2739 φέροιντο,
1377 2666 1584 2720 πολλαὶ
1637 2667 1695 2720 δὲ
1746 2671 1919 2736 ὀσμαὶ
1970 2671 2089 2720 ἀπό
2129 2687 2190 2720 τε
2227 2675 2338 2720 τῶν
2375 2687 2508 2738 καρ-

397 2757 522 2803 πῶν
558 2753 652 2802 καὶ
690 2753 887 2804 ἀνθῶν
926 2751 1326 2820 ἐμπλέκοιντο,
1380 2751 1526 2804 πολὺ
1580 2752 1639 2805 δὲ
1681 2752 1911 2826 πλῆθος
1950 2756 2279 2824 ἀνθρώπων
2318 2772 2378 2806 τε
2414 2756 2510 2806 καὶ

538 2936 563 2977 2
592 2930 711 2991 μήτε
739 2928 923 2991 (δρᾶν)
954 2924 1116 2992 ὅραμα
1148 2932 1368 2988 Cobetus3
1400 2945 1488 2989 quo
1520 2945 1608 2976 non
1639 2945 1755 2989 opus
1914 2936 1939 2977 3
1971 2939 2074 2988 τοῖς
2105 2930 2248 2995 αὑτῆς
2278 2936 2508 2992 Reiskius‚
2574 2925 2578 2933 '

397 3013 501 3060 τοῖς
531 3001 674 3062 αὐτῆς
706 3004 795 3049 ΒΜ
826 3012 929 3059 τοῖς
965 2999 1129 3058 αὐτοῖς
1158 3004 1199 3050 U
1287 3009 1315 3049 4
1344 3005 1568 3064 γίνεσθαι
1599 3003 1637 3049 U
1726 3010 1750 3049 5
1784 3003 1920 3051 ουδὲν
1950 3001 2230 3063 πάσχοντας
2261 3019 2345 3050 om.
2380 3006 2430 3050 M

395 3080 477 3123 καὶ
507 3090 591 3121 om.
623 3075 665 3121 U
782 3079 805 3119 7
840 3069 1007 3130 αὐτοῖς
1037 3076 1077 3120 U
1206 3071 1374 3135 ψόφου
1404 3075 1638 3120 Morellius
1670 3071 1833 3135 φόβου
1862 3074 1966 3119 libri
2090 3078 2114 3120 8
2147 3076 2197 3122 δέ
2225 3093 2280 3135 γε
2314 3072 2339 3123 ὃ
2374 3077 2422 3120 Μ

398 3152 424 3192 9
456 3147 516 3195 τά
549 3150 671 3204 (post
699 3143 904 3205 κύματα)
937 3147 1039 3193 add.
1072 3147 1285 3192 Reiskius
1420 3150 1470 3190 10
1502 3142 1560 3193 τὰ
1592 3150 1698 3190 ante
1729 3143 1851 3193 ἄλλα
1883 3159 1969 3192 om.
2005 3146 2043 3189 B
2185 3146 2511 3195 ἐπιπέτωνται

398 3219 440 3264 U
469 3231 527 3263 m.
558 3232 626 3274 pr.
804 3223 855 3263 15
885 3214 973 3266 ὑπ’
1003 3213 1163 3266 αὐτῶν
1193 3218 1374 3263 Geelius
1403 3213 1499 3264 ὑπὸ
1530 3213 1728 3265 πάντων
1757 3217 1863 3262 libri
2038 3221 2090 3262 16
2122 3216 2179 3265 τὸ
2212 3219 2378 3264 seclusi

406 3293 454 3332 17
485 3285 698 3336 ἄλλάττα
729 3289 769 3334 U
798 3290 917 3344 (sici)
1068 3294 1118 3335 18
1149 3284 1177 3349 ἦ
1207 3290 1297 3348 μὲν
1328 3289 1524 3343 801ἅθῑι.,
1555 3285 1668 3348 ἡμῖν
1696 3290 1800 3334 libri
1943 3287 2181 3348 ἐθισθῆσα
2213 3289 2262 3333 Μ
2399 3293 2449 3334 19
2479 3288 2506 3347 ἡ

399 3360 588 3405 seclusit
608 3360 820 3406 Reiskius
935 3358 1065 3423 λόγῳ
1094 3364 1147 3407 ut
1176 3375 1232 3406 ex
1262 3361 1634 3407 antecedentibus
1655 3361 1899 3418 repetitum
1920 3362 2098 3417 seclusi,
2131 3362 2237 3417 quia
2266 3359 2351 3404 vim
2382 3359 2508 3404 vocis

402 3424 555 3485 οὕτως
585 3431 801 3476 deminuit
887 3435 941 3477 20
972 3433 1017 3480 εἰ
1044 3433 1093 3480 δὲ
1123 3434 1212 3478 ΒΜ
1300 3430 1418 3480 ἄλλο
1451 3436 1495 3488 (ο
1528 3445 1556 3477 a
1577 3435 1711 3488 corr.)
1733 3433 1772 3478 U
1860 3436 1910 3477 21
1945 3428 2059 3491 ἔχον
2087 3435 2133 3486 (ο
2165 3445 2193 3475 a
2214 3433 2348 3483 corr.)
2382 3429 2421 3474 U

402 3506 455 3547 22
486 3494 651 3560 ὥσπερ
681 3495 878 3557 {Mamm
910 3505 1145 3560 genetivus
1175 3506 1293 3550 male
1323 3518 1372 3551 se
1401 3505 1553 3558 habet,
1584 3504 1673 3549 nisi
1702 3517 1785 3561 pro
1816 3496 1982 3562 ὥσπερ
2012 3499 2201 3563 τρόπον
2229 3501 2503 3558 reposueris,

401 3586 506 3618 cum
535 3573 719 3618 Reiskio
837 3573 987 3636 ἑτέρῳ
1015 3577 1165 3622 κλίνει
1195 3576 1244 3619 Μ
1379 3580 1432 3621 23
1464 3572 1738 3636 ὠφεληθείη
1769 3569 1870 3622 οὐδ’
1903 3571 1999 3622 ὑπὸ
2033 3574 2243 3626 casaub„
2275 3567 2504 3630 ω’φεληθῇ

402 3638 507 3690 οὐδ’
537 3639 632 3691 ὑπὸ
664 3644 713 3688 Μ
745 3639 975 3705 ὥφεληθῇ
1007 3640 1093 3705 οὐχ
1125 3641 1219 3694 ὑπὸ
1252 3647 1333 3692 UB
1456 3646 1655 3708 ἐρημίας
1685 3663 1739 3693 τε
1768 3648 1850 3692 καὶ
1879 3641 2078 3706 ἡσυχίας
2107 3645 2208 3698 (hoc
2238 3643 2350 3696 ord.)
2380 3643 2419 3687 U

403 3712 452 3761 οἱ
481 3714 530 3761 δὲ
559 3728 640 3771 pro
674 3711 779 3762 οἶδα
811 3716 859 3759 Μ
978 3720 1032 3760 24
1063 3716 1340 3774 φιλοπόνως
1369 3718 1486 3773 libri,
1518 3731 1634 3763 corr.
1667 3717 1802 3762 Dind.
1941 3719 1994 3760 26
2024 3710 2359 3768 ἀπολιπούσας
2389 3713 2508 3768 libri,

403 3798 520 3831 corr.
545 3786 652 3831 Wil.
770 3790 823 3830 27
858 3782 989 3844 οἶμαι
1019 3788 1068 3832 Μ
1184 3792 1238 3834 28
1272 3785 1462 3837 ἀνθέων
1491 3790 1529 3835 Β
1674 3785 1797 3836 πολὺ
1827 3788 1877 3836 δὲ
1906 3786 2134 3840 Reiskius‚
2165 3782 2287 3833 πολύ
2317 3802 2369 3832 τε
2399 3784 2507 3830 libri
