2684 4140
322 260 424 311 232
765 252 973 299 DIONIS
1001 251 1086 297 DE
1118 245 1465 296 SERVITUTE
1497 247 1579 293 ET
1609 247 1968 294 LIBERTATE

316 402 383 474 ῆν
430 401 524 452 καὶ
568 405 667 468 τῆς
717 396 899 457 οἰκίας
943 396 1160 464 κύριος·
1212 395 1242 444 ὁ
1289 391 1347 444 δὲ
1381 384 1666 455 Ἀντίνους
1710 395 1805 446 καὶ
1845 395 1875 445 o‘
1913 388 2263 466 Εὐρύμαχος,
2317 402 2619 462 οὓς(444ΙιΠ)
2655 455 2657 459 ,

304 481 549 554 Ὅμηρος
599 475 851 546 ὠνόμαζε
898 476 1200 547 βασιλέας,
1250 475 1456 529 ἄθλιοι
1491 479 1586 528 καὶ
1625 475 1912 546 δυστυχεῖς
1950 509 2023 517 --
2059 479 2200 533 ἀλλὰ
2239 484 2416 537 ταῦτα

315 573 435 636 μέν,
475 569 552 628 ὡς
589 566 749 635 ἔφην,
790 562 1082 632 ἀγνοοῦσι·
1125 567 1329 634 σημεῖα
1370 561 1429 613 δὲ
1459 556 1654 625 αὐτοῖς
1686 565 2061 630 περιτιθέασι
2087 567 2288 638 τιάρας
2324 573 2419 622 καὶ

319 659 574 722 σκῆπτρα
611 651 706 700 καὶ
745 647 1081 719 διαδήματα,
1119 650 1193 720 μὴ
1237 642 1467 699 λα’θωσι
1503 645 1760 716 βασιλεῖς
1799 652 1982 712 ὄντες·
2024 653 2218 724 ὥσπερ·
2258 655 2421 722 οἶμαι

314 742 436 799 τοῖς
457 736 794 805 βοσκήμασι
825 741 1180 806 χαρακτῆρας
1211 731 1620 802 ἐπιβάλλουσιν
1660 736 1717 785 οἱ
1755 733 2050 802 δεσπόται,
2090 742 2249 802 ὅπως
2286 743 2414 793 ἐπί·
2450 763 2474 803 5

229 827 298 879 23
322 836 470 893 σημα
519 822 696 872 ἔσται.
762 820 1061 888 τοιγαροῦν
1101 822 1133 870 ὁ
1169 821 1410 891 Περσῶν
1448 818 1715 887 βασιλεὺς
1760 824 1919 882 ὅπως
1956 823 2058 887 μὲν
2096 820 2210 885 ἔξει
2246 826 2422 889 μόνος

314 908 496 978 ὀρθὴν
533 908 632 977 τὴν
658 901 861 976 τιάραν
888 901 1231 977 ἐφρόντιζεν,
1269 907 1364 957 καὶ
1402 905 1566 967 εἴτις
1598 904 1768 968 ἄλλος
1794 905 1896 957 ‘coz‘
1898 923 1962 958 το
2002 909 2289 978 ἐποίησεν,
2334 903 2422 960 εὗ-

311 993 424 1053 θῦς
459 988 742 1042 ἐκέλευσεν
770 990 1164 1061 ἀποθνῄσκειν
1205 984 1391 1056 αὐτόν,
1432 993 1509 1053 ὡς
1550 985 1612 1042 οὗ
1654 989 1824 1044 καλὸν
1865 983 1994 1044 οὐδὲ
2037 997 2324 1064 συμφέρον
2363 996 2422 1046 ἐν

310 1079 617 1139 τοσαύταις
663 1073 939 1146 μυριάσιν
987 1078 1317 1147 ἀνθρώπων
1368 1076 1466 1128 δύο
1516 1076 1664 1130 εἶναι
1704 1078 2022 1149 φοροῦντας
2061 1076 2262 1150 τιάρας
2299 1076 2421 1149 (ὀρ-

312 1158 476 1230 θάς>·
516 1165 675 1224 ὅπως
715 1161 774 1214 δὲ
814 1164 912 1234 τὴν
950 1165 1171 1234 γνώμην
1211 1165 1392 1236 ὀρθὴν
1432 1161 1545 1227 ἔξει
1581 1165 1676 1215 καὶ
1710 1162 1908 1235 μηδεὶς
1946 1162 2117 1227 ἄλλος
2146 1167 2419 1236 φρονήσει
2458 1184 2504 1229 10

227 1252 298 1303 24
321 1249 496 1300 αὐτοῦ
543 1250 843 1319 σοφώτερα
893 1247 1054 1300 οὐδὲν
1104 1248 1254 1318 αὐτῷ
1305 1248 1512 1316 ἔμελεν.
1607 1252 1680 1322 μὴ
1738 1250 1859 1315 οὖν,
1923 1251 2116 1321 ὥσπερ
2171 1258 2270 1322 τῆς
2324 1253 2425 1319 βα-

321 1331 540 1396 σιλείας
587 1341 687 1406 τῆς
734 1337 862 1386 τότε
911 1341 1146 1386 τοιαῦτα
1195 1336 1407 1406 ὑπῆρχε
1449 1339 1679 1406 σημεῖα,
1728 1338 1823 1387 καὶ
1864 1342 1972 1388 νῦν.
2005 1334 2100 1406 δέῃ
2139 1344 2238 1408 τῆς
2276 1335 2425 1388 ἐλευ-

312 1416 518 1488 θερίας
557 1426 791 1471 τοιαῦτα
828 1422 1102 1491 ὑπάρχειν
1144 1419 1397 1487 σύμβολα
1445 1423 1540 1472 καὶ
1585 1418 1836 1488 βαδίζειν
1876 1419 2046 1474 πῖλον
2085 1423 2281 1488 ἔχοντα
2321 1424 2421 1474 ἐπὶ

311 1512 411 1575 τῆς
458 1502 734 1576 κεφαλῆς,
785 1502 970 1567 ἄλλως
1019 1503 1078 1557 δὲ
1130 1506 1192 1557 ού
1246 1504 1610 1577 δυνησόμεθα
1658 1513 1867 1576 γνῶναι
1904 1509 2001 1559 τὸν
2039 1506 2343 1579 ἐλεύθερον
2381 1510 2514 1579 ἠως-35
2537 1530 2589 1574 M)

227 1597 231 1603 '
310 1592 408 1640 τὸν
450 1587 664 1641 δοῦλον.
2458 1613 2505 1656 15

431 1957 556 2019 (65)
596 1953 823 2025 ΠΕΡΙ
864 1955 1328 2025 ΔΟΥΛΕΙΑΣ
1365 1953 1542 2022 ΚΑΙ
1580 1955 2176 2024 ΕΛΕΥΘΕΡΙΑΣ
2213 1957 2287 2024 Β.
2436 1982 2664 2029 (απιῑω

248 2200 273 2256 1
453 2191 622 2249 Ἀλλὰ
648 2201 756 2270 μὴν
796 2200 1024 2267 ἔναγχος
1050 2203 1438 2271 παρεγενόμην
1465 2203 1583 2252 τισὶ
1616 2199 2106 2273 διαμφισβητοῦσι
2132 2205 2265 2273 περὶ
2293 2201 2418 2254 δου-

313 2281 466 2345 λείας
502 2286 597 2336 καὶ
633 2282 981 2355 ἐλευθερίας,
1024 2286 1121 2337 οὐκ
1158 2287 1258 2338 ἐπὶ
1297 2284 1576 2338 δικαστῶν
1616 2280 1737 2338 οὐδ’
1780 2288 1838 2338 ἐν
1877 2294 1946 2357 τῇ
1972 2287 2167 2357 ἀγορᾷ,
2210 2290 2420 2340 οὑτωσὶ

314 2367 373 2420 δὲ
411 2363 538 2420 κατ’
584 2372 766 2422 οἰκίαν
805 2373 904 2423 ἐπὶ
935 2374 1137 2443 χρόνον
1177 2370 1501 2439 πάμπολυν.
1576 2375 1671 2424 καὶ
1708 2380 1973 2443 παρῆσαν
2012 2377 2252 2443 ἑκατέρῳ
2293 2377 2416 2424 τοῖν

313 2454 542 2525 ἀνδροῖν
571 2457 667 2507 οὐκ
694 2453 877 2524 ὀλίγοι
905 2454 1336 2521 σπουδάζοντες.
1394 2460 1691 2526 ἐτύγχανον
1729 2459 1833 2528 γὰρ
1871 2461 2016 2529 ὑπὲρ
2051 2457 2235 2510 ἄλλων
2276 2461 2418 2529 πρό-

312 2557 477 2609 τερον
516 2539 915 2609 ἀντιλέγοντες,
955 2545 1032 2605 ὡς
1071 2545 1199 2610 ἐμοὶ
1235 2541 1519 2595 δοκοῦσιν·
1557 2546 1875 2612 ἡττώμενος
1907 2541 1966 2595 δὲ
1993 2546 2052 2596 ἐν
2078 2549 2200 2606 τοῖς
2227 2542 2416 2612 λόγοις
2451 2549 2499 2592 20

313 2628 512 2695 ἅτερος
548 2628 642 2678 καὶ
681 2625 975 2697 διαπορῶν
1014 2630 1096 2691 εἰς
1136 2627 1426 2699 λοιδορίαν
1466 2631 1761 2699 ἐτράπετο,
1804 2631 1996 2700 ὥσπερ
2036 2629 2212 2682 εἴωθε
2251 2637 2418 2681 τοῦτο

315 2713 642 2779 συμβαίνειν
670 2711 962 2779 πολλάκις,
1000 2716 1095 2766 καὶ
1122 2713 1412 2766 ὠνείδισεν
1439 2717 1516 2776 ὡς
1544 2716 1640 2766 οὐκ
1665 2713 1967 2785 ἐλεύθερον
1995 2717 2128 2767 ὄντα
2167 2717 2265 2766 τὸν
2304 2717 2418 2766 ἕτε-

241 2800 275 2849 2
314 2813 429 2866 ρον.
496 2799 590 2849 καὶ
627 2798 689 2860 ὃς
728 2801 877 2850 πάνυ
917 2798 1119 2869 πρᾴως
1158 2798 1450 2866 ἐμειδίασέ
1487 2818 1547 2851 τε
1584 2802 1679 2852 καὶ
1717 2799 1860 2864 εἷπε,
1899 2800 2102 2851 Πόθεν
2143 2798 2202 2850 δὲ
2244 2801 2416 2863 ἔστιν,

309 2882 352 2932 ὦ
394 2884 617 2953 ἄριστε,
669 2881 881 2935 εἰδέναι
919 2887 1077 2947 ὅστις
1117 2883 1315 2947 δοῦλος
1352 2887 1383 2956 ἢ
1431 2888 1588 2947 ὅστις
1626 2883 1959 2955 ἐλεύθερος;
2007 2886 2126 2936 Ναὶ
2161 2885 2240 2951 μοὶ
2279 2885 2413 2948 Δία,

308 2969 444 3038 ἔφη·
506 2970 824 3035 ἐπίσταμαι
878 2977 1008 3038 γοῦν
1065 2974 1305 3037 ἐμαυτὸν
1360 2974 1462 3038 μὲν
1509 2970 1812 3042 ἐλεύθερον
1862 2973 1993 3023 ὄντα
2041 2973 2135 3022 καὶ
2179 2973 2413 3031 τούτους
2449 2978 2496 3020 25

308 3055 585 3119 ἅπαντας,
629 3057 720 3107 σοὶ
759 3054 817 3106 δὲ
859 3054 1018 3108 οὐδὲν
1057 3065 1344 3130 προσῆκον
1382 3055 1730 3128 ἐλευθερίας.
1803 3059 1900 3109 καί
1935 3075 2084 3119 τινες
2121 3062 2232 3107 τῶν
2272 3071 2417 3125 παρ-

458 3238 478 3277 1
512 3230 735 3291 ἀντίνοος
764 3238 801 3282 Β
916 3237 1156 3298 ἐρύμαχος
1185 3240 1227 3286 U
1315 3243 1340 3284 3
1371 3237 1542 3300 τιάρας
1574 3234 1731 3299 ὀρθὰς
1761 3239 1972 3284 Reiskius
2061 3242 2086 3283 6
2115 3237 2216 3287 ἐστι
2247 3237 2329 3284 ΠΤ

306 3305 406 3367 ἓξηι
435 3307 479 3354 U
605 3306 759 3365 μόνος
788 3310 829 3355 U
857 3308 1014 3368 μόνον
1043 3312 1174 3356 ΒΜΤ
1321 3317 1342 3355 7
1375 3308 1630 3372 ἐφρόντιζε
1660 3312 1700 3357 U
1846 3316 1870 3356 8
1904 3304 1960 3358 ού
1989 3307 2143 3358 καλὸν
2173 3309 2299 3365 Wil.‚
2330 3303 2418 3356 οὐκ

310 3376 427 3426 ἐνὸν
446 3379 549 3424 libri
664 3384 690 3424 9
723 3375 878 3439 ὀρθὰς
907 3384 1009 3428 add.
1032 3384 1201 3429 Reiske
1319 3389 1369 3429 10
1400 3381 1493 3443 ἕξηι
1514 3384 1556 3429 U
1677 3387 1725 3428 11
1759 3379 2020 3442 σοφώτερα
2040 3382 2217 3439 scripsi,
2248 3378 2413 3439 σοφώ-

312 3467 458 3512 τερον
485 3452 589 3496 libri
703 3449 896 3509 ἔμελλεν
925 3454 1007 3500 UT
1128 3459 1178 3499 12
1210 3456 1289 3514 δέῃ
1320 3457 1449 3512 Emp.
1482 3455 1533 3514 δὴ
1568 3455 1657 3499 ΒΜ
1689 3458 1761 3502 δεῖ
1788 3454 1869 3499 UT
1998 3457 2050 3499 13
2083 3457 2250 3500 πεῖλον
2280 3451 2330 3494 Μ

308 3525 422 3582 περὶ
463 3519 645 3569 δούλων
675 3524 878 3569 Photius.
997 3530 1049 3570 20
1079 3523 1281 3573 ἐδόκουν
1312 3526 1585 3572 Herwerden
1698 3522 1964 3584 ἡττόμενος
1992 3526 2032 3570 Β
2156 3528 2206 3568 21
2241 3515 2418 3582 ἅτερος

308 3594 361 3638 Μ
391 3590 556 3654 ἕτερος
585 3595 666 3640 UB
866 3599 1124 3657 λοιδωρίαν
1152 3599 1201 3642 Μ
1394 3602 1446 3643 22
1479 3593 1544 3652 ὡς
1575 3593 1663 3645 οὐκ
1691 3598 1938 3651 Moreffius,
1970 3590 2058 3654 οὐχ
2089 3591 2155 3650 ὥς
2181 3592 2285 3638 libri

306 3668 366 3709 23
400 3662 528 3712 ἔστιν
558 3680 644 3711 om.
682 3666 732 3709 M
846 3668 1155 3714 scribendum:
1197 3667 1412 3729 πότερον
1452 3670 1524 3724 δὲ,
1565 3674 1611 3714 et
1649 3673 1837 3726 propter
1876 3670 1954 3715 ναὶ
1989 3664 2056 3725 μὰ
2089 3668 2182 3714 Δία
2213 3668 2260 3711 et
2291 3664 2415 3722 quod

304 3749 355 3792 p.
388 3739 516 3795 233‚4
547 3737 723 3783 demum
752 3738 1014 3795 interrogat,
1049 3736 1239 3787 ὁπόθεν
1269 3745 1415 3788 τοῦτο
1447 3739 1701 3788 ἐπίσταται
