2684 4140
1023 283 1249 330 ORATIO
1277 283 1528 331 LXXVIII.
2219 279 2322 334 215

490 431 698 499 Τρώων
737 419 873 480 ἀνθ’
918 430 1113 479 ἑκατόν
1150 446 1209 479 τε
1249 426 1552 500 διηκοσίων
1589 447 1649 481 τε
1688 422 1921 491 ἕκαστος

35 522 98 558 424
112 522 148 558 R
162 522 216 565 Η)
490 515 808 584 στήσεσθαι
823 525 835 538 ·

231 599 362 659 τοὺς
401 595 460 648 δὲ
513 599 714 660 αὐτούς
764 601 996 659 τούτους
1043 599 1166 659 ἑνὸς
1215 599 1528 667 ἀνθρώπου
1575 602 2011 665 κατατρέχοντος
2057 601 2151 652 καὶ
2189 598 2322 652 διώ-

60 689 137 731 (658
157 689 210 732 Μ)
231 697 427 742 κοντος
453 680 859 752 προτροπάδην
889 684 1211 751 φεύγοντας,
1253 679 1578 748 ξύμπαντας
1618 684 1680 733 οὐ
1710 687 2084 754 φαινομένους
2110 686 2321 736 ἐκείνου

169 771 194 812 5
232 761 438 826 ἀξίους.
521 762 662 815 ἀλλὰ
709 768 817 836 μὴν
857 759 978 816 οὐδ’
1031 764 1238 836 ἡδονάς
1281 784 1439 828 τινας
1488 768 1658 818 σίτων
1694 768 1727 838 ἢ
1768 774 1960 820 ποτῶν
2007 770 2040 838 ἢ
2081 767 2318 840 ἀφροδι-
2339 772 2408 824 28

231 849 368 899 σίων
404 849 436 918 ἢ
475 852 732 916 γυναικὸς
767 847 970 912 κάλλος
1014 851 1047 920 ἢ
1099 848 1309 912 παιδὸς
1360 852 1508 920 ὥραν
1556 853 1929 918 τεθαυμακὼς
1974 854 2070 904 καὶ
2106 856 2320 906 τούτων

227 933 530 999 ἐπιθυμῶν
567 936 661 986 καὶ
695 932 908 1002 μεγάλα
955 937 1285 1005 ἡγούμενος,
1337 932 1719 1001 εὐδαιμονίζοι
1763 932 1894 1004 (ἂν)
1943 939 2074 999 τοὺς
2124 942 2319 1007 τυγχά-

227 1032 426 1079 νοντας
465 1012 663 1082 αὗτῶν,
705 1022 1001 1088 σατράπας
1036 1021 1130 1070 καὶ
1167 1018 1444 1081 δυνάστας
1472 1022 1566 1071 καὶ
1591 1023 1652 1091 νὴ
1681 1022 1796 1071 Δία
1822 1022 2139 1088 βαναύσους
2164 1024 2325 1082 τινὰς

227 1103 321 1152 καὶ
360 1104 700 1173 οἰκότριβας,
740 1101 1206 1174 πεπλουτηκότας
1243 1106 1374 1165 τοὺς
1411 1106 1512 1169 μὲν
1552 1105 1668 1155 ἀπὸ
1707 1112 1806 1175 τῆς
1842 1109 2050 1175 τέχνης,
2090 1109 2220 1168 τοὺς
2261 1105 2320 1159 δὲ

140 1192 188 1234 10
225 1186 293 1235 τοὶ
331 1193 442 1238 τῶν
483 1185 776 1239 δεσποτῶν
811 1190 1284 1258 ὑφαιρουμένους·
1325 1190 1492 1238 αὐτὸν
1532 1186 1591 1238 δὲ
1636 1189 1902 1258 οἰκτείροι
1939 1197 2038 1260 τῆς
2075 1191 2324 1259 ἀπορίας

228 1287 289 1322 τε
324 1274 418 1323 καὶ
466 1274 702 1341 ἐρημίας
748 1274 962 1322 τούτων
1009 1278 1120 1322 τῶν
1171 1273 1406 1338 ἀγαθῶν
1442 1273 1536 1322 καὶ
1571 1275 1764 1341 ἡγοῖτο
1805 1266 1868 1323 οὗ
1908 1279 2019 1324 τῶν
2058 1268 2324 1339 εὐτυχῶν·

230 1353 324 1406 διὰ
365 1354 423 1407 δὲ
462 1362 627 1407 τοῦτο
665 1358 899 1417 ἐκείνοις
939 1357 1164 1426 φθονοῖ
1191 1358 1286 1406 καὶ
1331 1354 1695 1422 ἐπιβουλεύοι
1745 1359 1932 1408 πάντα
1981 1361 2194 1426 τρόπον
2230 1361 2326 1411 καὶ

228 1434 435 1505 εὔχοντ’
478 1442 545 1491 ἂν
583 1437 915 1491 ἀπολέσθαι
954 1433 1171 1502 αὐτούς.
1245 1442 1278 1511 ἢ
1319 1442 1413 1492 καὶ
1451 1443 1891 1511 συγχωρήσωμεν
1928 1445 2024 1494 τὸν
2067 1448 2320 1511 γενναῖον
2342 1449 2410 1502 29

227 1523 403 1593 ἄνδρα
440 1527 534 1576 καὶ
568 1522 964 1595 μεγαλόφρονα
1015 1528 1078 1576 τὸ
1129 1532 1239 1576 τῶν
1288 1532 1465 1577 κυνῶν
1515 1545 1574 1578 τε
1623 1529 1717 1579 καὶ
1768 1528 1968 1579 ἵππων
2006 1531 2100 1581 καὶ
2137 1526 2322 1581 ἄλλων

137 1615 188 1659 15
226 1610 448 1680 θηρίων
486 1611 848 1661 πεπονθέναι
886 1612 1099 1674 πάθος,
1141 1613 1175 1660 ἃ
1215 1604 1278 1662 οὗ
1320 1609 1552 1663 δύναται
1580 1617 1831 1679 κατέχειν
1869 1616 2073 1681 ἑτέρων
2111 1616 2321 1681 ἐμπιμ-

230 1693 530 1761 πλαμένων
579 1690 639 1746 τε
682 1698 776 1747 καὶ
825 1698 1146 1761 ὀχευόντων,
1185 1694 1325 1747 ἀλλὰ
1371 1695 1706 1762 χαλεπαίνει
1750 1700 1844 1750 καὶ
1889 1700 2194 1766 ἀγανακτεῖ
2231 1702 2325 1752 καὶ

230 1777 509 1851 ὀργίζεται
548 1785 670 1842 τοῖς
708 1778 1066 1832 ἀπολαύουσι
1101 1783 1196 1832 καὶ
1243 1784 1442 1848 ἕτοιμα
1492 1780 1782 1853 ἐπιπηδᾶν
1829 1785 1923 1834 καὶ
1972 1782 2190 1836 δάκνειν
2226 1786 2322 1838 καὶ

225 1868 500 1936 κυρίττειν
536 1868 631 1916 καὶ
668 1868 853 1917 πάντα
892 1869 1106 1935 τρόπον
1134 1864 1397 1937 ἀλλήλοις
1427 1865 1695 1934 πολεμεῖν
1731 1862 1855 1937 [ἔτι]
1884 1871 2151 1939 περὶτῶν
2188 1868 2322 1939 ἠδο-

0 1189 26 1282 l?

17 1530 23 1599 Qr

17 1957 209 2002 3425311)
229 1957 366 2002 νῶν·
413 1952 665 2002 κάκεῖνον
706 1952 883 2013 οὕτως
921 1953 1065 2017 ἔχειν
1105 1958 1325 2022 φῶμεν,
1377 1954 1454 2014 ὡς
1507 1951 1884 2021 ὁμολογοῦντα
1923 1956 2136 2006 τούτων
2176 1954 2323 2006 εἷναί

135 2039 186 2082 20
226 2054 284 2087 τι
325 2034 638 2088 σπουδαῖον
675 2038 768 2087 καὶ
804 2038 900 2087 τὸν
937 2035 1420 2105 Σαρδανάπαλλον
1457 2040 1761 2108 ἡγούμενον
1801 2035 2068 2109 ζηλωτόν,
2110 2041 2172 2101 ὃς
2210 2041 2318 2110 ἔφη

229 2119 552 2173 διατελέσαι
599 2124 695 2172 τὸν
742 2123 868 2188 βίον
918 2115 1298 2187 εὐωχούμενός
1346 2140 1404 2173 τε
1451 2125 1545 2174 καὶ
1592 2120 1830 2193 ὑβρίζων
1867 2125 2007 2190 μετὰ
2048 2118 2321 2189 εὐνούχων

225 2208 319 2257 καὶ
353 2212 643 2274 γυναικῶν,
680 2209 775 2257 καὶ
814 2205 907 2257 διὰ
935 2213 1099 2257 τοῦτο
1141 2203 1473 2277 ζηλοτυπεῖν
1513 2202 1681 2260 αὐτὸν
1719 2211 1817 2288 τῂν
1855 2215 1966 2260 τῶν
2004 2211 2222 2277 τράγων
2261 2227 2320 2260 τε

225 2294 318 2343 καὶ
346 2293 486 2344 ὄνων
514 2286 875 2358 εὐδαιμονίαν
886 2311 906 2354 ,·
944 2319 1012 2328 -
1038 2293 1138 2363 Μὴ
1178 2293 1281 2362 γὰρ
1310 2284 1437 2344 οὐδὲ
1465 2287 1689 2360 εὐσεβὲς
1712 2287 1808 2363 (ᾖ)
1833 2295 1901 2344 τὰ
1928 2299 2162 2346 τοιαῦτα
2189 2297 2321 2364 περὶ
2342 2297 2410 2350 30

225 2384 328 2428 τοῦ
361 2379 591 2447 μετρίου
628 2380 722 2429 καὶ
760 2375 1216 2444 πεπαιδευμένου
1259 2376 1640 2450 διανοηθῆναί
1687 2395 1828 2430 ποτε
1877 2378 2095 2449 ἀνδρός.
2146 2408 2216 2415 -—
2251 2381 2319 2430 A.

146 2465 196 2507 25
239 2456 452 2514 Οὐκοῦν
479 2464 530 2513 εἰ
566 2465 705 2533 μήτε
745 2461 838 2514 διὰ
879 2460 1047 2526 δόξαν
1083 2465 1222 2533 μήτε
1262 2461 1355 2514 διὰ
1377 2466 1635 2534 χρήματα
1661 2466 1800 2535 μήτε
1826 2458 1904 2515 δι’
1946 2463 2153 2535 ἡδονὰς
2178 2465 2322 2533 βρώ-

229 2549 439 2617 σεωνῆ
490 2550 716 2599 πόσεων
762 2549 794 2618 ἢ
844 2545 1051 2614 μίξεων
1101 2550 1268 2600 αὐτὸν
1315 2550 1348 2619 ἢ
1400 2547 1570 2601 ἄλλον
1620 2549 1802 2601 οἴεται
1849 2552 2124 2620 μακάριον
2174 2547 2315 2619 μηδὲ

225 2630 368 2694 ὅλως
407 2631 554 2684 εἶναι’
590 2651 646 2683 τι
683 2639 794 2684 τῶν
831 2635 1106 2684 τοιούτων
1145 2636 1585 2705 περιμάχητονῆ
1626 2636 1832 2701 τίμιον,
1875 2628 1973 2686 οὐκ
2011 2637 2078 2687 ἂν
2119 2633 2319 2705 διαφέ-

225 2730 387 2787 ροιτο
428 2720 562 2787 περὶ
600 2711 782 2769 αὐτῶν
823 2711 947 2769 οὐδ’
991 2720 1058 2769 ἂν
1087 2720 1433 2789 φθονήσειεν
1462 2713 1646 2771 οὐδενὶ
1675 2721 1915 2783 ἐκείνων,
1954 2713 2049 2786 <οὖ
2084 2717 2322 2787 μᾶλλον)

225 2805 256 2873 ἢ
297 2811 396 2874 τῆς
431 2805 671 2871 ψάμμου
710 2811 808 2874 τῆς
845 2805 944 2855 ἐπὶ
981 2808 1103 2865 τοῖς
1141 2802 1423 2871 αἰγιαλοῖς
1459 2806 1491 2875 ἢ
1531 2811 1642 2856 τῶν
1679 2807 1938 2871 κυμάτων
1974 2810 2077 2854 τοῦ
2120 2806 2319 2873 ψόφου

144 2890 194 2931 30
229 2906 288 2939 τε
324 2890 418 2940 καὶ
453 2891 586 2959 ἤχου
625 2893 747 2950 τοῖς
784 2891 929 2958 πρὸς
966 2896 1034 2959 τῇ
1071 2886 1329 2958 θαλάττῃ
1372 2892 1648 2940 οἰκοῦσιν·
1699 2883 1821 2940 οὐδ’
1872 2888 1933 2939 εἴ
1972 2905 2048 2955 τῳ
2083 2888 2315 2956 χρυσίον
2337 2892 2400 2944 31

374 3114 392 3152 1
427 3110 684 3167 διηκοσίοις
713 3110 763 3154 Μ
796 3108 853 3155 cf.
884 3109 1016 3154 Hom.
1048 3110 1101 3153 11.
1131 3109 1241 3155 VIII
1261 3110 1347 3153 233
1364 3121 1431 3165 sq.
1584 3113 1609 3152 3
1637 3108 1928 3167 κατέχοντος
1955 3108 2061 3156 libri
2090 3112 2319 3170 κατατρέ-

226 3196 403 3238 χοντος
432 3191 550 3225 corr.
580 3180 623 3226 U
739 3184 765 3223 4
797 3177 985 3225 ἐκείνου
1014 3180 1224 3233 casaub„
1252 3177 1464 3233 ἐκείνους
1493 3179 1596 3223 libri
1689 3186 1714 3225 5
1746 3175 1890 3235 ἀξίως
1918 3181 1957 3226 U
1989 3181 2046 3225 cf.
2075 3182 2207 3226 Hom.
2240 3182 2267 3225 l.
2290 3183 2319 3228 l.

228 3253 313 3297 νῦν
343 3245 387 3296 δ’
419 3245 525 3297 οὐδ’
557 3249 668 3306 ἑνὸς
698 3248 825 3306 ἄξιοί
854 3247 986 3306 εἶμεν
1098 3245 1160 3308 μὴ
1191 3244 1257 3296 δι’
1288 3262 1370 3306 pro
1400 3246 1493 3309 μὴν
1523 3244 1627 3298 οὔδ’
1658 3251 1707 3295 Μ
1802 3252 1967 3298 σιτίων
1986 3252 2066 3298 UB
2185 3256 2210 3296 6
2238 3255 2320 3299 καὶ

230 3334 316 3367 om.
347 3322 399 3367 M
429 3336 487 3368 m.
519 3337 589 3380 pr.
707 3327 729 3366 7
762 3322 883 3381 μέγα
916 3321 965 3365 Μ
1067 3317 1128 3368 ἄν
1157 3321 1257 3366 add.
1288 3321 1425 3366 Dind.
1536 3324 1586 3366 10
1617 3316 1768 3368 αὐτὸν
1796 3323 1846 3370 δὲ
1874 3322 1917 3368 U
2035 3327 2082 3367 11
2117 3318 2320 3382 ἀγαθῶν

232 3393 442 3450 Geelius,
473 3389 749 3454 ἀνθρώπων
787 3393 890 3439 libri
1059 3395 1141 3439 καὶ
1179 3406 1266 3437 om.
1304 3393 1385 3439 ΠΒ
1563 3396 1612 3437 12
1653 3389 1854 3448 ἐκείνοις
1891 3395 2101 3452 Gasaub.,
2137 3392 2320 3449 ἐκεῖνος

228 3465 331 3509 libri
449 3469 502 3509 13
532 3461 562 3524 ἢ
592 3479 678 3510 om.
709 3464 789 3509 UB
885 3457 1256 3524 συγχωρήσομεν
1285 3463 1366 3509 UB
1482 3467 1534 3508 15
1564 3463 1932 3522 ἐμπιπλαμένων
1963 3465 2050 3510 ΒΜ
2168 3470 2219 3510 18
2249 3483 2318 3512 κι-

232 3528 416 3594 ρύττειν
446 3537 494 3579 Μ
533 3538 768 3594 κυρίττειν
807 3537 872 3590 (at
902 3551 928 3581 υ
955 3538 1003 3579 et
1032 3554 1047 3580 ι
1077 3548 1105 3579 a
1133 3539 1268 3590 corr.)
1308 3534 1348 3579 U
1522 3531 1590 3582 ἔτι
1618 3536 1725 3581 secl.
1756 3535 1877 3590 Wil.,
1911 3534 2013 3583 ἐστι
2042 3537 2175 3594 Emp.

239 3610 287 3650 19
317 3601 543 3654 κάκεῖνον
575 3607 782 3662 casaub„
813 3603 1007 3654 κάκεῖνο
1039 3607 1143 3651 libri
1230 3610 1283 3650 20
1316 3605 1688 3666 σαρδανάπαλον
1707 3606 1744 3650 Β
1831 3601 2107 3666 ἡγουμένων
2127 3608 2177 3652 Μ

232 3672 297 3731 ὡς
325 3690 408 3734 pro
443 3673 497 3733 ὃς
528 3678 579 3723 Μ
694 3682 751 3723 23
782 3670 811 3737 ᾖ
841 3678 942 3724 add.
977 3676 1137 3734 Pfiugk
1274 3681 1326 3722 25
1356 3674 1582 3737 βρόσεων
1609 3676 1652 3724 U
1682 3691 1740 3723 m.
1771 3691 1839 3735 pr.
1959 3679 2012 3723 28
2046 3674 2103 3725 οὐ
2131 3681 2319 3737 μᾶλλον

233 3747 339 3794 add.
370 3747 538 3794 Reiske
