2684 4140
19 0 68 111 Ἥ

1045 266 1270 314 ORATIO
1299 265 1397 312 XL.
2191 264 2256 312 51

182 418 498 485 πράττουσι
547 415 804 484 φθονεῖν.
897 414 1023 463 ἐπεὶ
1059 413 1151 463 καὶ
1189 417 1395 482 πέρυσι
1442 413 1572 473 τοὺς
1612 408 1806 478 λόγους
1843 411 2074 471 τούτους
2112 411 2256 479 πρὸς
2281 412 2343 465 18

14 516 156 557 8311)
183 502 279 566 ἐμὲ
319 498 504 567 ἔλεγον
545 501 600 549 οἱ
637 504 992 568 προεστῶτες
1031 498 1211 548 αὐτῶν
1248 499 1342 548 καὶ
1378 499 1504 547 τότε
1543 493 1668 566 ἐξῆν
1714 497 1843 561 ὑμῖν
1891 493 2262 566 ἀπηλλάχθαι

182 587 552 654 πραγμάτιον·
593 575 716 634 ἀλλ’
759 584 1109 653 ὑφεωρώμην
1135 583 1240 649 ἐγὼ
1267 583 1341 651 μή
1369 595 1488 632 τισι
1513 586 1623 631 τῶν
1650 580 1910 631 ἐντεῦθεν
1948 583 2263 650 πρόσαντες

183 674 409 739 γένηται
455 670 547 719 καὶ
600 665 881 728 δυσκόλως
931 671 1180 737 φέρωσιν
1229 668 1368 732 ἐμοῦ
1415 667 1763 734 πράττοντος
1810 666 1964 716 αὐτά.
2040 668 2133 718 καὶ
2169 674 2263 719 νῦν

124 768 148 809 5
185 757 397 824 τρόπον
445 754 569 804 τινὰ
619 754 756 804 ἑκὼν
805 750 1096 821 ἐβράδυνα.
1182 754 1286 802 ὅσα
1335 752 1437 816 μὲν
1486 750 1580 801 οὖν
1627 751 1721 800 καὶ
1759 743 1835 800 δι’
1877 751 2017 814 ἐμοῦ
2049 754 2142 803 καὶ
2180 745 2257 804 δι>

183 843 384 908 ἑτέρων
425 836 628 889 δυνατοὶ
667 838 965 905 γίγνεσθαι
1012 843 1079 906 τῇ
1128 833 1321 899 πόλει,
1372 841 1544 885 ταῦτα
1594 835 1827 895 ἐκείνοις
1874 831 2012 897 ἀξιῶ
2050 834 2263 902 μᾶλλον

183 926 539 993 ἐπιτρέπειν,
593 924 681 974 ἵνα
719 920 914 992 μηδεὶς
953 922 1243 989 ἀντιβαίνῃ
1281 918 1422 990 μηδὲ
1463 918 1707 990 λυπῆται
1743 920 2076 986 βασκαίνων.
2157 924 2262 972 ὅσα

187 1002 240 1059 δ>
286 1010 347 1058 οὐ
387 1004 585 1078 ῥᾴδιον
622 1001 726 1058 ὑπ’
781 1004 951 1057 ἄλλου
1001 1012 1111 1056 τῶν
1160 1006 1420 1056 ἐντεῦθεν
1471 1004 1826 1074 πραχθῆναι,
1876 1006 2037 1068 τυχὸν
2077 1002 2135 1055 δὲ
2171 1008 2265 1057 καὶ

187 1092 309 1144 λίαν
357 1090 632 1158 χαλεπόν,
686 1092 921 1162 ἡγεῖσθε
979 1092 1124 1159 πρὸς
1171 1091 1404 1149 ἐκείνοις
1453 1090 1544 1138 ἀεί
1587 1105 1656 1154 με
1705 1089 1803 1157 τὴν
1851 1090 2072 1158 γνώμην
2121 1091 2264 1154 ἔχειν

103 1188 150 1230 10
184 1183 375 1248 μέχρις
412 1179 479 1228 ἂν
516 1179 756 1243 ἐμπνέω.
841 1177 934 1226 καὶ
979 1177 1087 1245 μὴν
1136 1176 1291 1235 ὅστις
1339 1175 1405 1224 ἂν
1450 1173 1822 1242 προθυμῆται
1868 1174 1936 1222 τὰ
1986 1175 2119 1242 περὶ
2165 1177 2262 1244 τὴν
2286 1176 2350 1229 19

192 1261 359 1313 πόλιν
395 1264 488 1313 καὶ
525 1259 757 1330 δύνηταί
792 1278 848 1310 τι
886 1262 1074 1309 ποιεῖν
1111 1260 1240 1324 ὑμῖν
1281 1261 1583 1328 συμφέρον,
1623 1259 1719 1323 ἐμὲ
1758 1263 1984 1326 πρῶτον
2023 1255 2134 1320 ἕξει
2171 1261 2267 1310 τὸν

187 1353 568 1417 μαρτυροῦντα
605 1347 698 1396 καὶ
739 1339 1262 1411 συναγωνιζόμενον,
1300 1344 1393 1393 καὶ
1418 1344 1481 1393 τὸ
1512 1343 1644 1392 αὐτὸ
1673 1347 1917 1411 πρᾶγμα,
1957 1342 1987 1391 ὃ
2024 1343 2270 1409 γίγνεται

189 1432 381 1500 ὀρθόν,
410 1428 554 1480 πολὺ
582 1431 649 1480 ἂν
674 1426 834 1498 ἥδιον
861 1430 1230 1494 ἐπαινέσαιμι
1255 1423 1407 1495 <καὶ>
1432 1428 1868 1497 προθυμότερον
1895 1425 2065 1477 ἄλλου
2093 1429 2270 1497 πράτ-

187 1532 380 1576 τοντος
425 1516 457 1584 ἢ
509 1515 675 1575 αὐτὸς
726 1515 1133 1583 εἰσηγούμενος.
1237 1511 1362 1564 οὐδὲ
1411 1514 1513 1582 γὰρ
1573 1510 1885 1579 εὐδοκιμεῖν
1932 1509 2271 1578 βουλόμενος

99 1608 148 1650 15
189 1598 313 1651 οὐδὲ
341 1606 450 1650 τῶν
475 1600 859 1650 ἐπαινούντων
887 1600 1119 1666 ἀπορῶν
1149 1591 1270 1649 οὐδ’
1312 1599 1599 1666 ἐπιθυμίᾳ
1639 1595 1820 1668 δόξης,
1866 1595 2006 1647 ἀλλὰ
2032 1604 2101 1667 τῇ
2127 1599 2273 1667 πρὸς

186 1687 329 1752 ὑμᾶς
378 1685 566 1753 εὐνοίᾳ
612 1681 889 1751 βούλομαι
925 1684 1224 1751 γίγνεσθαί
1259 1701 1315 1733 τι
1354 1689 1464 1734 τῶν
1505 1681 1771 1747 δεόντων,
1819 1685 1913 1734 καὶ
1950 1687 2071 1744 τοῖς
2109 1684 2273 1743 θεοῖς

190 1771 420 1835 εὔχομαι
459 1775 601 1819 πᾶσι
638 1775 820 1839 γηρῶν
861 1770 937 1830 ὡς
976 1766 1281 1830 πλείστους
1320 1766 1539 1819 ἐπιδεῖν
1593 1770 1959 1838 ἱκανωτέρους
2003 1769 2142 1833 ἐμοῦ
2176 1768 2273 1837 τὴν

192 1852 359 1905 πόλιν
399 1851 653 1924 ὠφελεῖν.
728 1855 821 1904 καὶ
858 1859 951 1904 νῦν
990 1854 1130 1922 ὑπὲρ
1169 1855 1368 1903 τούτου
1407 1855 1623 1904 ἐπαινῶ
1662 1855 1758 1904 τόν
1805 1870 1865 1904 τε
1903 1854 2141 1921 ἄρχοντα
2179 1853 2272 1903 καὶ
2291 1857 2359 1908 20

0 1949 167 1992 ι9ΒΠ)
191 1941 286 1989 τὸν
325 1940 776 2008 εἰσηγησάμενον.
840 1944 999 1988 πᾶσα
1037 1940 1138 2003 μὲν
1175 1938 1277 2007 γὰρ
1318 1939 1394 1999 ὡς
1432 1939 1572 2000 ἔπος
1598 1939 1781 1988 εἰπεῖν
1808 1937 1986 2006 ἔχθρα
2023 1939 2117 1988 καὶ
2155 1935 2275 1988 δια-

114 2031 162 2072 20
200 2023 348 2093 φορὰ
389 2025 533 2092 πρὸς
571 2024 819 2073 ὁντινοῦν
846 2026 1135 2092 γιγνομένη
1165 2020 1403 2091 ἐργῶδες
1438 2024 1531 2073 καὶ
1569 2020 1827 2090 δυσχερὲς
1863 2023 1956 2072 καὶ
1982 2018 2149 2071 πόλει
2184 2022 2278 2072 καὶ

196 2105 418 2176 ἰδιώτῃ,
469 2108 569 2157 κᾶν
619 2108 883 2157 ὁπωσοῦν
922 2109 1131 2171 τύχωσι
1172 2104 1530 2172 διακείμενοι.
1606 2109 1736 2168 τούς
1772 2125 1831 2157 τε
1868 2107 1971 2175 γὰρ
2012 2106 2278 2165 ἀσθενεῖς

196 2193 380 2242 ἱκανὸν
406 2188 685 2257 ἐξελέγξαι
709 2193 802 2241 καὶ
827 2196 1182 2241 ταπεινῶσαι
1222 2193 1366 2260 πρὸς
1404 2195 1525 2252 τοῖς
1565 2191 1691 2241 οὖσι
1723 2189 1998 2256 χαλεποῖς
2031 2191 2278 2250 καὶτοὺς

0 2279 106 2329 ’(492
125 2285 176 2328 M)
201 2276 264 2326 εὖ
298 2278 649 2345 πράττοντας
697 2273 992 2346 ἐνοχλῆσαι
1029 2277 1123 2326 καὶ
1157 2272 1397 2345 ταράξαι
1434 2278 1531 2346 τὴν
1570 2278 1752 2346 ψυχὴν
1792 2276 1999 2326 αὐτῶν·
2049 2275 2186 2325 ὅθεν
2227 2275 2282 2324 οἱ

195 2367 321 2411 νοῦν
370 2362 586 2426 ἔχοντες
636 2361 924 2429 αἱροῦνται
987 2364 1178 2430 φέρειν
1237 2358 1635 2426 ἐλαττούμενοι
1682 2362 1750 2411 τοὶ
1811 2365 2012 2431 μέτρια
2058 2361 2151 2410 καὶ
2205 2360 2277 2429 μὴ

111 2451 160 2493 25
201 2443 421 2515 σφόδρα
470 2446 712 2514 ἀκριβῶς
760 2445 1134 2514 περιέχεσθαι
1170 2451 1280 2496 τῶν
1322 2443 1552 2496 δικαίων
1590 2440 1684 2516 (ἢ)
1723 2443 2139 2515 φιλονικοῦντες
2177 2437 2276 2514 ἐφ’

196 2531 406 2596 ἑκάστῳ
455 2531 548 2580 καὶ
596 2527 792 2599 μηδενὶ
838 2528 1010 2600 μηδὲν
1062 2529 1302 2591 εἴκοντες
1350 2532 1441 2581 ἀεί
1486 2548 1646 2592 τινας
1695 2532 1839 2596 ἔχειν
1878 2532 2008 2591 τοὺς
2051 2530 2281 2595 ἐπιβου-

198 2611 458 2674 λεύοντας
506 2615 599 2665 καὶ
646 2611 1049 2680 πολεμοῦντας,
1087 2617 1180 2666 καὶ
1217 2622 1381 2665 τοῦτο
1433 2618 1534 2682 μὲν
1583 2620 1704 2676 τοῖς
1742 2617 2080 2685 εὐτυχήμασι
2129 2631 2281 2679 νεμε-

199 2703 413 2759 σῶντας
458 2699 551 2749 καὶ
596 2691 736 2749 καθ’
779 2701 911 2750 ὅσον
953 2699 1067 2750 οἶοί
1115 2704 1178 2750 τέ
1215 2702 1359 2751 εἰσιν
1398 2698 1663 2766 ἐμποδὼν
1714 2702 2068 2766 ἱσταμένους,
2117 2705 2280 2748 τοῦτο

198 2779 272 2844 δέ,
313 2784 379 2833 ἂν
419 2783 600 2853 συμβῇ
626 2801 681 2834 τι
706 2789 964 2851 πταῖσμα
992 2782 1197 2848 (πολλοὶ
1226 2782 1302 2848 δέ,
1343 2786 1419 2846 ὡς
1456 2786 1514 2836 ἐν
1553 2785 1905 2854 ἀνθρώποις,
1942 2779 2073 2851 <τοὶ>
2104 2785 2283 2850 γιγνό-

120 2873 168 2916 30
202 2866 359 2932 μενα)
394 2868 695 2938 χαίροντας
730 2871 823 2920 καὶ
861 2871 1311 2935 ἐπιτιθεμένους.
1378 2871 1440 2920 οὐ
1478 2872 1581 2939 γάρ
1620 2871 1773 2920 ἐστιν
1813 2867 1994 2929 οὐδεὶς
2031 2868 2279 2937 ἀσθενὴς
2299 2870 2361 2919 21

203 2952 378 3012 οὕτως
417 2949 543 3001 οὐδὲ
583 2950 856 3014 ἀδύνατος
894 2955 991 3023 τὴν
1033 2956 1231 3023 φύσιν,
1282 2953 1595 3020 ἄνθρωπος
1644 2954 1720 3002 ὢν
1769 2954 1914 3021 πρὸς
1952 2953 2280 3021 ἄνθρωπον,

201 3036 262 3095 ὃς
302 3036 363 3084 ού
402 3038 655 3109 τυγχάνει
679 3043 879 3106 καιροῦ
914 3039 1012 3107 τὴν
1052 3035 1381 3102 δυσμένειαν
1421 3034 1791 3098 ἐνδείξασθαι
1825 3038 1918 3087 καὶ
1955 3038 2017 3086 τὸ
2055 3037 2278 3105 μῖσοςῆ

199 3112 337 3168 καθ’
393 3121 558 3170 αὑτὸν
595 3121 626 3189 ἢ
669 3122 766 3170 σὺν
805 3124 1018 3190 ἑτέροις
1055 3122 1148 3171 καὶ
1186 3118 1348 3187 λ’όγον
1386 3121 1510 3171 τινὰ
1551 3123 1762 3184 εἰπεῖν,
1816 3113 1860 3187 ᾧ
1898 3123 2126 3182 πάντως
2163 3118 2283 3171 ἐλύ-

0 2151 5 2184 1

3 3347 5 3355 Α
347 3301 365 3340 1
398 3294 474 3342 ἐπὶ
503 3298 553 3340 Μ
696 3302 720 3342 2
751 3302 1065 3358 πρωεστιὸτες
1095 3299 1132 3343 Τ
1278 3302 1303 3343 6
1334 3295 1526 3346 δύναται
1557 3300 1607 3345 Μ
1752 3304 1775 3343 7
1808 3293 2071 3360 ἀντιβαίνει
2101 3300 2151 3344 Μ

3 3367 9 3405 1
202 3367 226 3407 9
258 3365 391 3410 λείαν
420 3364 470 3408 Μ
554 3360 773 3423 ἡγεῖσθαι
800 3367 852 3411 Μ
944 3370 992 3410 12
1025 3358 1102 3413 ὅτι
1130 3367 1235 3412 Wil.
1321 3369 1501 3426 γίνεται
1529 3367 1633 3412 libri
1722 3370 1773 3411 13
1803 3371 1883 3414 καὶ
1912 3370 2013 3416 add.
2044 3371 2211 3416 Reiske

207 3439 254 3478 14
288 3431 398 3481 οὔτε
417 3434 551 3480 Dind.
643 3440 693 3480 15
727 3432 838 3483 οὔτε
860 3439 906 3481 et
923 3450 1026 3482 mox
1048 3431 1153 3484 οὔτ’
1173 3437 1308 3482 Dind.
1403 3442 1452 3482 19
1474 3433 1594 3496 ἔχθα
1617 3438 1654 3482 Τ
1743 3442 1796 3483 20
1826 3438 2112 3498 γιγνόμενον
2141 3442 2285 3499 ΒΜΤ,

202 3505 453 3564 γιγνομένη
484 3506 524 3552 U
555 3506 823 3560 (coniecerat
851 3508 1081 3563 Reiskius)
1169 3506 1351 3568 ἐργώδη
1382 3508 1465 3566 (sic
1478 3510 1505 3563 1)
1535 3509 1573 3553 T
1678 3512 1730 3554 22
1762 3508 1930 3556 ἱκανὸν
1961 3525 2046 3556 om.
2078 3511 2199 3557 UBT

203 3580 256 3620 25
287 3572 316 3634 ἢ
345 3577 447 3621 add.
479 3576 647 3622 Reiske
790 3582 1170 3636 φιλονεικοῦντες
1201 3579 1323 3624 UBT
1482 3585 1535 3625 26
1567 3580 1783 3635 εἴκοντας
1811 3582 1861 3626 Μ
2006 3585 2059 3626 29
2090 3577 2148 3630 τὰ
2180 3582 2284 3628 add.

202 3647 368 3717 ReiSJoe
485 3651 536 3692 30
566 3646 876 3707 ἐπιθεμένους
906 3650 941 3693 Β
1060 3654 1112 3695 32
1145 3644 1202 3697 οὗ
1231 3663 1316 3696 om.
1349 3651 1387 3695 B
1500 3655 1669 3699 καινοῦ
1698 3652 1736 3696 Τ
1851 3651 2123 3708 ἐνδείξασθε
2154 3653 2203 3697 Μ

205 3721 257 3762 33
288 3719 326 3763 ὠ
357 3718 406 3763 Μ
438 3713 492 3773 ὃς
520 3719 642 3764 UBT

1886 3796 1947 3838 4*
