2684 4140
434 302 500 350 64
1189 278 1390 326 DIONIS
1420 273 1704 321 POLITICA

427 437 786 509 εὐεργέτησεν.
889 431 1011 481 ἀντὶ
1066 426 1166 494 γὰρ
1232 419 1428 473 δειλῶν
1475 419 1568 469 καὶ
1616 415 1903 468 ἀδυνάτων
1951 414 2044 464 καὶ
2091 410 2286 474 ἄλλοις
2345 415 2490 465 ὐπα-

425 525 694 575 κουόντων
730 516 1034 585 πρωτεύειν
1080 508 1344 576 ἐποίησεν
1397 506 1454 555 ἐν
1502 507 1623 563 τοῖς
1645 495 1872 569 Ἕλλησι
1927 499 2020 549 καὶ
2058 505 2156 568 τῆς
2193 500 2492 568 ἡγεμονίας

424 600 863 656 ἀντιποιεῖσθαι.
926 597 1051 645 τότε
1075 593 1174 658 μὲν
1199 590 1301 658 γὰρ
1329 593 1502 638 ταῦτα
1530 582 1595 655 ἧν
1633 582 1856 645 δυνατά,
1897 588 1991 632 νῦν
2019 572 2075 632 δ’
2118 584 2301 652 ἕτεροι
2338 587 2490 651 γεγό-

423 701 580 740 νασιν
618 686 673 734 οἱ
706 681 919 749 καιροί“
971 674 1113 746 πλὴν
1151 676 1219 724 τά
1256 688 1316 740 γε
1353 678 1451 742 τῆς
1489 671 1708 730 εὐνοίας
1754 669 1847 718 καὶ
1885 674 1983 737 τῆς
2032 667 2365 735 προθυμίας
2403 669 2494 719 ἀεί

419 787 555 821 ποτε
593 771 773 833 ὅμοια.
859 764 914 813 οἱ
948 761 1049 829 γάρ
1089 755 1367 827 προδόται
1403 756 1495 806 καὶ
1535 754 1884 824 συκοφάνται
1930 752 2024 802 καὶ
2073 753 2260 802 πάντα
2311 755 2486 822 πράτ-
2522 764 2547 805 5

417 870 602 913 τοντες
652 850 790 901 κατὰ
848 853 957 898 τῶν
1013 841 1260 894 πολιτῶν
1306 842 1399 891 καὶ
1447 842 1575 890 τότε
1623 836 1764 908 ἦσαν
1816 839 1874 888 ἐν
1924 840 2051 898 ταῖς
2111 834 2342 888 πόλεσι·
2402 840 2496 888 καὶ

413 940 519 1008 μὴν
566 932 854 1006 φιλοῦντες
899 931 998 990 τὰς
1038 924 1316 995 πατρίδας
1351 926 1444 975 καὶ
1479 925 1611 984 τούς
1649 920 1890 983 πολίτας
1931 923 2062 984 τούς
2101 923 2284 973 αὐτῶν
2321 921 2494 991 μηδὲν

413 1021 574 1072 κακὸν
613 1020 846 1082 πάσχειν
883 1010 1176 1072 ἐθέλοντες
1212 1011 1305 1060 καὶ
1341 1010 1442 1071 τὰς
1481 1005 1763 1078 πατρίδας
1804 1004 1991 1070 αὔξειν
2025 1004 2494 1078 φιλοτιμούμενοι

417 1107 540 1155 τότε
575 1105 674 1169 μὲν
701 1097 902 1151 πολλοὶ
924 1099 1016 1148 καὶ
1039 1092 1252 1163 μεγάλα
1282 1089 1669 1164 πράττοντες)ξ
1704 1094 1797 1143 καὶ
1827 1090 2040 1143 ἐλάττω
2083 1097 2273 1143 ποιεῖν
2300 1093 2493 1160 ἀγαθοὶ

345 1194 376 1243 5
417 1187 721 1254 δυνάμενοι.
817 1186 847 1234 ό
897 1176 947 1234 δ’
1003 1181 1095 1231 οὖν
1127 1173 1579 1245 Ἐπαμεινώνδας
1623 1180 1832 1240 ἐκεῖνος
1878 1179 1991 1229 ὑπὸ
2042 1184 2153 1229 τῶν
2203 1179 2486 1243 ἀνομοίων
2525 1164 2684 1250 1ουθῶ

411 1276 656 1340 ἐμισεῖτο
682 1271 775 1321 καί
799 1285 943 1329 τινες
968 1264 1108 1335 ἦσαν
1137 1266 1192 1315 οἱ
1220 1262 1617 1332 διαβάλλοντες
1644 1265 1827 1327 αὐτόν,
1868 1265 1899 1314 ό
1939 1261 1997 1314 δὲ
2031 1261 2221 1334 δῆμος,
2262 1265 2339 1325 ὡς
2364 1259 2492 1330 <ἂν>

415 1357 600 1428 δῆμος,
638 1357 821 1426 ἠγνόει
855 1354 946 1403 καὶ
983 1350 1339 1402 ἀνεπείθετο.
1415 1351 1511 1401 καί
1560 1366 1700 1400 ποτε
1750 1355 1860 1400 τῶν
1911 1350 2358 1417 ἀπεγνωσμένων
2406 1366 2493 1410 τις

409 1445 501 1494 καὶ
536 1443 745 1506 ἀτίμων
781 1440 873 1489 καὶ
909 1440 998 1488 ὅτε
1035 1432 1323 1486 ἐδούλευεν
1360 1439 1392 1503 ἠ
1433 1432 1605 1497 πόλις
1629 1437 1729 1486 καὶ
1754 1437 2107 1505 ἐτυραννεῖτο
2135 1437 2321 1486 πάντα
2360 1426 2485 1484 κατ’

412 1529 576 1597 αὐτῆς
621 1524 943 1593 πεποιηκὼς
990 1524 1047 1572 ἐν
1096 1517 1357 1590 ἐκκλησίᾳ
1408 1523 1504 1571 τὸν
1538 1514 1990 1586 Ἐπαμεινώνδαν
2038 1518 2344 1590 ἐλοιδόρει,
2397 1521 2490 1570 καὶ
2513 1534 2591 1576 (506
2613 1533 2666 1574 Μ)

409 1609 588 1662 πολλοὶ
625 1611 716 1660 καὶ
747 1605 964 1674 χαλεπὰ
1003 1604 1179 1674 ἔλεγε·
1225 1610 1336 1668 πᾶς
1372 1606 1475 1675 γὰρ
1515 1607 1546 1656 ό
1580 1596 1934 1673 ψευδόμενος
1983 1607 2079 1672 οὐχ
2127 1609 2233 1669 ὅ,τι
2271 1601 2486 1674 ἀληθὲς
2524 1615 2570 1657 15

408 1696 536 1765 εἴπῃ
577 1691 748 1765 ζητεῖ,
795 1691 965 1763 μηδέν
1002 1708 1061 1759 γε
1099 1689 1314 1761 ἀληθὲς
1354 1688 1531 1758 λέγειν
1571 1688 1903 1756 δυνάμενος,
1957 1685 2082 1742 ἀλλ’
2128 1691 2186 1742 εἴ
2227 1709 2284 1741 τι
2328 1687 2490 1755 χαλε-

411 1778 535 1831 πόν.
608 1781 700 1830 καὶ
738 1780 902 1839 αὐτὸς
949 1777 1272 1838 ἐπαναστὰς
1318 1778 1451 1845 περὶ
1497 1778 1599 1842 μὲν
1648 1782 1759 1826 τῶν
1806 1774 1990 1827 ἄλλων
2031 1778 2127 1827 οὐκ
2166 1775 2324 1827 εἶπεν
2365 1768 2486 1824 οὐδ’

410 1862 733 1934 ἀπελογήθη
775 1865 918 1933 πρὸς
946 1860 1120 1926 οὐδέν,
1158 1859 1332 1927 μόνον
1373 1859 1431 1912 δὲ
1473 1863 1617 1930 πρὸς
1644 1862 1871 1924 ἐκεῖνον,
1911 1869 1979 1932 τῇ
2020 1854 2074 1912 δ’
2119 1862 2293 1911 αὐτοῦ
2330 1865 2492 1930 φωνῇ

408 1944 750 2015 βοιωτιάζων
781 1941 950 1998 Ἀλλά
987 1963 1077 1997 τοι
1113 1947 1406 2015 Δαμάτηρ,
1446 1946 1574 2016 ἔφη,
1612 1943 1963 2012 κεχολωμένα
2001 1949 2236 2014 γένοιτο.
2335 1946 2392 1995 οἱ
2431 1941 2489 1995 δὲ
2668 1949 2680 2001 ἑ

412 2032 653 2102 Θηβαῖοι
689 2033 1020 2092 ἀκούσαντες
1056 2031 1319 2101 ἥσθησαν
1356 2031 1450 2082 καὶ
1484 2027 1754 2098 ἐγέλασαν
1800 2027 2058 2096 εἰκότως,
2098 2029 2486 2100 ἀναμνησθέν-
2524 2041 2572 2083 20

408 2134 498 2179 τες
537 2116 693 2183 οἶμαι
729 2124 825 2187 τῆς
862 2118 1068 2167 ἐκείνου
1109 2118 1252 2185 πρὸς
1290 2118 1386 2167 τὸν
1428 2113 1605 2186 δῆμον
1644 2116 1865 2178 εὐνοίας
1901 2118 1994 2168 καὶ
2031 2123 2134 2167 τοῦ
2170 2114 2490 2185 λοιδοροῦν-

339 2207 371 2257 6
409 2218 504 2263 τος
541 2209 636 2272 τῆς
665 2203 1049 2272 συκοφαντίας.
1117 2202 1221 2269 ἐγὼ
1259 2202 1360 2267 μὲν
1400 2201 1495 2252 οὖν
1534 2199 1593 2251 εἴ
1623 2219 1710 2262 τις
1751 2198 1902 2269 λέγοι
1939 2203 2084 2270 πρὸς
2122 2203 2218 2267 ἐμὲ
2259 2198 2489 2264 ἀνάξιον

405 2288 542 2352 ἐμοῦ
577 2286 686 2338 εἴτε
734 2289 985 2356 ἄντικρυς
1024 2285 1134 2338 εἴτε
1171 2288 1265 2338 καὶ
1301 2287 1442 2352 μετὰ
1485 2288 1792 2358 σχήματος,
1845 2287 1935 2337 ἵνα
1978 2284 2112 2356 δοκῇ
2151 2288 2355 2357 ῥήτωρ,
2395 2287 2489 2335 καὶ

405 2378 574 2422 ταῦτα
615 2373 709 2421 οὐκ
745 2374 819 2423 ὢν
858 2373 1140 2442 εὐσχήμων
1181 2370 1365 2436 αὐτός,
1405 2373 1822 2441 ἀποκρινοῦμαι
1861 2364 2011 2438 αὐτῷ
2050 2374 2149 2442 τὴν
2188 2377 2290 2421 τοῦ
2321 2363 2485 2420 Ἐπα-

405 2454 706 2520 μεινώνδου
746 2455 1057 2526 ἀπόκρισιν.
1132 2458 1195 2508 εὖ
1231 2451 1283 2508 δ’
1329 2457 1450 2508 ἴστε
1489 2460 1578 2509 ὅτι
1621 2464 1795 2508 ταῦτα
1845 2462 2083 2508 ποιοῦσι
2127 2458 2220 2508 καὶ
2259 2453 2483 2523 λέγουσι
2521 2466 2567 2507 25

406 2537 771 2610 βαρυνόμενοι
818 2544 914 2612 τὴν
962 2545 1095 2613 ἐμὴν
1144 2541 1452 2613 ἐπιδημίαν
1502 2536 1581 2594 δι>
1637 2540 1774 2593 ἄλλο
1825 2544 1926 2608 μὲν
1978 2539 2168 2593 οὐδέν·
2220 2541 2345 2591 οὔτε
2383 2540 2486 2609 γὰρ

408 2623 670 2694 ἐνεδρεύω
719 2628 841 2677 τινὰ
889 2633 997 2678 τῶν
1045 2626 1293 2679 πολιτῶν
1335 2622 1454 2680 οὔτ’
1500 2631 1762 2700 ἀργύριον
1810 2626 2075 2698 λαμβάνω
2129 2629 2284 2697 παρά
2334 2642 2488 2687 τινος

410 2711 532 2761 οὐτε
571 2709 931 2779 δασμολογεῖν
979 2707 1203 2779 ἕτοιμός
1251 2716 1369 2780 εἰμι
1415 2717 1513 2786 τὴν
1557 2717 1745 2784 χώραν
1796 2716 1894 2785 την
1943 2716 2213 2784 ὑμετέραν
2266 2705 2385 2763 οὔτ’
2428 2714 2486 2762 ἐν

408 2802 475 2865 τῇ
512 2794 684 2865 ἀγορᾷ
727 2797 1000 2866 φαίνομαί
1036 2816 1147 2849 τινι
1186 2797 1445 2870 ὀχληρός·
1488 2801 1550 2850 οὐ
1588 2802 1690 2869 γάρ
1731 2801 1850 2865 εἰμι
1886 2800 2101 2869 ῥήτωρ·
2154 2795 2280 2849 οὐδὲ
2321 2796 2485 2848 εἶπον

543 2964 561 3003 1
595 2957 900 3020 εὐηργέτησεν
929 2963 966 3007 Β
997 2957 1309 3024 εὐεργέτησαν
1339 2966 1388 3010 Μ
1522 2970 1549 3010 4
1580 2969 1660 3024 τῆς
1690 2967 1957 3025 προδοσίας
1986 2964 2108 3011 UBT
2249 2958 2328 3011 αἐί
2356 2979 2476 3010 ποτε

406 3021 564 3086 ὅμοιοι
603 3026 695 3091 γὰρ
731 3031 852 3078 UBT
891 3027 921 3080 ἃ
962 3032 1146 3082 εἴπεται
1186 3028 1345 3093 ὅμοιοι
1382 3036 1477 3097 γὰρ
1506 3037 1578 3092 Μ,
1619 3050 1735 3082 corr.
1779 3036 1947 3081 Reiske
2121 3038 2146 3079 6
2176 3037 2257 3081 καὶ
2293 3030 2353 3082 τὰ
2385 3037 2483 3092 (pro

355 3108 359 3112 “
404 3097 543 3154 κατὰ)
571 3101 620 3144 Μ
759 3106 782 3145 7
812 3099 904 3162 μὴν
933 3104 1106 3162 scripsi,
1136 3110 1219 3154 νῦν
1247 3108 1351 3153 libri
1468 3104 1629 3155 αὐτῶν
1656 3108 1773 3163 libri,
1807 3120 1923 3152 corr.
1956 3106 2088 3164 Emp.
2219 3109 2245 3150 9
2275 3105 2485 3150 lacunam

404 3172 508 3224 post
554 3170 846 3228 πράττοντες
890 3173 1099 3220 indicavit
1140 3176 1377 3234 Reiskius,
1425 3179 1748 3236 supplendumt
1794 3181 1878 3225 νῦν
1917 3177 1966 3224 δὲ
2009 3173 2260 3234 ἐλάττους;
2308 3178 2392 3222 νῦν
2436 3175 2485 3222 δὲ

409 3232 562 3297 ὀλίγοι
589 3239 818 3297 Pflugkius
990 3249 1040 3290 10
1070 3244 1394 3304 ἐπαμινώνδας
1423 3250 1545 3296 UBT
1714 3253 1759 3295 11
1792 3244 1904 3307 (ἄν)
1932 3248 2035 3293 add.
2068 3246 2343 3292 Herwerden

412 3312 460 3352 13
490 3308 720 3356 δουλεύειν
749 3311 798 3354 Μ
881 3313 1002 3361 κατὰ
1032 3315 1082 3360 Μ
1199 3323 1250 3363 14
1279 3319 1613 3380 πεποιηκότων
1642 3320 1810 3367 Reiske
1909 3315 2245 3377 ἐπαμινώνδαν
2273 3317 2397 3363 UBT

405 3376 644 3458 ξλθιῦώθει
674 3381 722 3423 Μ
810 3386 858 3427 15
888 3383 1113 3440 πολλάκις
1139 3387 1322 3446 χαλεπὰ
1353 3391 1403 3435 Μ
1490 3388 1665 3451 ἔλεγειε
1696 3395 1740 3448 (ν
1770 3394 1964 3446 erasum)
1996 3390 2037 3436 U
2127 3384 2153 3434 ὃ
2187 3387 2483 3448 ψευδόμενος

405 3454 615 3505 meptum,
645 3450 747 3507 quia
766 3453 1049 3499 mentientem
1067 3459 1158 3501 veri
1177 3461 1425 3506 studiosum
1454 3475 1554 3507 esse
1582 3475 1715 3508 nemo
1738 3462 2023 3519 opinabitur3
2054 3464 2290 3518 exspecto:
2325 3454 2351 3505 ὃ
2384 3475 2482 3506 τοι·

406 3522 546 3572 Οὗτος
558 3520 732 3590 ‚⁸imffi8·
847 3527 898 3567 ¹5
927 3525 1076 3583 μηθέν
1103 3544 1157 3585 γε
1185 3529 1227 3575 U
1343 3535 1394 3577 18
1426 3527 1573 3580 αὐτοῦ
1599 3533 1707 3579 libri
1843 3536 1897 3577 20
1926 3529 2114 3591 ἦθησαν
2135 3530 2184 3574 Μ
2301 3532 2353 3573 22
2385 3525 2479 3588 ἐγώ

403 3588 490 3644 μὲν
520 3591 604 3636 0231'
641 3591 821 3673 {crimin
862 3590 955 3651 ἕνα)
992 3599 1108 3654 γοῦν
1138 3598 1185 3641 Μ
1215 3595 1357 3660 ἔγωγ’
1391 3597 1475 3650 οὖν
1505 3605 1542 3647 Β
1571 3601 1665 3663 ἐγώ
1697 3598 1751 3664 γ’
1785 3596 1871 3651 οὖν
1891 3602 1973 3648 UT
2147 3604 2202 3645 24
2232 3595 2482 3659 εὐσχημαῖν

403 3659 524 3704 UBT
638 3663 959 3722 απθκρίνθμαι
989 3665 1037 3708 Μ
1149 3666 1472 3726 ἐπαμινώνδου
1502 3675 1625 3721 UBT
1745 3678 1799 3719 26
1831 3668 1938 3720 οὐδὲ
1967 3670 2063 3732 γὰρ
2095 3671 2134 3715 Τ
2263 3675 2315 3716 27
2348 3687 2479 3718 συνε-

404 3727 552 3787 δρεύω
584 3730 632 3774 Μ
747 3736 799 3777 29
831 3750 918 3780 σου
946 3748 1029 3791 pro
1061 3735 1115 3783 οὐ
1146 3738 1195 3782 Μ
