2684 4140
373 245 476 295 320
1200 237 1518 284 APPENDIX
1546 238 1627 283 111.

511 384 665 438 Phot.
703 382 834 436 bibl.
861 381 979 436 cod.
1009 383 1129 435 209.
1188 376 1548 454 ,Ἀνεγνώσθη
1576 384 1802 446 Δίωνος
1837 383 2059 452 βιβλίον
2086 389 2144 438 ἐν
2174 384 2360 454 λόγοις
2386 387 2463 437 π’.
2489 402 2592 443 (13,

370 470 535 531 οὗτος
572 470 696 519 ἔστι
731 469 833 534 μὲν
872 469 971 538 τήν
998 465 1251 537 πατρίδα
1279 469 1631 538 Προυσαεύς,
1675 471 1856 539 φυγὰς
1884 463 1938 521 δ’
1982 473 2224 539 ἐγεγόνει
2249 473 2472 541 ταύτης,

367 550 695 621 τυραννίδος
720 549 982 603 ἐκκλίνων
1010 550 1286 617 δουλείαν,
1325 555 1420 605 καὶ
1445 551 1664 624 πολλὴν
1703 553 1927 626 ἐπῆλθε
1953 553 2320 623 πλανώμενος
2356 564 2472 627 γῆν.

370 636 553 702 δεξιὸς
592 635 651 688 δὲ
691 639 825 706 περὶ
860 639 992 698 τοὺς
1039 635 1236 705 λόγους
1274 636 1465 702 ἔδοξεν
1516 638 1692 703 εἶναι,
1741 643 1835 692 καὶ
1880 638 2128 707 μάλιστα
2177 644 2309 704 τούς
2346 644 2475 693 ὅσοι

303 736 329 778 5
365 719 663 795 ῥυθμίζειν
717 719 1161 789 συμβουλεύουσι
1197 724 1267 774 τὰ
1305 725 1442 794 ἤθη.
1518 726 1732 795 ἤκμασε
1787 723 1846 776 δὲ
1894 727 2035 777 κατὰ
2074 729 2206 789 τοὺς
2238 730 2474 797 χρόνους

366 816 470 861 τοῦ
503 806 785 876 βασιλέως
816 812 1116 878 Τραιανοῦ,
1156 812 1251 861 καὶ
1289 807 1560 862 πλεῖστον
1600 808 1862 880 διέτριψε
1896 814 2096 881 χρόνον
2136 803 2275 881 παρ’
2323 810 2473 879 αὐτῷ

364 896 459 947 καὶ
494 901 594 965 τῆς
629 897 719 946 ὅτι
754 892 1003 960 μάλιστα
1042 902 1209 966 τιμῆς
1246 897 1341 948 καὶ
1367 893 1684 960 δεξιώσεως
1721 897 1925 962 ἔτυχεν,
1966 899 2044 959 ὡς
2080 899 2174 948 καὶ
2201 898 2472 964 συγκαθέ-

366 977 573 1043 ζεσθαι
611 981 779 1031 αὐτὸν
817 979 899 1048 τῷ
935 978 1206 1049 βασιλείῳ
1249 983 1503 1052 ὀχήματι.
1570 987 1711 1044 παῖς
1748 984 1851 1048 μὲν
1887 979 1955 1053 ἦν
1995 981 2159 1044 οὗτος
2183 983 2474 1051 Πασικρά-

364 1082 511 1128 τους,
555 1067 835 1136 σοφιστὴς
875 1063 934 1117 δὲ
971 1068 1066 1118 καὶ
1105 1064 1430 1138 φιλόσοφος
1454 1068 1518 1118 τό
1557 1066 1923 1138 ἐπιτήδευμα.
1988 1070 2088 1120 ἐπὶ
2113 1074 2383 1119 τοσοῦτον
2413 1058 2467 1118 δ’

282 1162 330 1205 10
367 1151 534 1202 αὐτὸν
572 1159 672 1222 τῆς
707 1152 850 1202 κατὰ
888 1154 952 1202 τὸ
996 1154 1177 1223 σχῆμά
1220 1166 1367 1223 φασι
1408 1156 1752 1223 σεμνότητος
1789 1154 2230 1205 ἀντιποιεῖσθαι
2269 1156 2346 1216 ὡς
2382 1156 2475 1205 καὶ

369 1234 595 1308 λεοντῆν
634 1234 910 1299 πολλάκις
948 1239 1257 1308 ἐνημμένον
1310 1239 1622 1290 ποιεῖσθαι
1673 1240 1772 1309 τὴν
1824 1237 2091 1310 πρόοδον.
2180 1241 2372 1309 φωνὴν
2412 1232 2468 1289 δ’

367 1324 642 1392 ήρεμαίαν
679 1324 842 1394 ἠφίει
877 1324 972 1375 καὶ
1012 1325 1329 1394 σταθεράν·
1367 1326 1463 1376 καὶ
1501 1322 1770 1390 σχολαῖον
1807 1329 1926 1392 μέν,
1967 1319 2094 1375 ἀλλ’
2141 1325 2238 1375 οὐκ
2275 1325 2473 1391 ἀναβε-

366 1406 640 1479 βλημένον
666 1407 937 1476 βάδισμα,
964 1411 1059 1461 καὶ
1083 1407 1259 1461 τόίλλα
1288 1417 1400 1461 τῶν
1425 1413 1746 1480 κινημάτων
1775 1411 1871 1461 οὐκ
1898 1411 2215 1480 ἀσύμφωνα
2233 1422 2244 1432 “
2284 1411 2474 1475 ἰσχνὸς

368 1486 422 1544 δ’
465 1491 531 1563 ἧν
567 1495 662 1546 καὶ
701 1493 829 1546 οὐδὲ
867 1499 1041 1563 μέγας
1079 1498 1142 1546 τὸ
1185 1501 1363 1562 σῶμα.

282 1590 329 1631 15
512 1582 724 1631 Τοῦτον
763 1577 1012 1642 πολλούς
1053 1595 1199 1650 φασι
1224 1582 1320 1632 καὶ
1346 1577 1643 1641 ποικίλους
1680 1583 1905 1650 γράψαι
1933 1578 2155 1648 λόγους·
2198 1581 2255 1630 οἱ
2293 1573 2347 1631 δ’
2391 1581 2472 1640 εἰς

360 1668 634 1734 ἡμετέραν
675 1666 1009 1735 φθάσαντες
1045 1671 1252 1733 γνῶσιν
1291 1668 1388 1716 τὸν
1445 1661 1515 1715 π’
1556 1663 1840 1735 ἐπλήρουν
1891 1666 2160 1734 ἀριθμόν.
2246 1666 2472 1735 Χρυσό-

367 1763 575 1815 στομον
616 1743 670 1801 δ>
715 1751 883 1801 αὐτὸν
923 1752 979 1801 οἱ
1018 1748 1176 1819 λόγοι
1213 1758 1282 1820 τῇ
1319 1744 1445 1802 κατ’
1504 1751 1674 1803 αὐτὸν
1721 1749 1882 1819 γενεᾷ
1924 1749 2233 1802 δεδώκασιν
2271 1751 2471 1799 ἐπονο-

362 1831 574 1901 μάζειν.
650 1837 775 1887 ἔστι
811 1838 913 1902 μὲν
954 1836 1066 1900 οὖν,
1106 1839 1247 1906 ὅπερ
1289 1838 1451 1907 ἔφην,
1490 1838 1554 1887 τὸ
1595 1834 1871 1887 πλεῖστον
1912 1837 2086 1886 αὐτοῦ
2120 1840 2231 1885 τῶν
2273 1831 2470 1901 λόγων,

366 1923 461 1982 οὓς
498 1925 660 1990 ἡμεῖς
700 1920 878 1987 ἴσμεν,
922 1920 1419 1990 συμβουλευτικόν·
1461 1922 1554 1973 οἶα
1596 1914 1648 1973 δ’
1694 1924 1860 1985 εἰκός,
1897 1922 1991 1973 καὶ
2028 1919 2106 1989 τῴ
2137 1917 2473 1987 συμβουλευ-

278 2017 326 2058 20
362 2006 497 2075 τικῴ
536 2005 1042 2077 παραπλεκόμενον
1081 2010 1144 2059 τὸ
1186 2008 1308 2060 οἷον
1349 2006 1632 2060 δικανικὸν
1681 2005 2088 2077 παραπλήσιον
2125 2007 2224 2076 τὴν
2263 2005 2464 2074 ἀρετὴν
2489 2012 2587 2055 (23)

363 2094 464 2144 κάν
502 2093 583 2161 τῷ
619 2098 780 2160 μέρει
816 2092 960 2162 τῷδε
999 2101 1101 2145 τοῦ
1139 2092 1302 2162 λόγου
1345 2092 1599 2158 δεικνύει,
1638 2095 1732 2144 καὶ
1767 2090 2015 2159 μάλιστα
2067 2097 2178 2142 τῶν
2218 2088 2403 2141 ἄλλων
2445 2091 2475 2140 ὁ

358 2171 659 2240 Ῥοδιακός.
737 2177 935 2249 δριμύς
972 2197 1031 2231 τε
1069 2182 1172 2250 γάρ
1212 2182 1337 2230 ἐστι
1373 2183 1496 2241 τοῖς
1521 2180 1888 2249 ἐνθυμήμασι
1917 2179 2012 2228 καὶ
2035 2179 2099 2228 τὸ
2130 2188 2469 2244 συνεστραμ-

366 2266 532 2328 μένον
560 2261 707 2332 πρός
732 2280 793 2332 γε
819 2267 915 2315 τὸν
943 2266 1117 2316 αὐτοῦ
1134 2272 1458 2335 χαρακτῆρα
1485 2271 1596 2316 τῶν
1626 2262 1807 2332 λόγων
1834 2265 1974 2329 ἔχων
2010 2264 2121 2314 καὶ
2143 2264 2205 2312 τὸ
2246 2263 2471 2312 ἔντονον

366 2349 507 2414 μετὰ
534 2355 637 2399 τοῦ
658 2351 890 2416 γονίμου
918 2347 1194 2402 πλουτῶν.
1236 2352 1469 2418 ἄριστος
1497 2348 1556 2401 δὲ
1578 2354 1700 2411 τοῖς
1728 2347 2153 2419 παραδείγμασι
2171 2347 2265 2397 καὶ
2291 2343 2472 2406 πολύς

280 2445 327 2486 25
365 2435 488 2484 ἐστι
506 2441 810 2499 πανταχοῦ,
831 2437 925 2486 καὶ
938 2433 1202 2505 ποικίλης
1222 2433 1356 2505 ὕλης
1377 2434 1676 2502 λαμβάνων
1697 2436 1836 2486 αὐτὰ
1857 2436 1951 2486 καὶ
1964 2438 2279 2503 προσφυῶς
2299 2433 2471 2501 ἁρμο-

367 2514 614 2585 ζόμενος.
660 2522 848 2590 χαίρει
876 2519 934 2572 δὲ
962 2519 1210 2587 μάλιστα
1240 2524 1335 2573 καὶ
1358 2520 1803 2592 μυθολογήμασι
1828 2522 1929 2582 τὰς
1957 2522 2325 2589 παραινέσεις
2348 2530 2471 2567 συν-

368 2605 722 2659 διαπλέκειν’
768 2605 856 2658 διὸ
897 2609 990 2658 καὶ
1028 2609 1091 2658 τὸ
1129 2605 1338 2677 ἀφελὲς
1378 2605 1599 2658 διώκειν
1640 2604 1821 2658 δοκεῖ·
1878 2604 2119 2656 σπάνιον
2157 2604 2260 2672 γὰρ
2300 2600 2358 2653 εἴ
2385 2619 2473 2662 τις

366 2695 521 2762 εὕροι
568 2694 709 2744 κατὰ
759 2695 855 2744 τὸν
905 2690 1274 2744 Πλατωνικὸν
1326 2689 1489 2763 ζῆλον
1537 2697 1659 2754 τοῖς
1715 2690 1924 2761 δίαρμα
1971 2691 2066 2741 καὶ
2115 2691 2275 2756 ὄγκον
2323 2689 2471 2755 ἐνερ-

364 2774 694 2846 γαζομένοις
733 2777 811 2846 τῷ
853 2775 1013 2845 λόγῳ,
1062 2779 1254 2845 ὥσπερ
1309 2779 1367 2829 ἐν
1407 2776 1485 2844 τῷ
1523 2774 2003 2846 Βορυσθενιτικῴ,
2051 2776 2265 2840 μύθοις
2305 2774 2499 2824 αὐτὸν

282 2870 332 2912 30
369 2865 790 2933 ἀποχρώμενον.
873 2861 1088 2933 ἀφελής
1124 2865 1226 2929 μὲν
1269 2863 1364 2914 οὖν
1412 2865 1537 2913 ἐστι
1574 2863 1644 2913 τὰ
1686 2859 1889 2924 πολλά,
1930 2863 2006 2921 ὡς
2045 2860 2236 2930 ἔφθην
2274 2860 2470 2919 εἰπών,

367 2953 494 3011 ταῖς
532 2950 803 3012 ἐννοίαις,
855 2950 949 3000 καὶ
986 2955 1098 2999 τῶν
1136 2966 1198 2999 τε
1233 2945 1723 3018 καθωμιλημένων
1774 2946 1924 3013 αὐτῷ
1960 2947 2055 2997 καὶ
2091 2940 2470 3006 ἐπιπολαζου·

371 3040 483 3086 σῶν
524 3037 585 3085 αἱ
624 3032 828 3098 λέξεις,
873 3035 968 3085 καὶ
1007 3031 1167 3084 οὐδὲν
1210 3026 1331 3084 οὐδ’
1374 3037 1405 3103 ἡ
1449 3030 1709 3096 σύνταξις
1750 3026 1866 3082 οὔτ’
1913 3033 2012 3082 ἐπὶ
2049 3032 2112 3080 τὸ
2152 3030 2471 3097 βαθύτερον

371 3113 490 3169 οὔτ’
535 3121 634 3170 ἐπὶ
671 3122 735 3170 τὸ
773 3118 1235 3190 καθηδυνόμενον
1274 3115 1666 3188 έκνεωτερίζει.
1743 3119 1838 3169 καὶ
1880 3120 1945 3167 τό
1983 3133 2042 3184 γε
2082 3117 2181 3166 ἐπὶ
2218 3119 2339 3176 τοῖς
2377 3115 2471 3184 ῥή-

370 3217 515 3270 μασι
551 3206 645 3256 καὶ
681 3212 750 3275 τῇ
791 3203 1087 3275 συμπλοκῇ
1125 3211 1236 3256 τῶν
1277 3206 1568 3270 ὀνομάτων
1607 3210 1710 3255 τοῦ
1748 3209 1967 3274 σαφοῦς
2005 3204 2073 3253 ἄν
2105 3218 2192 3262 τις
2217 3197 2471 3251 ἐλπίσειε

282 3281 332 3323 35
368 3290 465 3340 τὸν
517 3294 838 3359 συγγραφέα
887 3292 1374 3356 κατεστοχάσθαι·
1425 3288 1566 3340 ἀλλὰ
1618 3293 1683 3340 τό
1731 3305 1790 3357 γε
1840 3286 1935 3340 διὰ
1986 3293 2204 3357 μακροῦ
2237 3287 2336 3356 τήν
2373 3291 2471 3355 τῆς

374 3371 632 3434 διανοίας
670 3373 952 3426 ἀπόδοσιν
994 3380 1276 3445 προϊέναι,
1315 3377 1409 3427 καὶ
1446 3379 1573 3437 ταῖς
1603 3372 1906 3441 ἐπιβολαῖς
1943 3375 2002 3424 ἐκ
2039 3379 2140 3423 τοῦ
2175 3373 2276 3422 ἐπὶ
2312 3367 2469 3420 πλεῖ-

375 3471 507 3509 στον
545 3461 641 3509 τὸν
682 3456 844 3525 λόγον
884 3457 1330 3526 διαπεπλέχθαι,
1378 3462 1474 3512 οὐκ
1511 3462 1610 3512 ἐπὶ
1645 3458 1825 3529 μικρῷ
1865 3466 1964 3529 τῆς
2000 3459 2265 3526 τοιαύτης
2303 3456 2469 3505 αὐτὸν

372 3541 604 3595 ἐκκλείει
642 3542 812 3605 ἰδέας.
890 3542 1031 3595 ἀλλὰ
1070 3553 1246 3597 ταῦτα
1286 3549 1387 3613 μὲν
1427 3543 1760 3616 παραλλαγὴ
1805 3542 1960 3606 ἰδέας
1995 3544 2090 3594 καὶ
2120 3547 2469 3611 χαρακτῆρος

517 3670 535 3708 1
571 3665 626 3709 de
654 3664 780 3710 fonte
811 3665 962 3711 Photii
996 3667 1054 3712 cf.
1088 3669 1295 3714 Wentzel
1327 3669 1471 3715 Gebh.
1501 3668 1641 3713 Harn.
1674 3668 1818 3713 Texte
1846 3681 1889 3711 n.
1926 3666 2026 3711 Unt.
2057 3679 2101 3722 p.
2135 3668 2188 3709 54
2292 3667 2346 3709 29
2377 3636 2469 3712 Boi

369 3738 636 3796 ρυσθενικῷ
666 3736 854 3782 Photius
888 3737 971 3781 Bk.
