2684 4140
1110 256 1334 303 ORATIO
1365 255 1529 302 LXXI.
2259 253 2360 302 183

271 401 513 472 ἐξευρεῖν
553 396 700 473 φημι
737 400 898 472 τήνδε
936 404 1034 472 τὴν
1072 403 1346 471 μηχανήν·
1386 403 1448 452 οὐ
1486 401 1589 470 γὰρ
1635 398 1840 452 δυνατὰ
1867 400 2192 468 ἐμηχανᾶτο,
2232 403 2363 450 πτέ-

272 504 441 555 ρυγας
466 489 757 558 ἀνθρώπῳ
787 487 1143 552 προστιθείς.
1209 488 1402 538 οὐκοῦν
1430 484 1728 556 διέφθειρε
1765 486 1861 536 τὸν
1897 486 2035 535 υἱόν.
2110 484 2257 535 ἔοικε
2296 481 2355 535 δὲ
2399 486 2428 536 7

274 575 367 624 καὶ
391 567 634 643 Ὅμηρος
674 569 950 639 λοιδορεῖν
988 590 1115 623 τινα
1155 575 1382 623 τέκτονα
1411 577 1521 623 τῶν
1554 572 1778 639 Τρώων,
1820 571 1882 620 οὐ
1919 567 2102 629 καλῶς
2129 569 2362 637 ἐργασά-

276 674 440 722 μενον
476 658 578 718 τάς
604 663 736 718 ναῦς
761 655 840 724 τῷ
862 653 1225 725 Ἀλεξάνδρῳ,
1267 656 1357 717 αἷς
1381 653 1652 706 ἔπλευσεν
1678 656 1760 716 εἰς
1785 656 1884 725 τὴν
1915 647 2162 714 Ἑλλάδα,
2204 649 2363 703 οὐδὲν

221 747 245 787 5
282 742 418 806 ἔχων
458 742 841 792 αἰτιάσασθαι
875 741 1015 791 κατὰ
1055 743 1152 811 τὴν
1191 744 1400 809 τέχνην.
1477 741 1619 810 φησὶ
1653 741 1774 808 γάρ,

611 825 672 886 ὃς
709 826 804 876 καὶ
835 817 1180 894 Ἀλεξάνδρῳ
1220 825 1518 894 τεκτήνατο
1558 830 1693 891 νῆας
1731 824 1916 886 ἐΐσας,

614 910 973 978 ἀρχεκάκους,

62 997 256 1043 (380R11)
279 993 374 1042 ουκ
410 990 764 1059 ἐγκωμιάζων
804 994 970 1044 αὐτὸν
1009 995 1107 1044 ἐπὶ
1143 999 1211 1061 τῇ
1239 993 1471 1061 ποιήσει
1495 997 1605 1042 τῶν
1632 997 1787 1055 νεῶν,
1827 988 1967 1041 ἀλλὰ
1995 994 2187 1059 ψέγων
2216 987 2360 1039 πολὺ

273 1074 485 1141 μαλλον
521 1078 552 1147 ἢ
594 1079 644 1128 εἰ
683 1075 854 1144 λέγων
891 1068 1061 1127 αυτὸν
1099 1083 1342 1146 ποιῆσαι
1379 1076 1480 1136 τὰς
1510 1081 1643 1136 ναῦς
1679 1075 1710 1144 ἢ
1751 1073 2018 1144 βραδείας
2055 1076 2086 1144 ἢ
2129 1071 2264 1124 ἄλλο
2304 1091 2361 1124 τι

197 1165 243 1207 10
280 1161 579 1230 ἁμάρτημα
618 1163 854 1226 ἐχούσας
889 1152 1084 1229 ᾐτιᾶτο
1124 1161 1257 1228 περὶ
1292 1161 1391 1229 τὴν
1429 1159 1758 1227 ναυπηγίαν.
1845 1163 2013 1226 ψέγει
2052 1157 2111 1209 δὲ
2152 1159 2363 1223 ὁμοίως

270 1245 364 1295 καὶ
398 1249 693 1314 κυνηγέτην
733 1245 858 1295 τινὰ
897 1246 991 1294 καὶ
1026 1241 1304 1310 καταγελᾷ
1332 1250 1430 1312 τῆς
1455 1243 1771 1311 ἐμπειρίας,
1810 1245 1899 1292 ὅτι
1925 1244 2007 1303 εἰς
2036 1236 2196 1293 οὐδὲν
2238 1240 2363 1292 δέον

270 1330 525 1398 ἐκέκτητο
565 1323 760 1399 αὐτήν,
813 1326 953 1378 ἀλλὰ
992 1329 1061 1378 τὰ
1099 1329 1200 1393 μὲν
1237 1328 1417 1396 θηρία
1458 1328 1739 1396 ἠπίστατο
1778 1324 2033 1392 βάλλειν,
2085 1329 2143 1377 ἐν
2184 1325 2242 1378 δὲ
2284 1325 2362 1394 τῴ

271 1410 499 1480 πολέμῳ
543 1407 639 1464 οὐκ
676 1415 965 1480 ἐτύγχανεν
1006 1406 1256 1475 οὐδενός,
1310 1405 1436 1462 ἀλλ’
1490 1413 1711 1480 ἀχρεῖος
1747 1409 1813 1481 ἦν
1862 1409 1955 1462 διὰ
1994 1413 2092 1482 τὴν
2133 1408 2362 1474 δειλίαν,

268 1499 361 1548 καὶ
400 1497 466 1547 οὔ
502 1511 676 1568 φησιν
716 1491 865 1565 αὐτῷ
904 1501 1030 1548 τότε
1069 1498 1362 1568 βοηθῆσαι
1410 1499 1508 1568 τὴν
1537 1490 1814 1565 ’Ἀρτεμικ
1905 1488 2099 1547 οὐκοῦν
2137 1498 2196 1546 ἐκ
2232 1498 2357 1547 τού·
2401 1496 2431 1548 8

192 1591 238 1632 15
275 1600 385 1634 των
425 1581 591 1654 δῆλον
638 1586 727 1634 ὅτι
766 1581 860 1634 δεῖ
891 1585 1218 1654 φρονήσεως
1264 1585 1358 1634 καὶ
1406 1584 1605 1652 ἀρετῆς
1641 1583 1735 1632 καὶ
1772 1583 1916 1651 πρὸς
1956 1583 1991 1631 ἃ
2028 1582 2366 1632 ἐπίστανται

102 1671 329 1721 (627ωοὶ
365 1670 673 1738 ἄνθρωποι
708 1670 802 1719 καὶ
839 1670 984 1738 πρὸς
1022 1670 1057 1718 ἀ
1097 1661 1193 1719 οὐκ
1241 1664 1603 1719 ἐπίστανται·
1651 1668 1746 1718 καὶ
1797 1668 1974 1728 οὕτως
2026 1668 2093 1716 ἂν
2139 1668 2363 1716 ἅπαντα

272 1751 540 1824 διαφέροι
578 1756 806 1804 πάντων
846 1755 878 1803 ὁ
917 1755 1187 1824 σώφρων,
1239 1753 1361 1804 οἷον
1404 1754 1505 1821 χρὴ
1549 1750 1695 1803 εἶναι
1732 1753 1828 1802 τὸν
1869 1749 2217 1822 φιλόσοφον,
2271 1753 2364 1802 καὶ

273 1845 457 1890 ποιῶν
504 1857 562 1890 τι
609 1841 821 1890 τούτων
868 1840 963 1889 καὶ
1008 1840 1081 1909 μὴ
1134 1844 1350 1901 ποιῶν,
1410 1838 1511 1888 κᾶν
1574 1839 1838 1887 ὁπωσοῦν
1888 1843 2030 1906 ποιῇ
2075 1835 2216 1886 κατὰ
2265 1837 2363 1906 τὴν

274 1927 481 1994 τέχνην.
579 1925 656 1985 ὡς
706 1921 764 1973 δὲ
811 1929 922 1974 τῶν
971 1919 1282 1993 ζωγράφων
1329 1924 1539 1991 γράψει
1585 1925 1835 1988 κρεῖττον
1885 1914 1981 1971 οὐκ
2031 1923 2108 1971 ὢν
2157 1916 2363 1989 ζωγρά-

193 2013 243 2055 20
280 2025 405 2078 φος,
444 1998 477 2077 ἢ
515 2014 627 2059 τῶν
666 2009 874 2077 ἰατρῶν
925 2009 1173 2073 ἄμεινον
1203 2008 1555 2075 θεραπεύσει
1603 2000 1760 2074 [κατὰ
1810 2007 1907 2076 τὴν
1959 1999 2228 2075 ἰατρικὴν]
2270 2021 2365 2055 ουκ

274 2094 350 2143 ὢν
390 2094 598 2162 ἰατρός,
636 2083 670 2163 ἢ
708 2099 819 2143 τῶν
856 2098 1139 2158 μουσικῶν
1175 2093 1590 2159 μουσικώτερον
1628 2083 1831 2158 ᾄσεται
1870 2106 1965 2140 ουκ
1991 2091 2067 2140 ὤν
2094 2090 2364 2158 ἔμπειρος

271 2185 541 2249 μουσικῆς
577 2168 612 2247 ἢ
649 2179 891 2247 μετρίως
929 2178 1200 2246 ἔμπειρος
1243 2178 1508 2244 γεγονώς,
1556 2194 1589 2245 η
1640 2181 1750 2226 τῶν
1800 2176 2191 2244 ἀριθμητικῶν
2231 2175 2364 2242 περὶ

0 2260 2 2324 7
270 2264 402 2324 τοὺς
440 2263 725 2332 ἀριθμους
761 2252 794 2332 ἢ
832 2260 938 2313 τῶν
975 2259 1301 2331 γεωμετρῶν
1327 2262 1731 2330 ἐμπειρότερος
1772 2263 2037 2329 φανεῖται
2064 2259 2196 2326 περὶ
2229 2273 2363 2325 γεω-

269 2349 502 2417 μετρίαν
539 2366 572 2417 η
601 2349 733 2414 περὶ
761 2348 995 2417 φυτείαν
1032 2345 1143 2397 τῶν
1179 2344 1435 2415 γεωργῶν
1472 2336 1506 2415 ἡ
1546 2346 1678 2414 περὶ
1701 2344 2092 2414 κυβερνητικὴν
2129 2341 2238 2393 τῶν
2275 2359 2364 2392 κυ-

194 2438 241 2479 25
277 2431 583 2503 βερνητῶν,
632 2422 665 2502 ἢ
707 2428 915 2502 σφάξει
955 2432 1167 2482 θᾶττον
1219 2437 1329 2482 τῶν
1382 2431 1661 2500 μαγείρων
1710 2448 1742 2499 η
1784 2426 1965 2480 διελεῖ
1996 2427 2121 2480 δέον
2161 2424 2364 2478 διελεῖν

62 2524 260 2568 (ΒΒΙΒΠ)
275 2524 386 2569 τῶν
425 2518 558 2568 αὐτὸ
598 2523 762 2567 τοῦτο
802 2518 961 2586 ἔργον
1000 2520 1428 2585 πεποιημένων,
1480 2531 1544 2565 ου
1576 2516 1678 2585 χρὴ
1722 2512 2100 2565 διανοεῖσθαι.
2174 2513 2361 2562 καίτοι
2399 2512 2430 2563 9

272 2609 383 2654 τῶν
420 2609 513 2654 νῦν
551 2600 831 2669 βασιλέων
869 2619 956 2663 τις
993 2602 1277 2667 ἐπεθύμει
1316 2602 1496 2671 σοφὸς
1534 2599 1681 2651 εἶναι
1717 2601 1815 2670 τὴν
1841 2602 2106 2668 τοιαύτην
2135 2598 2361 2667 σοφίαν,

24 871 29 902 1

274 2689 351 2748 ὡς
389 2685 629 2738 πλεῖστα
668 2689 1072 2753 ἐπιστάμενος·
1113 2678 1177 2737 οὗ
1214 2690 1410 2752 μέντοι
1446 2686 1514 2736 τὰ
1553 2691 1804 2748 τοιαῦτα,
1846 2686 1880 2734 ἃ
1905 2686 1978 2754 μὴ
2007 2678 2361 2748 θαυμάζεται

273 2773 428 2843 παρὰ
466 2777 587 2834 τοῖς
625 2774 988 2842 ἀνθρώποις,
1039 2769 1180 2822 ἀλλὰ
1219 2763 1317 2841 ἐφ’
1363 2771 1448 2832 οἷς
1491 2770 1933 2841 στεφανωθῆναι
1970 2770 2117 2831 ἔστι,
2168 2768 2361 2836 κηρύτ-

415 3012 434 3052 1
460 3011 567 3066 τῆδε
588 3007 639 3051 Μ
724 3003 860 3063 τήνδε
879 3005 986 3050 mihi
1006 3010 1267 3062 suspectum
1364 3008 1388 3049 3
1409 3005 1489 3050 καὶ
1511 3016 1596 3047 om.
1620 3002 1661 3047 U
1751 3001 1955 3048 τέκτονα
1978 3000 2075 3045 scil.
2094 2999 2362 3045 Phereclum

272 3079 486 3123 Teutonis
514 3077 547 3122 f.
585 3078 639 3122 n.
667 3077 710 3121 V
741 3080 795 3121 59
805 3090 871 3133 sq.
1023 3080 1052 3120 4
1090 3072 1320 3122 ἔπλευσεν
1347 3074 1536 3128 Reiske,
1573 3070 1873 3119 εἰσέπλευσεν
1911 3070 2036 3126 libri;
2074 3068 2363 3117 ἐπέπλευσεν

275 3149 425 3193 Gasda
538 3151 564 3191 6
592 3146 753 3200 ἐείσας
781 3147 830 3191 Μ
946 3150 971 3190 8
1001 3143 1080 3192 ἐπὶ
1108 3145 1284 3202 scripsi,
1313 3142 1368 3191 ἐν
1395 3145 1499 3188 libri
1629 3145 1655 3187 9
1685 3139 1755 3201 εἴη
1784 3155 1867 3199 pro
1897 3137 1927 3199 ἢ
1957 3140 2001 3188 εἰ
2028 3141 2082 3197 Β,
2111 3140 2158 3186 in
2188 3140 2229 3185 U
2259 3136 2290 3199 ἢ
2320 3140 2364 3187 εἰ

272 3231 301 3262 a
330 3221 580 3263 correctore
724 3214 780 3264 οὐ
808 3215 905 3276 γὰρ
933 3229 1017 3274 pro
1045 3212 1075 3275 ἢ
1103 3218 1209 3272 post
1237 3218 1350 3269 ναῦς
1378 3215 1432 3271 Β,
1460 3213 1577 3260 idem
1607 3213 1780 3258 videtur
1806 3212 1856 3257 in
1884 3211 1926 3257 U
1959 3212 2100 3257 fuisse
2241 3215 2362 3271 βρα-

3 3279 9 3308 ἥ
272 3292 374 3344 δίας
401 3289 451 3333 Μ
569 3293 615 3332 11
648 3287 901 3347 κυνηγέτην
931 3288 1030 3333 scil.
1061 3286 1400 3331 Scamandrium
1430 3284 1633 3343 Strophii
1661 3284 1693 3329 f.
1714 3284 1769 3328 11.
1790 3283 1830 3330 V
1850 3287 1963 3327 49-
1967 3285 2020 3327 58
2140 3286 2192 3327 14
2218 3297 2364 3341 φησιν

270 3365 314 3421 (η
343 3374 372 3406 a
400 3363 535 3414 corr.)
564 3359 603 3404 U
718 3355 893 3405 τούτου
922 3359 960 3403 Β
1079 3360 1131 3402 16
1162 3349 1303 3411 οὗτος
1332 3356 1382 3399 Μ
1472 3360 1522 3401 18
1550 3357 1632 3402 καὶ
1665 3347 1786 3414 όπερ
1817 3345 1902 3401 οὖν
1930 3353 1981 3398 Μ
2096 3360 2228 3399 ποιεῖ
2252 3353 2290 3397 Ρ

273 3436 326 3477 20
356 3428 479 3478 κατὰ
510 3448 595 3489 την
624 3425 839 3488 ιατρικὴν
865 3428 1117 3473 inducenda
1203 3432 1253 3472 21
1284 3425 1454 3487 ἄγεται
1484 3426 1623 3480 ΒΜΡ,
1652 3426 1701 3471 in
1730 3425 1771 3470 U
1801 3421 1866 3490 o'c'o·
1893 3438 1923 3470 a
1950 3437 2067 3470 corr.
2166 3426 2220 3467 23
2251 3419 2363 3476 τοὺς

272 3498 610 3563 ἀριθμητικοὺς
639 3501 674 3545 Ρ
809 3503 863 3544 24
892 3500 1246 3559 κυβερνητικῶν
1275 3498 1354 3543 UB
1499 3500 1553 3541 25
1584 3489 1781 3555 σφάξειν
1809 3496 1853 3541 H
1882 3491 2056 3554 σφαζιν
2085 3494 2134 3538 Μ
2165 3489 2363 3551 σφάζειν

271 3574 315 3619 U
342 3587 400 3618 m.
433 3587 498 3630 pr.
532 3572 621 3625 BP,
652 3584 768 3616 corr.
798 3570 934 3616 Dind.
1050 3573 1219 3616 διελεῖν
1246 3568 1364 3623 libri,
1394 3581 1508 3613 corr.
1529 3568 1663 3613 Dind.
1752 3561 1818 3620 ὡς
1847 3565 1957 3613 δέον
1976 3565 2012 3610 Ρ
2131 3569 2184 3609 26
2216 3568 2360 3611 τοῦτο

273 3640 330 3690 τὸ
362 3641 505 3704 ἔργον
534 3643 612 3687 ΗΡ
748 3640 1069 3700 πεποιημένον
1097 3640 1133 3684 P
1276 3643 1328 3684 27
1359 3637 1584 3696 ἐπιθυμεῖ
1607 3638 1770 3684 UBPH
1798 3635 2024 3694 ἐπεθύμει
2055 3635 2104 3680 Μ
2219 3635 2361 3680 Nero-

274 3727 375 3759 nem
404 3715 512 3759 dicit
624 3717 679 3758 28
709 3709 1008 3770 θαυμάζηται
1037 3711 1088 3756 Μ
