2684 4140
353 245 456 293 312
1178 237 1501 285 APPENDIX
1529 239 1612 284 111.

494 388 804 451 Γενόμενος
844 382 902 434 δὲ
928 384 1070 434 κατὰ
1097 385 1229 444 τούς
1249 385 1502 452 χρόνους,
1534 385 1629 446 οὓς
1650 376 2036 447 Ἀπολλώνιός
2062 404 2121 437 τε
2150 388 2181 437 ὁ
2211 390 2455 451 Τυανεύς

349 472 444 522 καὶ
481 470 783 540 Εὐφράτης
822 470 854 518 ὁ
896 469 1102 537 Τύριος
1128 465 1537 539 ἐφιλοσόφουν,
1579 470 1932 539 ἀμφοτέροις
1958 469 2299 541 ἐπιτηδείως
2325 472 2454 538 εἶχε,

351 555 540 605 καίτοι
579 551 1017 624 διαφερομένοις
1064 554 1210 622 πρὸς
1248 550 1524 624 ἀλλήλους
1572 551 1679 617 ἔξω
1720 561 1822 605 τοῦ
1860 553 2214 627 φιλοσοφίας
2254 559 2454 627 ἤθους.

350 640 449 709 τὴν
490 636 548 688 δὲ
588 640 647 699 ἐς
683 639 752 688 τὰ
778 638 981 688 Γετικά
1009 638 1150 708 ἔθνη
1181 635 1436 706 πάροδον
1475 645 1579 690 τοῦ
1602 637 1805 709 ἀνδρὸς
1847 642 2024 711 φυγήν
2049 643 2152 708 μὲν
2181 643 2276 693 οὐκ
2314 640 2454 706 ἀξιῶ

288 735 311 776 5
350 719 670 789 ὀνομάζειν,
721 724 850 774 ἐπεὶ
896 725 969 794 μὴ
1025 725 1394 794 προσετάχθη
1448 723 1599 792 αὐτῷ
1651 729 1875 795 φυγεῖν,
1930 724 2056 777 οὐδὲ
2109 725 2454 798 ἀποδημίαν,

351 805 548 879 ἐπειδὴ
599 813 703 859 τοῦ
751 814 1003 878 φανεροῦ
1046 805 1274 877 ἐξέστη,
1323 806 1582 861 κλέπτων
1631 812 1829 862 ἑαυτὸν
1884 809 2205 881 ὀφθαλμῶν
2257 830 2317 863 τε
2364 815 2458 864 καὶ

351 894 509 944 ὤτων
555 893 650 944 καὶ
697 890 839 944 ἄλλα
888 895 946 944 ἐν
995 890 1134 963 ἄλλῃ
1183 900 1253 964 γῇ
1303 896 1571 964 πράττων
1622 893 1737 947 δέει
1785 902 1896 948 τῶν
1945 897 2086 948 κατὰ
2136 899 2260 968 τὴνν
2288 895 2457 948 πόλιν

351 976 721 1048 τυραννίδων,
773 972 878 1050 ὑφ’
923 977 999 1030 ὧν
1040 976 1316 1050 ἠλαύνετο
1360 977 1684 1052 φιλοσοφία
1725 987 1898 1032 πᾶσα.
1976 983 2230 1052 φυτεύων
2270 979 2328 1032 δὲ
2366 983 2460 1032 καὶ

354 1066 621 1116 σκάπτων
655 1066 752 1116 καὶ
788 1062 1083 1116 ἐπαντλῶν
1121 1062 1448 1132 βαλανείοις
1484 1083 1545 1117 τε
1583 1067 1678 1117 καὶ
1712 1067 1949 1137 κήποις,
1987 1068 2081 1117 καὶ
2119 1063 2304 1116 πολλὰ
2343 1083 2459 1117 τοι-

266 1159 317 1201 10
355 1156 494 1204 αῦτα
532 1151 674 1219 ὑπὲρ
715 1157 933 1221 τροφῆς
971 1147 1356 1221 ἐργαζόμενος,
1398 1149 1525 1204 οὐδὲ
1565 1158 1670 1203 τοῦ
1696 1148 2036 1215 σπουδάζειν
2077 1149 2289 1222 ήμέλει,
2328 1145 2453 1202 ἀλλ’

354 1236 471 1285 ἀπὸ
513 1231 669 1286 δυοῖν
707 1234 956 1304 βιβλίοιν
983 1239 1183 1288 ἑαυτὸν
1212 1235 1449 1303 ξυνεῖχε·
1488 1239 1650 1289 ταυτὶ
1685 1235 1744 1289 δὲ
1782 1235 1848 1308 ἥν
1887 1241 1917 1290 ὅ
1943 1256 2003 1289 τε
2034 1235 2267 1289 Φαίδων
2307 1239 2337 1288 ὁ
2362 1244 2465 1288 τοῦ

357 1318 670 1383 Πλάτωνος
719 1323 814 1374 καὶ
848 1323 1264 1392 Δημοσθένους
1302 1325 1334 1373 ὁ
1368 1323 1510 1374 κατὰ
1561 1330 1660 1394 τῆς
1698 1325 2023 1393 πρεσβείας.
2099 1319 2361 1390 θαμίζων
2402 1321 2460 1374 δὲ

358 1408 418 1471 ἐς
455 1407 524 1458 τὰ
567 1405 944 1476 στρατόπεδα,
984 1410 1042 1460 ἐν
1084 1408 1289 1478 οἷσπερ
1330 1410 1533 1460 εἰώθει
1568 1410 1898 1479 τρύχεσθαι,
1935 1410 2030 1461 καὶ
2066 1411 2197 1471 τούς
2240 1423 2462 1479 στρατι-

361 1494 511 1554 ώτας
539 1494 685 1562 ὁρῶν
721 1494 780 1556 ἐς
805 1495 1049 1562 νεώτερα
1077 1495 1370 1564 ὁρμῶντας
1397 1496 1496 1546 ἐπὶ
1521 1493 1860 1562 Δομετιανῷ
1887 1496 2327 1566 ἀπεσφαγμένῳ,
2368 1494 2464 1545 οὐκ

272 1588 319 1630 15
361 1578 653 1648 ἐφείσατο,
691 1576 929 1642 ἀταξίαν
969 1577 1108 1630 ἰδὼν
1144 1581 1491 1649 ἐκραγεῖσαν,
1531 1578 1673 1630 ἀλλὰ
1711 1582 1918 1648 γυμνὸς
1955 1578 2327 1650 ἀναπηδήσας
2365 1581 2465 1631 ἐπὶ

359 1663 552 1730 βωμὸν
589 1661 813 1733 ὑψηλὸν
852 1661 1061 1734 ἤρξατο
1100 1671 1202 1715 τοῦ
1241 1662 1406 1733 λόγου
1448 1663 1584 1716 ὧδε·

507 1747 710 1818 Αὐτὰρ
751 1750 781 1799 ὁ
818 1750 1088 1819 γυμνώθη
1130 1751 1346 1819 ῥακέων
1385 1747 1705 1820 πολύμητις
1738 1743 2065 1813 Ὀδυσσεύς·

358 1835 453 1885 καὶ
477 1835 658 1886 εἰπὼν
684 1841 879 1899 ταῦτα,
909 1836 1004 1886 καὶ
1031 1832 1291 1905 δηλώσας
1319 1837 1517 1887 ἑαυτὸν
1543 1838 1632 1887 ὅτι
1650 1837 1724 1906 μή
1754 1838 1983 1902 πτωχὸς
2006 1834 2147 1906 μηδὲ
2179 1837 2241 1887 ὃν
2269 1829 2467 1906 ᾤοντο,

359 1920 517 1971 Δίων
562 1917 621 1971 δὲ
649 1919 734 1991 εἴη
777 1922 808 1970 ὁ
843 1923 1041 1991 σοφός,
1078 1922 1178 1971 ἐπὶ
1211 1922 1314 1987 μὲν
1352 1922 1451 1991 τήν
1489 1921 1828 1990 κατηγορίαν
1870 1927 1973 1972 τοῦ
1994 1923 2263 1991 τυράννου
2292 1919 2472 1984 πολὺς

279 2013 328 2055 20
366 2006 620 2069 ἔπνευσε,
647 2007 779 2068 τούς
819 2003 878 2059 δὲ
910 2008 1262 2076 στρατιώτας
1293 2003 1548 2071 ἐδίδαξεν
1585 2006 1796 2072 ἀμείνω
1838 2010 2066 2076 φρονεῖν
2103 2007 2173 2056 τὰ
2202 2004 2469 2058 δοκοῦντα

360 2083 659 2158 Ῥωμαίοις
686 2094 1059 2161 πράττοντας.
1110 2094 1204 2146 καὶ
1230 2093 1333 2162 γὰρ
1360 2096 1392 2163 ή
1422 2092 1618 2143 πειθὼ
1645 2097 1748 2142 τοῦ
1771 2089 1975 2160 ἀνδρὸς
2002 2092 2095 2142 οἶα
2120 2089 2472 2155 καταθέλξαι

365 2178 460 2229 καὶ
485 2179 616 2240 τούς
641 2179 714 2247 μή
756 2178 827 2227 τοὶ
846 2171 1115 2249 Ἑλλήνων
1144 2179 1528 2248 ἀκριβοῦντας.
1587 2179 1870 2245 Τραιανός
1895 2183 2025 2245 γοῦν
2053 2178 2084 2226 ὁ
2110 2177 2470 2245 αὐτοκράτωρ

369 2263 722 2328 ἀναθέμενος
762 2264 929 2314 αὐτὸν
976 2265 1076 2315 ἐπὶ
1113 2271 1211 2335 τῆς
1243 2254 1454 2333 Ῥώμης
1493 2264 1551 2326 ἐς
1601 2264 1701 2333 τὴν
1735 2269 1946 2333 χρυσῆν
1986 2259 2223 2328 ἅμαξαν,
2263 2254 2363 2332 ἐφ’
2406 2262 2471 2332 ἧς

377 2349 433 2398 οἱ
457 2345 714 2414 βασιλεῖς
752 2349 854 2411 τὰς
891 2350 951 2400 ἐκ
976 2355 1087 2400 τῶν
1116 2347 1382 2416 πολέμων
1410 2348 1654 2415 πομπὰς
1683 2349 2098 2413 πομπεύουσιν,
2128 2345 2279 2415 ἔλεγε
2306 2348 2471 2413 θαμὰ

282 2442 333 2483 25
371 2420 858 2503 ἐπιστρεφόμενος
907 2435 966 2495 ἐς
1013 2436 1110 2485 τὸν
1148 2436 1375 2498 Δίωνα,
1420 2435 1492 2485 Τί
1527 2435 1627 2500 μὲν
1669 2430 1847 2501 λέγεις
1887 2433 1983 2483 οὐκ
2023 2430 2180 2483 οἶδα·
2221 2430 2370 2503 φιλῶ
2413 2430 2475 2484 δέ

373 2531 435 2569 σε
474 2519 550 2580 ὡς
588 2519 844 2583 ἐμαυτόν.
912 2521 1403 2589 σοφιστικώταται
1443 2516 1501 2570 δὲ
1541 2525 1645 2569 τοῦ
1666 2519 1891 2580 Δίωνος
1931 2519 1992 2568 αἱ
2029 2523 2139 2568 τῶν
2182 2515 2359 2585 λόγων
2399 2518 2475 2568 εἰ»

370 2605 544 2667 κόνες,
584 2605 642 2655 ἐν
683 2603 774 2666 αἷς
813 2605 863 2655 εἰ
898 2605 994 2655 καὶ
1019 2601 1215 2668 πολύς,
1256 2601 1397 2654 ἀλλὰ
1436 2605 1530 2655 καὶ
1557 2605 1791 2674 ἐναργής
1814 2604 1909 2654 καὶ
1934 2607 2056 2664 τοῖς
2081 2604 2476 2668 ὑποκειμένοις

373 2692 586 2757 ὅμοιος.

514 2773 877 2839 μΡΙήΙοεῒιᾙΑηιε
915 2773 1021 2828 Vit.
1060 2772 1241 2843 Apoll.
1281 2773 1344 2839 V,
1373 2775 1468 2841 27,
1506 2789 1558 2841 p.
1596 2774 1726 2826 209:
1770 2774 1991 2834 Δίωνες
2037 2774 2131 2824 καὶ
2180 2773 2478 2842 Εὐφρᾶται

289 2870 337 2911 30
374 2857 684 2927 gaudebant
703 2858 1038 2927 Vespasiano
1066 2859 1347 2927 imperium
1375 2863 1706 2926 capessente.
1777 2855 1978 2926 (Schol.
2006 2855 2243 2911 Arethae
2267 2872 2320 2924 p.
2352 2857 2477 2910 189:

386 2947 498 2996 Τόν
535 2946 843 3015 Προυσαέα
884 2942 1031 3012 λέγει
1069 2946 1267 2996 Δίωνα
1304 2946 1402 2995 τὸν
1440 2946 1854 3012 Χρυσόστομον
1891 2944 1986 2994 καὶ
2022 2944 2118 2993 τὸν
2158 2943 2478 3013 Εὐφράτην,

378 3028 587 3100 ἄνδρας
616 3027 974 3100 φιλοσόφους
999 3034 1117 3097 μέν,
1141 3032 1411 3101 ἀειφυγίᾳ
1434 3028 1492 3081 δὲ
1515 3031 1628 3081 ὑπὸ
1651 3031 1918 3098 Νέρωνος
1937 3025 2480 3092 καταδικασθέντας,

378 3117 468 3166 ὅτι
506 3116 673 3166 αὐτὸν
710 3112 944 3186 ἤλεγξαν
983 3113 1230 3186 δημοσίᾳ
1270 3116 1367 3166 οὐκ
1406 3116 1610 3176 αἰσίως
1647 3111 2045 3181 βασιλεύοντα,
2088 3114 2280 3183 ὥσπερ
2319 3115 2414 3163 καὶ
2453 3114 2483 3163 ὁ

379 3202 527 3251 κύων
565 3201 894 3271 Δημήτριος
931 3202 990 3252 ἐν
1028 3199 1108 3269 τῷ
1147 3203 1260 3252 ὑπὸ
1287 3204 1558 3271 Νέρωνος
1595 3202 1796 3251 τούτου
1827 3197 2100 3269 λουτρῶνι
2138 3199 2483 3266 ἐκτισμένῳ.)

294 3295 344 3335 35
523 3285 609 3351 37,
645 3300 700 3352 p.
728 3286 856 3339 222:
904 3288 999 3338 καὶ
1035 3289 1132 3339 τὸν
1169 3288 1366 3339 Δίωνα
1419 3287 1514 3338 οὐκ
1551 3284 1751 3356 ἐπῄνει
1787 3287 1890 3351 μὲν
1926 3283 2061 3348 (seil.
2100 3282 2483 3351 Vespasianus)

388 3368 765 3440 ξυναράμενον
808 3370 958 3439 αὐτῷ
984 3371 1318 3441 (Apollonio)
1357 3380 1456 3444 τῆς
1492 3374 1732 3441 γνώμης,
1773 3371 1836 3421 οὐ
1873 3372 1982 3442 μὴν
2020 3370 2312 3420 ἐπαύσατο
2352 3369 2485 3435 ἀγα-

386 3461 540 3506 πῶν·
578 3455 842 3524 ἐπίχαρίς
877 3474 936 3507 τε
973 3458 1077 3526 γὰρ
1116 3458 1218 3519 τὰς
1270 3455 1547 3522 διαλέξεις
1585 3454 1769 3508 ἐδόκει
1804 3457 1898 3507 καὶ
1935 3455 2036 3516 τὰς
2073 3451 2267 3523 ἔριδας
2304 3468 2485 3522 παρῃ-

386 3543 568 3603 τεῖτο,
621 3540 769 3608 ὥραν
817 3557 877 3591 τε
926 3542 1203 3611 ἐπέφαινε
1241 3538 1376 3605 ’τοῖς
1426 3540 1615 3611 λόγοις
1665 3542 1757 3593 οἵα
1807 3547 1910 3591 τοῦ
1957 3540 2103 3609 πρὸς
2140 3541 2261 3599 τοῖς
2313 3538 2488 3606 ἱεροῖς

389 3626 572 3692 ἀτμοῦ
606 3625 826 3688 ἐκπνεῖ,
877 3633 1097 3695 προσῆν
1148 3624 1206 3678 δὲ
1259 3626 1408 3696 αὐτῷ
1445 3630 1540 3680 καὶ
1576 3629 1639 3678 τὸ
1681 3619 2111 3691 ἀποσχεδιάζειν
2151 3623 2354 3689 ἄριστα
2395 3623 2487 3672 ἀν-

303 3718 352 3760 40
390 3711 667 3780 θρώπων.
