2684 4140
1025 274 1248 321 ORATIO
1277 274 1443 320 XLIII.
2212 274 2277 323 63

13 443 108 481 88ss
130 443 180 482 11)
205 423 423 474 ἐκεῖθεν
461 429 575 485 πᾶς
600 425 700 488 μὲν
727 424 757 472 0‘
793 420 1138 493 παραπλέων
1174 395 1510 488 ἐμβάλλεται
1545 425 1801 491 κέραμον,
1842 419 2022 483 οὐδεὶς
2061 419 2119 472 δὲ
2159 423 2277 492 ὑγιῆ

206 505 514 574 διακομίζει
552 505 778 578 ῥᾳδίως,
819 505 958 558 ἀλλὰ
997 503 1110 575 (οἱ)
1151 504 1354 558 πολλοὶ
1394 507 1610 576 σαθρὸν
1638 507 2033 576 ποιήσαντεςῆ
2066 508 2280 576 συντρί-

205 600 417 660 ψαντες
457 594 698 662 ὄστρακα
737 593 953 658 ἔχοντες
993 591 1370 644 λανθάνουσιν
1411 593 1625 653 αὐτούς.

1076 830 1411 838 -ῃ

530 1085 650 1150 (26)
689 1080 1209 1146 ΠΟΛΙΤΙΚΟΣ
1245 1080 1372 1146 ΕΝ
1410 1081 1578 1146 ΤΗΙ
1615 1079 2006 1145 ΠΑΤΡΙΔΙ.

359 1309 565 1378 Λυδῷ,
626 1311 797 1380 φασί,
855 1311 1157 1378 πράγματα
1216 1309 1311 1358 οὐκ
1366 1305 1459 1380 ἦν,
1521 1310 1551 1358 0‘
1608 1306 1666 1359 δὲ
1714 1306 1963 1371 ἐξελθών
2026 1310 2281 1378 ἐπρίατο.
2326 1311 2348 1359 1

148 1408 172 1449 5
212 1397 403 1446 οὐκοῦν
441 1397 470 1445 0‘
506 1396 606 1460 μὲν
654 1391 851 1455 Λυδὸς
900 1391 1130 1454 δικαίως
1166 1395 1469 1460 πράγματα
1508 1392 1650 1458 εἶχεν
1690 1393 1856 1454 αὐτὸς
1905 1395 2286 1465 ἐπιθυμήσας,

206 1482 310 1547 ἐγὼ
364 1478 422 1530 δὲ
474 1480 569 1529 οὐκ
618 1479 921 1544 ἐπιθυμῶν
969 1480 1270 1547 πράγματα
1321 1479 1426 1543 ἔχω
1480 1471 1558 1529 δι’
1603 1476 1762 1529 οὐδὲν
1813 1481 2000 1548 ἕτερον
2043 1480 2155 1529 ὑπὸ
2196 1480 2287 1530 ἀν-

200 1565 456 1632 θρώπων
505 1562 792 1614 ἀδυνάτων
839 1565 932 1614 καὶ
971 1564 1271 1633 φθονερῶν
1318 1565 1349 1633 ἢ
1400 1566 1487 1614 ὅτι
1537 1561 1679 1614 δοκῶ
1734 1567 1980 1632 στέργειν
2018 1565 2157 1629 ὑμᾶς
2195 1564 2289 1614 καὶ

200 1650 268 1699 τὰ
305 1651 406 1715 μὲν
444 1649 508 1699 εὖ
542 1650 828 1718 πεποίηκα
867 1650 965 1719 τὴν
1004 1646 1268 1718 πατρίδα,
1309 1653 1434 1710 ταῖς
1473 1650 1729 1718 πρώταις
1768 1647 1893 1718 ἴσην
1933 1649 2102 1719 αὐτὴν
2142 1650 2287 1698 ἀπο-

202 1731 388 1797 δείξας
425 1741 589 1804 τιμῆς
627 1737 798 1797 ἕνεκα,
838 1736 900 1783 τὸ
931 1731 988 1783 δὲ
1016 1735 1241 1803 ποιήσω
1279 1735 1426 1784 θεοῦ
1462 1732 1731 1794 διδόντος.
1794 1735 1888 1783 καὶ
1911 1740 2076 1783 τοῦτο
2116 1732 2280 1783 εἷπον
2319 1733 2351 1782 2

125 1829 171 1870 10
209 1820 304 1869 οὐκ
342 1815 810 1884 ἀλαζονευόμενος
847 1816 1045 1882 ἄλλως,
1086 1819 1265 1880 (αὐτοὶ
1299 1819 1402 1888 γὰρ
1443 1818 1563 1870 ἴστε
1591 1816 1958 1869 οὐδεπώποτε
1983 1820 2124 1887 ὑπὲρ
2164 1819 2288 1867 τού-

210 1921 319 1955 των
356 1904 681 1973 μνησθέντα
718 1921 788 1968 με
825 1905 882 1954 ἐν
921 1905 1216 1965 τοσούτοις
1261 1902 1473 1971 λόγοις,
1515 1905 1609 1965 οὓς
1648 1902 1838 1973 εἴρηκα
1877 1904 1935 1953 ἐν
1972 1903 2121 1968 ὑμῖν)
2160 1894 2284 1952 ἀλλ’

0 2012 1 2035 ἢ
37 2002 119 2043 (505
135 2001 186 2040 Μ)
213 1990 557 2053 ἀμυνόμενος
593 1989 724 2048 τοὺς
762 1989 888 2052 ἐμοὶ
912 1990 1005 2039 καὶ
1029 1990 1157 2054 ὑμῖν
1183 1990 1606 2056 βασκαίνοντας,
1647 1990 1753 2052 ἵνα,
1793 1989 1888 2039 ἐὰν
1914 1990 2014 2053 μὲν
2058 1986 2289 2038 δυνατὸν

208 2058 260 2142 ᾗ,
302 2071 695 2142 διαρραγῶσιν,
736 2072 767 2122 ὃ
805 2080 873 2141 τῇ
911 2071 1078 2124 πόλει
1115 2077 1271 2143 πάσῃ
1300 2072 1591 2140 βέλτιστόν
1619 2075 1798 2124 ἐστιν·
1839 2075 1889 2124 εἰ
1930 2071 1987 2123 δὲ
2025 2075 2116 2142 μή,
2158 2065 2282 2122 ἀλλ’

210 2158 303 2208 οὖν
354 2156 726 2226 ὀδυνηθῶσιν.
814 2159 901 2207 ὅτι
952 2155 1010 2208 δὲ
1057 2154 1175 2225 <οἱ>
1223 2159 1382 2209 αὐτοὶ
1430 2160 1574 2227 πρὸς
1611 2160 1707 2224 ἐμὲ
1748 2156 1935 2227 ἀηδῶς
1973 2150 2163 2222 ἔχουσι
2199 2159 2292 2208 καὶ

127 2251 173 2292 15
210 2245 355 2312 πρὸς
393 2244 491 2313 τὴν
540 2239 708 2292 πόλιν
748 2242 906 2293 αὐτοὶ
941 2245 1218 2312 μάρτυρές
1255 2246 1410 2307 ἐστε,
1459 2244 1556 2294 ἐὰν
1595 2241 1800 2313 θέλητε
1836 2243 2165 2313 μεμνῆσθαι
2199 2243 2293 2292 καὶ

207 2334 316 2378 τῶν
368 2324 683 2398 φιλούντων
730 2327 870 2391 ὑμᾶς
918 2328 1012 2378 καὶ
1059 2333 1169 2378 τῶν
1217 2330 1550 2393 μισούντων.
1643 2329 1830 2378 καίτοι
1878 2329 2292 2395 ἐπιεικέστερον

0 2420 111 2478 {39ss
136 2422 186 2465 Π)
210 2414 336 2478 ἐμοὶ
367 2417 613 2481 χρῶνται
650 2411 681 2480 ἢ
720 2411 865 2476 ὑμῖν.
941 2413 1081 2477 ἐμοῦ
1114 2414 1214 2478 μὲν
1252 2413 1355 2481 γὰρ
1404 2409 1612 2463 ἐνθάδε
1660 2418 2089 2482 κατηγοροῦσιν,
2139 2413 2292 2476 ὑμῶν

211 2494 269 2547 δὲ
308 2498 403 2547 ἐπὶ
443 2502 546 2546 τοῦ
574 2496 838 2565 βήματος.
903 2496 999 2547 ἐὰν
1028 2497 1122 2548 οὖν
1143 2488 1493 2567 Ἑλληνικοῖς,
1536 2499 1726 2566 ὥσπερ
1755 2496 1957 2561 εἴωθα,
2002 2498 2294 2567 φαίνωμαι

209 2579 630 2651 παραδείγμασι
650 2582 950 2649 χρώμενος,
989 2585 1062 2653 μὴ
1090 2580 1518 2652 καταγελάσητε.
1586 2584 1647 2632 ού
1687 2583 1789 2652 γὰρ
1815 2588 2150 2652 καταφρονῶ
2191 2588 2289 2651 τῆς
2328 2579 2359 2630 3

129 2673 175 2713 20
213 2663 504 2734 πατρίδος,
545 2662 670 2715 οὐδὲ
699 2662 1005 2726 ἀδυνάτους
1030 2666 1173 2730 ὑμᾶς
1199 2661 1406 2730 νομίζω
1446 2666 1647 2726 αὐτούς
1676 2668 1923 2715 συνιέναι
1947 2664 2015 2714 τὰ
2042 2670 2292 2735 τοιαῦτα,

212 2748 337 2801 οὐδὲ
378 2748 720 2801 ἀπαίδευτον
747 2746 953 2815 νομίζω
984 2751 1110 2801 οὔτε
1136 2752 1232 2801 τὸν
1262 2748 1435 2820 δῆμον
1476 2750 1601 2800 οὔτε
1639 2751 1737 2820 τὴν
1764 2747 1983 2819 βουλήν.
2045 2747 2292 2814 μάλιστα

207 2837 307 2901 μὲν
350 2835 443 2886 οὖν
482 2837 625 2901 ὑμᾶς
662 2832 939 2901 βούλομαι
979 2836 1042 2885 τὸ
1080 2831 1228 2903 ἦθος
1259 2827 1568 2903 Ἑλληνικὸν
1618 2834 1762 2898 ἔχειν
1798 2835 1891 2883 καὶ
1927 2835 2066 2902 μήτε
2103 2834 2293 2900 ἀχαρί-

214 2935 377 2981 στους
402 2922 540 2990 μήτε
567 2917 862 2983 ἀξυνέτους
899 2915 1129 2986 <εἶναι>·
1170 2920 1221 2969 εἰ
1262 2916 1319 2969 δὲ
1347 2920 1439 2987 μή,
1482 2916 1657 2985 λόγων
1688 2934 1747 2984 γε
1774 2919 2044 2967 τοιούτων
2073 2917 2292 2966 ἀκούειν

213 3007 274 3055 οὐ
308 3008 495 3074 χεῖρόν
535 3007 718 3069 ἐστιν,
767 3003 828 3068 ἐξ
866 3004 942 3055 ὧν
978 3021 1078 3071 μοι
1117 3001 1328 3054 δοκεῖτε
1377 3005 1470 3054 καὶ
1506 3006 1627 3063 τοῖς
1674 3003 1878 3071 ἤθεσιν
1927 3003 2188 3066 ἀμείνους
2226 3002 2292 3051 ἂν

130 3095 176 3136 25
213 3090 497 3156 γενέσθαι.
560 3090 616 3139 τί
654 3087 716 3160 δὴ
760 3089 854 3139 οὖν
891 3091 953 3138 τὸ
994 3085 1385 3156 παράδειγμα;
1422 3084 1487 3153 ἦν
1525 3103 1612 3146 τις
1638 3087 1949 3154 ἄνθρωπος
1987 3088 2044 3136 έν
2076 3085 2292 3155 Θήβαις
2329 3088 2363 3136 4

206 3171 655 3239 Ἐπαμεινώνδας
694 3172 1012 3242 λεγόμενος·
1054 3171 1216 3233 οὗτος
1253 3169 1439 3242 ἐφίλει
1477 3173 1575 3241 τὴν
1602 3168 1850 3239 πατρίδα
1878 3167 2294 3235 πάντωνμάλι-

216 3268 346 3306 στα·
384 3263 592 3326 καιρῶν
632 3255 690 3308 δὲ
729 3255 1166 3323 ἐπιλαβόμενος,
1207 3256 1322 3307 οἶοι
1359 3259 1484 3307 τότε
1522 3253 1693 3325 ἦσαν,
1734 3252 1917 3305 πολλοὶ
1954 3257 2046 3306 καὶ
2082 3252 2294 3322 μεγάλα

358 3453 374 3492 1
409 3445 666 3508 ἐμβάλεται
697 3449 735 3493 Β
824 3452 848 3492 2
882 3447 927 3495 οἳ
957 3448 1059 3494 add.
1091 3449 1222 3505 Emp.
1333 3453 1356 3492 3
1389 3444 1561 3503 αὐτοὺς
1590 3449 1628 3493 Τ
1744 3454 1770 3494 4
1799 3448 2001 3508 ἕπριᾶτο
2032 3448 2207 3495 UBMT

215 3525 238 3564 5
271 3523 466 3579 πρᾶγμα
495 3520 546 3564 Μ
661 3523 687 3564 6
719 3515 842 3578 ἔχων
872 3519 919 3562 Μ
1007 3524 1033 3563 9
1063 3516 1119 3565 τὸ
1153 3519 1201 3566 δὲ
1229 3520 1417 3573 UBMT,
1449 3516 1507 3567 τὰ
1540 3519 1589 3567 δὲ
1617 3520 1822 3577 impressi
1938 3523 1987 3563 13
2022 3516 2138 3566 πάσι
2167 3520 2209 3564 U

214 3585 321 3637 ἀλλ’
355 3583 438 3637 οὖν
467 3590 614 3648 Emp.,
646 3593 830 3647 μᾶλλον
857 3590 962 3635 libri
1054 3594 1105 3634 14
1137 3588 1183 3636 οὶ
1211 3590 1313 3635 add.
1348 3590 1542 3636 Casaub.
1632 3588 1795 3644 αὐτοῖς
1824 3591 1873 3635 Μ
1961 3586 2114 3644 ἕξουσι
2146 3588 2225 3633 UT

216 3667 266 3706 15
299 3658 359 3710 ἄν
388 3662 582 3721 θέληται
612 3662 661 3705 Μ
752 3665 801 3706 18
834 3663 1066 3720 φαίνομαι
1096 3661 1136 3706 U
1254 3664 1306 3705 23
1338 3658 1457 3708 εἶναι
1487 3662 1588 3708 add.
1622 3661 1789 3707 Reiske
1894 3657 2052 3719 λόγων
2081 3676 2132 3706 τε
2164 3660 2214 3703 Μ

215 3735 267 3776 26
299 3729 629 3790 ἐπαμινώνδας
660 3731 781 3778 UBT
898 3736 948 3776 27
983 3727 1156 3790 καιρὸν
1185 3731 1266 3777 BU
1294 3744 1349 3775 m.
1380 3746 1447 3789 pr.
