2684 4140
1066 336 1296 385 ORATIO
1325 339 1492 386 XXIV.
2226 342 2329 391 277

238 487 583 553 στρατηγεῖν,
627 485 682 534 οἱ
721 481 778 534 δὲ
818 484 951 553 περὶ
990 485 1261 551 ἀγωνίαν,
1303 486 1359 535 οἱ
1397 483 1456 536 δὲ
1495 486 1628 555 περὶ
1664 488 1953 558 μουσικήν,
1995 485 2159 539 ἄλλοι
2196 490 2330 558 περὶ

237 568 534 635 γεωργίαν,
585 565 748 618 ἄλλοι
798 565 1083 619 δύνασθαι
1122 566 1313 635 λέγειν.
1388 571 1581 639 ἥντινα
1638 567 1696 621 δὲ
1741 573 1935 642 χρείαν
1981 565 2177 634 αὐτοῖς
2215 573 2331 638 ἔχει

246 653 460 702 τούτων
498 654 730 705 ἕκαστον
765 653 798 721 ἢ
837 653 896 702 τί
931 654 994 703 τὸ
1035 650 1241 722 ὄφελος
1288 650 1350 716 ἐξ
1397 644 1572 704 αὐτοῦ
1614 649 1851 722 γίγνοιτ’
1894 658 1961 708 ἂν
2002 651 2098 709 οὐκ
2137 656 2328 708 ἴσασιν

0 737 8 801 5}
70 733 375 790 (asomovide
436 731 708 804 ζητοῦσιν.
810 743 1105 806 τοιγαροῦν
1169 739 1369 799 ἱππεῖς
1417 740 1519 804 μὲν
1570 740 1784 807 ἀγαθοὶ
1829 742 2113 809 γίγνονται
2158 746 2323 805 τινές,
2362 745 2394 795 2

6 816 7 826 ’
171 829 196 870 5
235 820 293 868 οἳ
328 820 395 869 ἂν
430 816 824 888 φιλοπονῶσιν
854 821 987 871 αὐτὸ
1013 823 1106 872 καὶ
1131 820 1484 888 ἐκμελετῶσι,
1522 826 1616 875 καὶ
1641 823 1926 876 παλαῖσαι
1952 825 2116 878 ἄλλοι
2142 824 2326 877 ἄλλων

228 903 557 973 ἱκανώτεροι
594 905 689 955 καὶ
727 912 1036 957 πυκτεῦσαι
1070 909 1164 958 καὶ
1192 905 1424 977 δραμεῖν
1455 909 1549 960 καὶ
1573 907 1748 960 τᾶλλα
1777 911 2195 978 ἀγωνίσασθαι,
2232 912 2328 962 καὶ

225 993 330 1038 τοῦ
367 990 583 1058 σπόρου
621 991 693 1060 μὴ
740 987 1085 1061 διαμαρτεῖν,
1123 994 1217 1044 καὶ
1255 990 1526 1055 πλέοντες
1562 995 1635 1063 μὴ
1668 992 2014 1064 διαφθεῖραι
2052 998 2150 1067 τὴν
2177 1003 2328 1061 ναῦν,

223 1074 318 1123 καὶ
354 1074 423 1123 τοὶ
460 1075 601 1124 κατὰ
641 1077 913 1145 μουσικήν
957 1094 1105 1138 τινες
1153 1078 1494 1129 ἐπίστανται
1544 1076 1767 1144 βέλτιον
1819 1083 2053 1149 ἑτέρων·
2106 1082 2327 1148 ἀγαθὸν

227 1154 286 1208 δὲ
326 1155 502 1227 ἄνδρα
539 1160 634 1210 καὶ
673 1162 966 1230 φρόνιμον,
1005 1163 1099 1212 καὶ
1138 1162 1272 1212 αὐτὸ
1311 1168 1475 1212 τοῦτο
1517 1160 1708 1213 εἰδότα
1748 1166 1905 1225 ὅστις
1942 1166 2094 1216 ἐστὶν
2134 1167 2165 1215 ό
2195 1183 2328 1235 χρη-

149 1249 197 1292 10
235 1243 366 1303 στὸς
414 1243 551 1313 ἀνὴρ
600 1245 696 1294 καὶ
742 1250 870 1295 νοῦν
919 1245 1085 1309 ἔχων,
1137 1239 1337 1296 οὐδένα
1386 1248 1600 1297 τούτων
1650 1248 1805 1298 ἔστιν
1855 1249 2050 1317 εὑρεῖν.
2128 1251 2324 1300 αὐτίκα
2365 1252 2395 1302 3

227 1329 362 1397 περὶ
397 1329 461 1377 τὸ
503 1325 679 1395 λέγειν
722 1324 970 1398 [πάντες]
1020 1328 1411 1381 ἐσπουδάκασι
1459 1328 1666 1382 πολλοὶ
1713 1338 1824 1382 τῶν
1873 1330 2189 1401 ἐλευθέρων
2238 1335 2332 1384 καὶ

231 1409 547 1483 φιλοτίμων
587 1411 731 1464 εἶναι
785 1412 1125 1479 δοκούντων,
1180 1417 1235 1465 οἱ
1281 1417 1382 1481 μὲν
1425 1417 1569 1467 ὥστε
1607 1418 1664 1467 ἐν
1706 1414 2093 1486 δικαστηρίοις
2132 1419 2331 1485 ἀγωνί-

231 1493 437 1560 ζεσθαι
472 1499 566 1549 καὶ
604 1501 750 1568 πρὸς
789 1496 964 1570 δῆμον
1005 1498 1273 1568 λέγοντες,
1315 1498 1409 1552 διὰ
1451 1499 1510 1551 δὲ
1549 1506 1714 1552 τοῦτο
1756 1502 1967 1567 ἰσχύειν
2007 1499 2182 1553 πλέον
2221 1507 2332 1553 τῶν

231 1580 415 1634 ἄλλων
451 1585 546 1634 καὶ
583 1586 853 1654 πράττειν
892 1587 998 1649 &sn
1036 1587 1103 1636 ἂν
1143 1579 1304 1637 αὐτοὶ
1340 1584 1609 1650 θέλωσιν,
1652 1588 1707 1636 οἱ
1747 1584 1805 1637 δὲ
1844 1593 1943 1656 τῆς
1972 1584 2138 1656 δόξης
2176 1589 2332 1638 ἕνεκα

153 1674 201 1718 15
237 1674 336 1738 τῆς
374 1669 489 1719 ἀπὸ
530 1675 632 1719 τοῦ
667 1671 1015 1739 πράγματος,
1056 1673 1214 1732 ὅπως
1242 1669 1418 1722 δεινοὶ
1455 1668 1810 1737 νομίζωνται.
1875 1673 2024 1732 τινὲς
2063 1669 2121 1722 δὲ
2163 1664 2334 1742 αὐτῆς

24 1762 383 1823 (5193Πὶφασι
419 1760 519 1823 τῆς
557 1756 858 1824 ἐμπειρίας
896 1756 1222 1822 ἐπιθυμεῖν,
1260 1758 1355 1807 καὶ
1391 1759 1606 1807 τούτων
1647 1758 1703 1807 οἱ
1738 1759 1839 1823 μὲν
1869 1754 2136 1824 λέγοντες,
2178 1758 2234 1806 οἱ
2273 1753 2332 1806 δὲ

236 1841 649 1909 συγγράφοντες
695 1843 897 1906 μόνον,
960 1842 1055 1902 οὓς
1102 1842 1210 1911 ἔφη
1262 1860 1351 1903 τις
1401 1847 1512 1892 τῶν
1561 1844 1839 1911 πρότερον
1888 1842 2138 1910 μεθόρια
2187 1839 2335 1892 εἶναι

0 839 1 846 1

0 854 8 872 ΙΙ

0 874 8 929 i,

235 1928 347 1973 τῶν
388 1920 726 1994 φιλοσόφων
763 1926 858 1976 καὶ
894 1931 1005 1976 τῶν
1044 1923 1382 1978 πολιτικῶν·
1422 1929 1531 1991 ὅ,τι
1571 1924 1629 1977 δὲ
1673 1931 1948 1997 συμφέρει
1986 1929 2336 1996 πράττουσιν

234 2008 267 2077 ἢ
308 2009 454 2077 πρὸς
490 2010 596 2073 ό,τι
632 2012 664 2079 ἠ
718 2007 852 2072 δόξα
903 2011 1097 2072 αὐτοῖς
1136 2010 1425 2082 ὠφέλιμος
1477 2013 1509 2082 ἢ
1561 2012 1618 2061 τί
1655 2019 1753 2082 τῆς
1791 2013 2092 2079 ἐμπειρίας
2129 2013 2337 2080 ταύτης

156 2101 205 2142 2ο
242 2091 449 2162 ὄφελος
489 2086 550 2144 οὗ
591 2101 913 2147 σκοποῦσιν.
978 2098 1083 2163 ἐγὼ
1114 2094 1176 2147 δέ
1214 2115 1361 2167 φημι
1398 2099 1586 2148 πάντα
1624 2094 1800 2146 τᾶλλα
1841 2094 1966 2161 δίχα
2005 2103 2103 2166 τῆς
2140 2097 2330 2146 τοιαύ-
2370 2099 2403 2148 4

236 2194 335 2247 της
372 2177 700 2244 ἐπιμελείας
735 2182 829 2231 καὶ
867 2177 1147 2251 ζητήσεως
1186 2180 1375 2250 ὀλίγου
1415 2180 1546 2245 ἄξια
1587 2178 1763 2246 εἷναι,
1813 2180 1892 2248 τιζ
1934 2179 1993 2232 δὲ
2033 2183 2210 2231 ἐκεῖνο
2250 2181 2334 2230 ἐν-

237 2264 504 2332 νοήσαντι
539 2266 633 2315 καὶ
672 2262 910 2330 ξυνέντι,
962 2268 1140 2335 τούτῳ
1180 2269 1274 2318 καὶ
1309 2269 1372 2318 τὸ
1415 2264 1591 2334 λέγειν
1640 2268 1733 2317 καὶ
1771 2268 1834 2316 τὸ
1878 2269 2206 2334 στρατηγεῖν
2243 2266 2338 2314 καὶ

238 2349 343 2411 ὅ,τι
391 2349 458 2400 ἂν
510 2347 646 2400 ἄλλο
699 2358 843 2421 ποιῇ
896 2349 1178 2422 ξυμφέρον
1216 2370 1276 2404 τε
1317 2351 1465 2404 εἶναι
1501 2354 1595 2403 καὶ
1632 2345 1730 2402 ἐπ’
1776 2349 1982 2418 ἀγαθῷ
2018 2350 2335 2417 γίγνεσθαι.

236 2434 364 2485 ἐπεὶ
388 2437 454 2484 τό
478 2450 538 2502 γε
564 2437 939 2488 ἐπαινεῖσθαι
962 2431 1103 2488 καθ’
1134 2439 1299 2489 ἑαυτὸ
1320 2439 1432 2488 ὑπὸ
1456 2438 1783 2506 ἀνθρώπων
1812 2437 2080 2505 ἀνοήτων,
2110 2433 2335 2503 οἷοίπερ

158 2525 207 2568 25
244 2520 386 2570 εἰσὶν
427 2522 482 2570 οἱ
519 2518 741 2585 πολλοί,
780 2523 811 2592 ἢ
852 2525 915 2573 τὸ
957 2520 1243 2575 δύνασθαι
1279 2525 1337 2575 ἐν
1375 2528 1497 2585 τοῖς
1534 2525 1818 2582 τοιούτοις
1850 2522 1882 2591 ἢ
1923 2522 1986 2570 τὸ
2026 2517 2206 2590 ἡδέως
2245 2515 2339 2589 ζῆν

243 2598 402 2657 οὐδὲν
430 2607 496 2657 ἂν
526 2604 792 2677 διαφέροι
818 2610 964 2678 πρὸς
990 2602 1352 2676 εὐδαιμονίαν
1380 2617 1483 2660 τοῦ
1505 2609 1796 2677 ψέγεσθαι
1820 2608 1915 2658 καὶ
1933 2603 2106 2676 μηδὲν
2129 2606 2339 2671 ἰσχύειν

239 2695 333 2745 καὶ
370 2695 664 2755 ἐπιπόνως
703 2689 811 2764 ζῆν.

387 2878 414 2918 4
431 2871 578 2934 ‘lanne
597 2874 647 2917 Μ
737 2879 761 2918 5
784 2877 1085 2934 φιλοπονῶσι
1104 2877 1185 2922 καὶ
1206 2877 1308 2930 (om.
1333 2870 1470 2929 αὐτὸ)
1489 2873 1570 2919 UB
1591 2874 1922 2933 φιλοπονῶσιν
1952 2864 2088 2916 αὐτοὶ
2118 2871 2220 2923 (om.
2242 2870 2342 2921 καὶ)

241 2944 306 2999 Μ,
339 2958 454 2991 corr.
476 2945 610 3003 Emp.
731 2949 755 2991 8
786 2942 847 2994 τὰ
868 2960 954 2992 om.
971 2947 1013 2992 U
1107 2951 1157 2990 11
1191 2946 1368 2999 πάντες
1397 2944 1574 2999 seclusi,
1604 2939 1800 2995 πάντως
1820 2939 2000 2985 Geelius
2115 2940 2197 2984 καὶ
2226 2941 2340 2983 πολ-

242 3019 318 3063 λοὶ
338 3016 422 3062 UB
514 3021 567 3061 12
589 3015 853 3075 εὐδοκιμεῖν
871 3031 955 3075 pro
977 3013 1299 3077 ἀγωνίζεσθαι
1318 3015 1506 3072 requirit
1524 3012 1737 3059 Reiskius
1838 3013 1889 3054 15
1911 3010 2192 3066 νομίζονται
2212 3008 2255 3053 U

247 3091 300 3131 16
331 3090 444 3146 φησὶ
472 3087 553 3133 UB
713 3093 765 3132 17
797 3085 886 3147 ἔφη
926 3105 997 3142 τις
1025 3091 1123 3134 τῶν
1152 3085 1417 3148 πρότερονε
1458 3085 1552 3130 scil.
1584 3081 1804 3128 Prodicus
1841 3079 1964 3136 apud
1992 3079 2108 3124 Plat.
2138 3077 2338 3135 Euthyd.

245 3171 291 3214 p.
325 3162 450 3201 3050
482 3152 566 3211 οὓς
607 3154 696 3217 ἔφη
726 3155 968 3218 Πρόδικος
1005 3158 1215 3217 μεθόρια
1253 3153 1527 3214 φιλοσόφου
1555 3170 1608 3201 τε
1648 3147 1824 3211 ἀνδρὸς
1859 3152 1942 3197 καὶ
1979 3151 2227 3196 πολιτικοῦ

247 3230 298 3271 21
336 3221 527 3286 ὀλίγους
554 3227 606 3270 Μ
781 3232 835 3273 23
867 3229 1106 3288 ξυμφέρον
1135 3244 1189 3274 τε
1217 3228 1367 3272 Anon.
1399 3239 1472 3283 ap.
1506 3224 1762 3278 Reiskium,
1794 3222 2094 3281 ξυμφέροντα
2123 3219 2228 3264 libri

247 3301 304 3342 24
332 3300 414 3344 καὶ
443 3289 561 3344 καθ’
593 3298 654 3354 Βς
694 3311 776 3355 pro
806 3292 924 3346 καθ’
957 3294 1098 3345 ἑαυτὸ
1130 3298 1282 3343 malim
1310 3300 1391 3344 καὶ
1421 3298 1598 3350 ταῦτα;
1637 3306 1742 3339 nam
1771 3294 2010 3338 stultorum
2048 3291 2148 3336 laus
2179 3294 2223 3334 et
2250 3289 2345 3334 vita

248 3368 471 3426 voluptati
501 3367 653 3413 dedita
681 3381 774 3413 non
803 3367 936 3413 modo
966 3381 1059 3414 non
1088 3380 1170 3426 per
1200 3379 1274 3421 se,
1315 3368 1396 3412 sed
1425 3379 1481 3411 ne
1511 3365 1611 3411 aliis
1640 3363 1818 3422 quidem
1856 3363 1991 3408 rebus
2021 3360 2343 3407 accedentibus

248 3440 409 3485 beatos
438 3439 591 3485 facere
622 3437 798 3497 Cynicis
827 3438 1003 3484 videtur
1120 3430 1228 3485 ὅσοι
1258 3437 1349 3496 πέρ
1379 3435 1618 3485 εἰσινἩΜ
