2684 4140
402 266 469 316 38
1016 259 1222 306 DIONIS
1251 260 1335 305 AD
1365 257 1867 304 NICOMEDIENSES

313 413 374 464 31
400 407 702 478 ἀληθείαις
738 406 860 456 ἐστὶ
895 410 1157 465 τοιαῦτα,
1206 403 1351 452 οὕτω
1401 404 1496 455 καὶ
1544 400 1605 466 ἐξ
1642 403 1882 474 ἀνάγκης
1921 401 2269 473 ὀνομάζεται.
2364 424 2487 459 πει-

394 493 575 561 ρᾶσθε
613 491 800 540 τοίνυν
839 490 1150 557 πρωτεύειν
1188 493 1299 538 τῶν
1338 486 1561 539 πόλεων
1611 490 1674 539 τὸ
1725 490 1825 554 μὲν
1866 495 2093 558 πρῶτον
2131 493 2189 541 ἐκ
2227 498 2325 562 τῆς
2364 494 2488 544 ἐπι-

392 573 620 641 μελείας
657 580 755 643 τῆς
794 574 926 642 περὶ
965 573 1164 634 αὐτάς’
1205 579 1370 623 τοῦτο
1408 575 1509 640 μὲν
1547 570 1725 642 <γάρ>,
1765 575 1915 626 καθὸ
1954 573 2306 645 μητρόπολίς
2344 579 2488 640 ἐστε,

394 656 679 727 ἐξαίρετόν
719 659 873 708 ἐστιν
912 658 1072 725 ἔργον
1109 659 1404 728 ὑμέτερον·
1444 658 1567 710 εἶτα
1606 658 1684 727 τῷ
1714 664 1980 730 παρέχειν
2009 662 2211 723 αὐτούς
2239 659 2490 725 δικαίους

395 744 581 793 ἅπασι
616 743 710 793 καὶ
744 743 1008 811 μετρίους
1043 744 1138 794 καὶ
1173 745 1246 813 μή
1290 740 1643 795 πλεονεκτεῖν
1681 746 1739 795 ἐν
1774 743 1972 814 μηδενὶ
1996 743 2137 815 μηδὲ
2164 742 2488 813 βιάζεσθαι.
2528 758 2553 798 5

390 833 565 879 ταῦτα
614 827 717 896 γὰρ
757 824 819 890 ἐξ
855 827 1094 898 ἀνάγκης
1144 829 1461 893 ἀπεχθείας
1509 833 1660 880 κινεῖ
1686 831 1780 880 καὶ
1819 827 2127 901 διαφοράς,
2181 833 2351 901 φύσει
2386 835 2487 898 μὲν
2511 844 2665 884 (1453]

393 919 504 964 τῶν
542 910 855 964 ἐλαττόνων
894 915 1040 981 πρὸς
1078 915 1211 976 τούς
1246 910 1512 980 μείζονας
1560 916 1838 976 ὑπόπτως
1878 913 2266 981 διακειμένων,
2317 919 2394 979 ὡς
2431 915 2492 981 ἐξ

394 1000 647 1060 ἅπαντος
687 995 1162 1050 πλεονεκτεῖσθαι
1198 997 1543 1065 μελλόντων,
1594 1002 1727 1051 ὅταν
1768 998 1827 1051 δὲ
1865 1002 1959 1051 καὶ
1995 1001 2134 1070 ἔργῳ
2175 1007 2341 1052 τοῦτο
2380 1003 2493 1069 γίγ-

308 1084 376 1138 32
398 1101 577 1154 νηται,
618 1081 967 1153 δικαιότερον
1006 1091 1105 1155 τῆς
1143 1085 1462 1150 ἀπεχθείας
1500 1082 1974 1155 παροξυνομένης.
2040 1082 2226 1148 ἔξεστι
2266 1084 2324 1137 δὲ
2363 1089 2493 1153 ὑμῖν

394 1170 697 1237 εὐεργετεῖν
735 1170 837 1231 τὰς
875 1167 1074 1232 πόλεις
1119 1172 1213 1222 καὶ
1251 1168 1425 1222 πλέον
1472 1172 1566 1223 καὶ
1613 1167 1804 1237 μεῖζον
1841 1172 1872 1241 ἢ
1913 1172 2176 1235 ἐκείνοις,
2226 1173 2289 1222 τὸ
2327 1168 2488 1238 <μὲν>
2527 1181 2572 1223 10

395 1261 623 1325 πρῶτον
659 1257 753 1307 καὶ
788 1253 1036 1321 μάλιστα
1078 1254 1172 1307 διὰ
1212 1259 1310 1328 τήν
1350 1254 1671 1321 θάλατταν,
1721 1254 1783 1320 ἐξ
1830 1258 1896 1328 ῆς
1946 1258 2215 1308 ἁπάντων
2264 1259 2364 1322 μὲν
2402 1259 2495 1308 καὶ
2580 1323 2585 1328 ¹

396 1347 508 1392 τῶν
546 1347 640 1393 νῦν
676 1337 1099 1407 κομιζομένων*
1138 1340 1253 1404 (δεῖ
1283 1340 1342 1393 δὲ
1384 1340 1630 1412 δημοσίᾳ
1653 1339 1997 1413 χαρίζεσθαι
2035 1345 2134 1413 τήν
2174 1340 2359 1406 πόλιν,
2401 1343 2497 1392 οὐκ

398 1424 518 1495 ἰδίᾳ
555 1427 731 1489 τινάς)
769 1428 838 1478 τὰ
879 1425 937 1479 δὲ
975 1429 1070 1479 καὶ
1108 1425 1540 1490 διακλέπτοντες
1581 1430 1757 1492 αὐτοί,
1782 1430 1866 1493 Δτοὶ
1896 1422 1952 1480 δ’
1998 1430 2322 1495 αἰτούμενοι
2350 1433 2490 1497 παρ>
2522 1438 2656 1481 (1463

399 1514 633 1564 ἕκαστα·
681 1514 776 1563 καὶ
814 1510 1127 1580 ἀντιλέγετε
1164 1515 1266 1579 μὲν
1307 1511 1583 1565 οὐδέποτε
1621 1519 1743 1576 τοῖς
1783 1516 2084 1584 αἰτήσασιν
2122 1516 2308 1579 ὑμεῖς,
2361 1514 2494 1563 αὐτὸ

398 1595 457 1648 δὲ
497 1599 649 1663 ὅμως
689 1601 957 1667 φορτικόν
996 1600 1120 1649 ἐστι
1157 1600 1220 1649 τὸ
1261 1600 1359 1669 τήν
1398 1606 1496 1669 τῆς
1535 1601 1813 1669 αἰτήσεως
1851 1600 2090 1669 ἀνάγκην
2118 1600 2278 1664 ἔχειν.
2344 1600 2393 1649 εἰ
2434 1596 2491 1649 δὲ
2532 1608 2577 1650 15
2670 1614 2672 1617 ’

398 1684 492 1733 καὶ
529 1684 742 1733 τούτων
781 1683 1049 1733 ἁπάντων
1087 1681 1539 1749 μεταλαμβάνειν
1577 1686 1918 1752 ἐπιτρέψετε
1967 1689 2089 1746 τοῖς
2139 1683 2340 1753 δήμοις
2375 1688 2497 1743 τοῖς

401 1761 540 1819 καθ’
585 1770 822 1838 ἑκάστην
861 1771 1072 1838 ἡμέραν
1101 1770 1458 1834 αἰτουμένοις
1483 1771 1546 1820 τὸ
1577 1771 1722 1838 πρὸς
1747 1771 1845 1840 τήν
1868 1771 2062 1839 χρείαν
2089 1771 2333 1836 ἐπεῖγον,
2375 1774 2500 1828 πῶς

403 1855 499 1905 οὐκ
536 1855 685 1915 εἰκός
722 1856 847 1904 ἐστι
882 1849 1108 1919 μείζους
1145 1855 1290 1920 ὑμᾶς
1329 1855 1574 1906 ἔσεσθαι
1620 1846 1761 1924 παρ’
1807 1855 2026 1918 αὐτοῖς,
2078 1856 2500 1924 εὐεργετοῦντας

402 1941 634 2001 αὐτούς,·
679 1940 773 1990 καὶ
810 1941 925 2005 ἅμα
962 1941 1057 1991 καὶ
1092 1937 1338 2010 μεγάλην
1378 1942 1648 2011 ποιήσετε
1689 1942 1786 2011 τήν
1827 1942 2096 2006 ὁμόνοιαν
2136 1938 2230 1991 διὰ
2270 1940 2499 1989 πάντων

316 2024 383 2077 33
405 2022 788 2095 ἐλευσομένην.
993 2026 1282 2095 πειρᾶσθε
1322 2024 1380 2077 δὲ
1419 2027 1513 2077 καὶ
1550 2030 1671 2088 τοῖς
1709 2028 1977 2096 ἡγεμόσιν
2026 2023 2168 2077 αἰδῶ
2219 2028 2502 2094 παρέχειν,
2541 2031 2679 2077 zoa-11

403 2112 492 2162 ἀεὶ
528 2117 693 2162 τοῦτο
736 2112 980 2181 φανερὸν
1019 2112 1400 2173 καθιστάντες
1449 2114 1538 2162 ὅτι
1584 2114 1656 2182 μή
1701 2112 1920 2181 ἀπόχρη
1973 2113 2103 2178 ὑμῖν
2143 2108 2326 2172 καλῶς
2366 2107 2506 2160 διοι-

401 2197 637 2247 κεῖσθαι
661 2199 875 2262 μόνοις,
916 2193 1057 2246 ἀλλὰ
1086 2198 1302 2258 παντὸς
1328 2194 1703 2262 ἐπιμελεῖσθε
1741 2202 1844 2246 τοῦ
1879 2202 1990 2246 τῶν
2017 2196 2286 2247 Βιθυνῶν
2313 2197 2504 2261 γένους

401 2283 494 2333 καὶ
533 2279 693 2332 οὐδὲν
731 2281 898 2352 ἦττον
939 2279 1324 2351 δυσχεραίνετε
1363 2286 1485 2343 τοῖς
1534 2283 1617 2343 εἰς
1667 2283 1799 2342 τούς
1848 2278 2053 2343 ἄλλους
2087 2278 2431 2349 ’ἀδικήμασιν
2472 2279 2502 2347 ἢ

401 2371 523 2429 τοῖς
561 2369 643 2429 εἰς
683 2369 911 2429 αύτούς·
962 2369 1063 2418 κάν
1112 2385 1261 2429 τινες
1309 2369 1711 2437 καταφύγωσιν
1749 2359 1848 2436 ἐφ’
1891 2368 2035 2432 ὑμᾶς
2076 2363 2335 2431 δεόμενοι
2374 2365 2505 2432 βοη-

401 2453 586 2517 θείας,
627 2454 947 2522 προθύμως
984 2455 1281 2518 ἐπαρκεῖτε
1317 2453 1412 2504 καὶ
1450 2454 1676 2518 ὁμοίως.
1743 2458 1917 2502 ταῦτα
1956 2453 2020 2502 τὸ
2051 2454 2331 2520 πρωτεῖον
2368 2451 2497 2515 ὑμῖν
2536 2460 2587 2503 25

404 2537 738 2608 παραδώσει
774 2540 837 2589 τὸ
879 2536 1172 2609 ἀληθινόν,
1215 2539 1311 2603 οὐχ
1347 2542 1379 2608 ή
1421 2539 1555 2606 περὶ
1591 2543 1702 2588 τῶν
1743 2539 2042 2603 ὀνομάτων
2085 2538 2231 2606 πρὸς
2269 2537 2504 2595 Νικαεῖς

319 2624 387 2678 34
407 2627 570 2695 μάχη.
655 2622 961 2694 βουλοίμην
1003 2616 1054 2675 δ’
1100 2625 1167 2675 ἀν
1217 2625 1311 2675 καὶ
1348 2625 1592 2684 ἐκείνους
1641 2624 1709 2674 τά
1751 2623 1890 2674 αὐτὰ
1931 2626 2148 2686 ποιεῖν,
2198 2622 2292 2672 καὶ
2339 2621 2505 2689 ποιή-

408 2724 603 2762 σουσιν
653 2711 750 2761 ἐὰν
798 2707 1208 2780 καταλλαγῆτε,
1255 2711 1349 2761 καὶ
1397 2706 1602 2775 μείζων
1651 2713 1682 2779 ή
1727 2707 1963 2775 δύναμις
2010 2711 2164 2774 ὑμῶν
2212 2708 2506 2776 γενήσεται

409 2797 764 2848 συντεθεῖσα.
857 2798 951 2847 καὶ
1005 2796 1108 2865 γὰρ
1166 2802 1300 2847 τῶν·
1336 2793 1559 2846 πόλεων
1618 2797 1761 2861 ὁμοῦ
1811 2797 2102 2862 γενόμενοι
2159 2798 2359 2843 πασῶν
2411 2793 2506 2857 ἄρ-

408 2880 553 2947 ξετε,
615 2884 709 2934 καὶ
765 2886 887 2943 τοῖς
944 2884 1183 2952 ήγεμόσι
1226 2882 1521 2951 γενήσεται
1572 2878 1785 2931 πλείων
1835 2877 2114 2949 διατροπὴ
2168 2878 2313 2946 πρὸς
2362 2878 2500 2941 ὑμᾶς
2536 2884 2587 2925 30

551 3111 572 3150 1
607 3109 867 3166 πειρᾶσθαι
896 3104 946 3149 Μ
977 3108 1215 3163 πειρᾶσθε
1242 3107 1284 3158 (e
1313 3117 1342 3150 a
1369 3106 1504 3155 corr.)
1527 3101 1567 3147 U
1657 3106 1681 3147 3
1713 3097 1806 3162 γὰρ
1837 3101 1936 3145 add.
1960 3100 2094 3157 Emp.
2182 3097 2293 3145 ἐστε
2323 3098 2506 3153 Reiske,

406 3175 537 3223 ἐστιν
563 3177 669 3221 libri
782 3181 809 3220 4
840 3171 1014 3230 αὐτοὺς
1043 3176 1133 3220 ΜΤ
1253 3180 1275 3219 ἰ’
1309 3170 1374 3229 ὡς
1404 3188 1490 3220 om.
1522 3173 1560 3217 T
1679 3176 1703 3217 8
1734 3174 1919 3232 γίνηται
1952 3171 2054 3215 libri
2201 3174 2252 3214 10
2282 3170 2371 3226 μὲν
2398 3169 2509 3214 add.

409 3248 541 3304 Emp.
659 3251 707 3291 11
743 3244 845 3305 ἑξῆς
875 3246 981 3292 Wil.
1094 3250 1143 3291 12
1177 3250 1276 3293 τῶν
1305 3246 1391 3292 del.
1423 3246 1529 3290 Wil.
1648 3244 1859 3288 lacunam
1889 3240 2143 3298 Pflugkium
2174 3243 2220 3285 et
2248 3239 2507 3297 Emperium

409 3322 593 3362 secutus
615 3317 679 3361 sic
698 3317 986 3374 expleverim:
1018 3317 1352 3375 κομιζομένων
1370 3315 1666 3375 (μετέχουσι,
1697 3310 1756 3362 τὰ
1788 3314 1876 3370 μὲν
1897 3309 1970 3359 διὰ
1992 3311 2177 3370 φίλων)
2206 3315 2278 3358 δεῖ
2304 3312 2353 3358 δὲ
2362 3334 2377 3368 ,·
2407 3317 2509 3368 post

409 3385 543 3442 τινάς
561 3388 771 3432 lacunam
791 3387 951 3432 statuit
965 3387 1073 3432 Wil.
1157 3393 1208 3433 15
1232 3382 1488 3448 ἀναγωγὴν
1508 3387 1552 3431 Μ
1630 3389 1864 3442 exspecto:
1888 3383 1932 3431 εἰ
1950 3383 1999 3431 δὲ
2018 3380 2252 3438 καθάπαξ
2267 3379 2453 3430 τούτων

415 3464 465 3504 16
495 3457 779 3517 ἐπιτρέψητε
809 3458 928 3512 libri,
958 3471 1074 3504 corr.
1105 3459 1239 3515 Emp.
1411 3462 1493 3518 τῆς
1521 3471 1608 3515 pro
1639 3464 1743 3511 τοῖς
1773 3456 1821 3500 Μ
1976 3457 2028 3500 18
2057 3452 2187 3501 ἐστιν
2219 3450 2318 3500 ἔστι
2347 3453 2395 3496 Μ

415 3533 466 3575 19
497 3526 746 3588 ποιήσεται
777 3529 824 3573 Μ
912 3533 965 3573 22
994 3527 1322 3586 ἐπιμελεῖσθαι
1350 3530 1470 3585 libri,
1502 3543 1618 3574 corr.
1650 3527 1863 3573 Reiskius
1951 3529 2005 3570 23
2040 3523 2341 3584 δυσχερένετε
2372 3524 2420 3568 Μ

411 3604 469 3645 24
501 3595 673 3654 αὐτοὺς
701 3600 790 3645 ΜΤ
905 3596 998 3647 κᾶν
1027 3601 1204 3658 scripsi,
1237 3597 1298 3648 ὀὲν
1327 3601 1443 3656 libri,
1474 3603 1555 3647 καὶ
1586 3596 1647 3647 ἄν
1667 3597 1881 3644 Reiskius
2024 3596 2259 3655 βοηθείας
2288 3592 2506 3652 δεόμενοι

408 3673 518 3725 (hoc
538 3671 648 3725 ord.)
670 3670 707 3715 T
826 3673 878 3714 25
910 3670 966 3717 τὸ
991 3678 1232 3731 πρωτεῖον
1262 3697 1317 3704 -—-
1348 3675 1402 3716 26
1432 3674 1542 3728 περὶ
1571 3673 1670 3718 τῶν
1701 3682 1787 3714 om.
1820 3667 1869 3710 M
2051 3669 2104 3710 28
2134 3668 2508 3726 καταλλαγείητε

410 3742 530 3797 libri,
563 3755 679 3787 corr.
711 3741 844 3798 Emp.
970 3744 1024 3786 29
1056 3745 1331 3788 συντιθεῖσα
1363 3741 1413 3785 Μ
