2684 4140
414 261 481 309 18
1308 246 1596 294 ANONYMI

346 408 376 455 5
417 404 478 453 Οὐ
516 402 619 468 γὰρ
656 396 721 467 ἦν
760 400 982 462 ὅμοιον·
1033 395 1064 443 ὁ
1109 394 1210 458 μὲν
1247 388 1566 451 καταλύσας
1614 391 1712 460 τὴν
1765 388 2142 461 δημοκρατίαν
2182 393 2502 462 ἐτυράννευε

408 492 518 536 τῶν
539 477 877 550 Ἀθηναίων,
915 473 1269 545 Περίανδρος
1298 473 1356 525 δὲ
1397 475 1553 543 παρὰ
1593 481 1697 525 τοῦ
1719 478 1938 544 πατρὸς
1968 473 2368 543 διαδεξάμενος
2405 480 2503 549 τὴν

406 565 716 634 βασιλείαν,
757 564 818 613 ὃν
847 563 903 612 οἱ
926 563 1028 627 μὲν
1052 554 1311 630 Ἕλληνες
1335 561 1604 628 τύραννον
1631 558 1879 625 ἐκάλουν,
1921 562 1975 611 οἱ
2003 559 2062 612 δὲ
2088 562 2221 613 θεοὶ
2246 560 2499 629 βασιλέα.

405 655 436 723 ἢ
476 653 578 719 γὰρ
620 650 715 713 οὐχ
755 649 932 708 οὕτως
971 648 1001 696 ὁ
1034 647 1287 716 χρησμὸς
1324 645 1468 710 ἔχει,
2528 660 2607 700 (456
2627 658 2681 701 M)

663 730 853 799 ὄλβιος
893 729 1057 792 οὗτος
1096 731 1233 801 ἀνὴρ
1274 730 1336 792 ὃς
1373 731 1508 796 ἐμὸν
1549 727 1721 796 δόμον
1760 732 2133 802 εἰσαφικάνει,
2539 743 2683 786 5003}

662 814 932 885 Κύψελος
963 809 1237 886 Ἠετίδης,
1276 813 1544 883 βασιλεὺς
1580 813 1824 867 κλειτοῖο
1864 818 2175 884 Κορίνθου,

665 903 832 964 αὐτὸς
867 903 962 952 καὶ
1005 898 1224 962 παῖδες.

341 994 371 1044 6
413 989 488 1040 ὧν
539 987 620 1050 εἷς
670 988 838 1050 αὐτὸς
889 988 919 1038 ὁ
956 984 1311 1056 Περίανδρος
1363 987 1393 1036 o‘
1440 984 1520 1054 τῷ
1567 988 1745 1055 πατρὶ
1795 984 2174 1053 ἐκδεξάμενος.
2252 989 2396 1038 οὕτω
2438 986 2501 1059 δὴ

344 1674 372 1722 7

406 1071 791 1144 Περίανδρος,
838 1074 952 1124 ὑπὸ
1001 1074 1102 1138 μὲν
1150 1077 1253 1122 τοῦ
1296 1072 1444 1122 θεοῦ
1488 1068 1780 1138 βασιλεύς,
1830 1072 1943 1122 ὑπὸ
1995 1069 2054 1123 δὲ
2093 1078 2204 1123 τῶν
2237 1066 2502 1142 Ἑλλήνων

407 1160 758 1230 ἀνηγορεύθη
815 1160 1024 1229 σοφός·
1084 1156 1153 1208 ού
1195 1153 1385 1223 μεῖζον
1436 1159 1612 1223 ὄνομα
1663 1155 1845 1219 οὐδεὶς
1894 1159 2133 1209 πώποτε
2169 1155 2502 1227 βασιλεῦςῆ
2547 1167 2592 1208 1ο

408 1248 677 1316 τύραννος
726 1245 1027 1314 ἐκτήσατο’
1077 1234 1202 1293 ἀλλ’
1248 1234 1368 1293 οὐδ’
1416 1235 1703 1308 Ἀντίοχος
1753 1244 1784 1293 ό
1820 1243 1962 1304 θεὸς
2001 1240 2336 1313 ἐπικληθεὶς
2377 1241 2503 1294 οὐδὲ

408 1328 785 1401 Μιθριδάτης
829 1331 859 1380 ὁ
884 1331 1181 1391 Διόνυσος.
1256 1325 1463 1398 ηὔξατο
1498 1320 1552 1379 δ’
1588 1329 1654 1379 ἄν
1684 1330 1778 1379 καὶ
1805 1329 2092 1390 Πιττακὸς
2120 1325 2214 1395 <ὁ>
2250 1325 2504 1398 Μυτιλη-

408 1421 566 1478 ναῖος
606 1418 720 1481 ἅμα
749 1416 923 1485 ἄμφω
948 1411 1262 1485 κεκλῆσθαι
1285 1415 1380 1464 καὶ
1404 1415 1672 1483 τύραννος
1697 1415 1791 1464 καὶ
1819 1416 2000 1484 σοφός
2023 1425 2033 1436 ·
2072 1415 2191 1465 νυνὶ
2230 1411 2288 1464 δὲ
2317 1429 2505 1481 περιε-

403 1505 641 1568 χόμενος
696 1507 795 1551 τοῦ
855 1498 1113 1568 δευτέρου
1181 1501 1458 1566 ὀνόματος
1525 1500 1953 1550 ἀπεσκευάσατο
2021 1501 2119 1570 τήν
2187 1495 2502 1568 τυραννίδα.

410 1584 766 1656 Περίανδρος
807 1588 990 1656 σοφὸς
1027 1587 1127 1651 μὲν
1166 1582 1232 1654 ἦν
1269 1578 1396 1650 μετ’
1442 1582 1661 1651 ὀλίγων,
1700 1587 1968 1654 τύραννος
1997 1582 2055 1635 δὲ
2082 1585 2222 1650 μετὰ
2254 1581 2507 1634 πολλῶν·
2549 1592 2594 1632 15

414 1673 708 1742 ἀμφότερα
750 1668 808 1721 δὲ
846 1672 941 1721 καὶ
977 1672 1246 1739 τύραννος
1271 1671 1364 1720 καὶ
1393 1672 1573 1739 σοφὸς
1598 1672 1785 1734 μόνος.
1851 1670 2006 1739 παρὰ
2034 1675 2231 1720 τοῦτον
2260 1671 2291 1719 ὁ
2314 1667 2506 1720 Σόλων

411 1754 599 1807 ἐλθὼν
648 1757 742 1806 καὶ
793 1756 970 1820 τυχὼν
1019 1761 1130 1805 τῶν
1177 1760 1404 1805 κοινῶν“
1453 1754 1613 1804 κοινοὶ
1662 1755 1764 1823 γάρ
1805 1754 1873 1804 τὰ
1916 1752 2125 1824 φίλων·
2177 1747 2305 1804 ἀλλ’
2356 1757 2508 1820 ὅμως

412 1839 745 1911 ἀνδριάντος
785 1841 880 1891 οὐκ
928 1841 1142 1905 ἔτυχεν,
1195 1840 1257 1889 οὐ
1308 1837 1490 1909 δήπου
1537 1844 1908 1909 καταφρονῶν
1961 1836 2318 1906 ἀνδριάντος,
2367 1837 2507 1888 ἀλλὰ

410 1928 504 1978 καὶ
540 1929 603 1977 τὸ
643 1928 700 1977 ἐν
738 1923 1018 1991 Σαλαμῖνι
1051 1922 1289 1990 χαλκοῦς
1337 1922 1570 1975 ἑστάναι
1616 1927 1757 1991 μέγα
1807 1926 2174 1989 ποιούμενος·
2224 1924 2412 1974 πόθεν
2449 1940 2509 1991 γε

415 2011 477 2083 δὴ
522 2013 642 2077 οὐχὶ
690 2013 748 2063 ἐν
786 2011 1090 2081 Κορίνθῳ,
1140 2012 1198 2061 ἐν
1236 2010 1316 2078 τῷ
1355 2007 1654 2080 περιπάτῳ
1706 2016 1805 2081 τῆς
1837 2002 2126 2073 Ἑλλάδος,-
2176 2010 2271 2081 ἥκε
2323 2007 2381 2060 δὲ
2419 2012 2513 2061 καὶ
2551 2019 2597 2060 20

402 2091 707 2167 (Ηρόδοτος
746 2098 776 2147 ὁ
816 2094 1121 2164 λογοποιὸς
1161 2097 1238 2157 ὡς
1275 2097 1419 2161 ὑμᾶς
1459 2093 1655 2162 λόγους
1696 2098 1883 2165 φέρων
1916 2088 2262 2165 Ἑλληνικούς
2306 2092 2510 2156 ἄλλους

412 2201 471 2234 τε
520 2184 613 2234 καὶ
658 2183 1012 2253 Κορινθίους
1062 2179 1284 2232 οὐδέπω
1333 2178 1593 2248 ψευδεῖς,
1656 2173 1794 2231 ἀνθ’
1853 2179 1930 2231 ὧν
1986 2178 2145 2251 ἠξίου
2205 2181 2362 2250 παρὰ
2411 2187 2510 2250 τῆς

415 2266 636 2329 πόλεως
683 2269 899 2333 μισθὸν
949 2267 1250 2337 ἄρνυσθαι.
1339 2264 1662 2335 διαμαρτὼν
1713 2263 1772 2315 δὲ
1823 2259 1952 2334 [καὶ]
2001 2268 2230 2316 τούτου·
2293 2266 2356 2315 οὐ
2404 2266 2507 2333 γὰρ

414 2351 604 2424 ἠξίουν
645 2355 701 2404 οἱ
736 2355 997 2420 ὑμέτεροι
1034 2354 1307 2421 πρόγονοι
1335 2348 1502 2414 δόξαν
1530 2346 1848 2420 ἀγοράζειν·
1887 2353 2288 2416 μετεσκεύασεν
2327 2351 2507 2400 ἐκεῖνα

417 2441 451 2489 ἃ
489 2437 700 2500 πάντες
737 2436 1120 2503 ἐπιστάμεθα,
1161 2438 1229 2487 τὰ
1270 2439 1402 2506 περὶ
1437 2439 1535 2505 τὴν
1561 2434 1853 2502 Σαλαμῖνα
1878 2438 1972 2487 καὶ
1997 2438 2093 2487 τὸν
2126 2429 2504 2500 Ἀδείμαντον.
2543 2444 2591 2486 25

412 2529 556 2595 ἡμᾶς
595 2522 654 2575 δὲ
695 2522 780 2585 δὶς
807 2521 1269 2593 ἐπιδημήσαντας
1297 2523 1475 2583 οὕτως
1514 2523 1771 2587 ἀσμένως
1809 2519 2064 2572 ἐπείδετε
2093 2523 2235 2572 ὥστε
2262 2515 2509 2586 μάλιστα

415 2612 516 2676 μὲν
565 2610 885 2679 ἐπειρᾶσθε
931 2613 1206 2674 κατέχειν,
1258 2610 1496 2678 ὁρῶντες
1548 2605 1606 2658 δὲ
1657 2604 1931 2658 ἀδύνατον
1981 2608 2067 2670 ὅν,
2117 2601 2257 2656 ἀλλά
2306 2620 2366 2672 γε
2412 2606 2510 2674 τὴν

417 2697 546 2747 εἰκὼ
595 2702 698 2746 τοῦ
746 2697 1007 2760 σώματος
1055 2694 1419 2764 ἐποιήσασθε
1475 2694 1568 2744 καὶ
1613 2695 1818 2762 ταύτην
1871 2697 2139 2763 φέροντες
2198 2691 2511 2760 ἀνεθήκατε

419 2783 500 2843 εἰς
547 2782 616 2831 τὰ
665 2778 887 2847 βιβλία,
938 2781 1021 2841 εἰς
1069 2776 1405 2849 προεδρίαν,
1457 2776 1526 2828 οὗ
1569 2770 1804 2843 μάλιστ’
1848 2779 1915 2828 ἂν
1956 2771 2145 2845 ᾤεσθε
2184 2777 2316 2836 τούς
2353 2778 2511 2835 νέους

420 2863 896 2935 προκαλέσασθαι
933 2871 1044 2915 τῶν
1084 2865 1265 2915 αὐτῶν
1301 2867 1433 2931 ἡμῖν
1472 2857 1935 2932 ἐπιτηδευμάτων
1974 2863 2227 2927 ἔχεσθαι.
2305 2861 2367 2910 οὐ
2404 2860 2507 2928 γὰρ
2546 2870 2593 2910 30
2618 2843 2677 2921 (Ῑῗ

419 2954 495 3013 ὡς
545 2954 639 3003 ἕνα
679 2957 790 3002 τῶν
829 2948 1056 3001 πολλῶν
1093 2951 1186 3001 καὶ
1221 2942 1346 3000 κατ’
1390 2950 1645 2999 ἐνιαυτὸν
1682 2950 2065 3016 καταιρόντων
2105 2948 2186 3008 εἰς
2230 2946 2511 3015 Κεγχρεὰς

2618 2419 2679 2461 (10¹

2656 2461 2677 2497 Ι

564 3162 584 3201 1
621 3155 646 3204 ὃ
676 3157 765 3215 μὲν
793 3155 946 3218 (γὰρ)
976 3157 1174 3202 Gobetus
1289 3155 1539 3216 ἐτυράνευε
1571 3154 1610 3200 U
1723 3158 1750 3199 4
1779 3146 1807 3213 ἦ
1837 3148 1931 3214 γὰρ
1958 3152 2077 3208 libri,
2108 3166 2223 3199 corr.
2255 3154 2389 3212 Emp.

421 3235 445 3274 5
477 3226 818 3289 ἐσκαταβαίνει
845 3229 1102 3274 Herodotus
1132 3229 1188 3283 V,
1221 3232 1274 3273 29
1364 3231 1389 3272 6
1418 3228 1580 3286 μετίδη
1609 3226 1659 3270 Μ
1744 3229 1949 3279 κλειτοῖς
1979 3225 2016 3268 Β
2120 3227 2144 3269 8
2177 3216 2319 3280 οὗτος
2348 3226 2429 3272 UB

420 3296 732 3356 ἐκλεξάμενος
760 3300 809 3343 Μ
889 3304 936 3343 11
964 3294 1071 3346 οὐδὲ
1093 3300 1238 3356 Emp.,
1263 3295 1373 3346 οὕτε
1392 3298 1495 3343 libri
1583 3300 1635 3341 12
1658 3296 1707 3344 δὲ
1726 3299 1807 3343 καὶ
1828 3300 1930 3350 (om.
1953 3292 2029 3350 ἄν)
2050 3295 2090 3340 U
2181 3294 2207 3342 ὁ
2227 3296 2330 3340 add.
2349 3296 2455 3342 Wil.

421 3374 723 3429 μυτιληναῖος
752 3370 801 3412 Μ
830 3374 1132 3428 μιτυληναῖος
1162 3372 1200 3415 Β
1233 3374 1524 3428 μιτυλιναῐος
1544 3368 1583 3414 U
1702 3372 1753 3412 15
1775 3370 1856 3414 καὶ
1876 3368 2164 3428 περίανδρος
2185 3366 2400 3419 UB(corr.
2423 3368 2513 3424 M);

424 3437 480 3496 (ὁ
514 3444 541 3486 δ
550 3435 561 3453 '
595 3433 709 3498 οὖν)
739 3442 1036 3500 Περίανδρος
1066 3441 1173 3486 Wil.
1293 3436 1456 3499 ὀλίγον
1485 3441 1523 3485 Β
1651 3443 1699 3483 17
1724 3433 1944 3485 ἀνελθὼν
1974 3437 2015 3483 U
2143 3440 2192 3481 18
2213 3431 2333 3483 ἀλλὰ
2353 3436 2514 3480 καίτοι

423 3511 570 3566 UBM,
603 3524 718 3556 corr.
751 3511 857 3556 editi
973 3515 1026 3555 23
1057 3515 1138 3558 καὶ
1169 3513 1254 3558 de1.
1285 3512 1497 3556 Reiskius
1615 3514 1670 3554 24
1700 3505 1921 3568 ἡμέτεροι
1953 3508 1993 3553 U
2100 3511 2155 3551 25
2187 3499 2396 3557 ἅπαντες
2423 3517 2513 3548 uno

425 3583 646 3628 vocabulo
676 3582 716 3626 U
835 3586 889 3626 26
919 3579 1130 3629 ἐπείδετε
1160 3582 1386 3637 Reiskius,
1416 3578 1631 3641 ἐπειὸήγε
1660 3581 1766 3626 libri
1882 3574 1947 3632 ὡς
1976 3574 2038 3625 ἄν
2066 3573 2271 3634 μάλιστά
2300 3591 2360 3632 με
2390 3573 2512 3621 ἐπει·

428 3657 581 3714 ρᾶσθε
610 3652 715 3697 libri
745 3651 1047 3713 (ἐπειρᾶσθαι
1077 3653 1156 3706 Μ),
1189 3665 1305 3698 corr.
1336 3653 1468 3709 Emp.
1615 3655 1666 3696 27
1699 3666 1753 3710 γε
1784 3649 1974 3702 Selden„
2002 3651 2083 3694 καὶ
2111 3647 2217 3691 libri
2362 3648 2414 3689 29
2447 3645 2513 3698 εἰς

427 3725 686 3784 προεδρίαν
713 3723 859 3777 UBM,
892 3724 957 3777 εἰς
987 3720 1246 3786 πρόστῳον
1275 3723 1417 3767 Bethe
1534 3726 1583 3767 31
1616 3722 1869 3781 κερχρείας
1896 3720 1935 3762 Β
1964 3718 2194 3778 κεγχρέας
2221 3717 2311 3762 UM
