2684 4140
977 257 1205 304 ORATIO
1235 259 1443 305 LXXIX.
2155 259 2256 310 221

169 419 370 470 ροντας
406 408 516 453 τῶν
556 404 703 453 πάνυ
745 401 991 472 φαύλων,
1031 404 1227 468 ὅμοιον
1264 397 1399 470 <ὡς>
1433 402 1492 453 εἴ
1524 421 1611 466 τις
1647 406 1777 466 τοὺς
1814 406 1935 457 ἐκεῖ
1966 403 2259 471 δεσμώτας

170 483 306 536 ἰδὼν
334 489 640 555 προϊόντας
666 489 725 537 ἐκ
750 495 848 558 τῆς
874 490 1091 557 εἱρκτῆς
1116 483 1327 557 ἐζήλου,
1365 489 1459 539 καὶ
1484 491 1712 540 πάντων
1753 487 2259 556 εὐδαιμονέστατον

170 571 348 639 ἔκρινε
385 572 482 621 τὸν
519 572 714 636 ἔχοντα
752 572 854 632 τὰς
901 568 1125 637 μείζους
1172 570 1366 633 πέδας.
1456 574 1506 623 εἰ
1557 571 1615 624 δὲ
1664 572 1873 645 ἐλέφας
1920 576 2256 641 θαυμαστὸν
2297 579 2330 628 4

167 662 347 724 κτῆμα
372 656 466 706 καὶ
491 657 890 725 περιμάχητον,
913 649 1076 707 Ἰνδοὶ
1103 654 1248 706 πολὺ
1276 659 1505 708 πάντων
1532 656 1873 725 ὀλβιώτατοι
1897 662 1991 711 καὶ
2017 662 2260 730 ἄριστοι,

23 735 135 820 ὃΒὸ
174 733 317 808 παρ’
360 739 447 799 οἷς
484 740 751 807 ἔρριπται
788 740 856 789 τὰ
895 746 1005 791 τῶν
1043 738 1364 810 ἐλεφάντων
1404 743 1546 792 ὀστᾶ
1580 745 1674 794 καὶ
1713 742 1895 806 οὐδεὶς
1940 748 2259 815 πρόσεισιν,

171 824 364 891 ὥσπερ
404 820 614 873 ἐνθάδε
652 823 721 872 τὰ
760 829 871 874 τῶν
908 825 1058 890 βοῶν
1095 842 1155 875 τε
1192 827 1286 876 καὶ
1324 827 1490 877 ὄνων·
1528 829 1622 879 καὶ
1658 827 1950 895 πολλαχοῦ
1986 845 2164 901 φασιν
2202 834 2260 882 ἐν

167 912 289 968 τοῖς
338 908 553 972 τοίχοις
602 906 1105 974 ἐνοικοδομεῖσθαι
1152 911 1220 960 τὰ
1281 913 1480 980 κρανία
1540 918 1650 963 τῶν
1699 910 2021 983 ἐλεφάντων
2072 916 2264 977 αὐτοῖς

169 990 412 1043 ὀδοῦσιν.
488 993 546 1042 τί
583 989 642 1042 δὲ
676 995 777 1062 χρὴ
820 995 954 1062 περὶ
990 992 1221 1045 Κελτῶν
1261 993 1454 1063 λέγειν,
1495 999 1639 1047 ὅπου
1670 1000 1814 1068 φασὶ
1840 1002 2099 1065 ποταμόν
2138 1017 2263 1051 τινα

166 1079 505 1146 καταφέρειν
543 1078 606 1126 τὸ
657 1074 921 1146 ἤλεκτρον
969 1080 1064 1129 καὶ
1113 1077 1259 1129 πολὺ
1310 1088 1603 1145 πανταχοῦ,
1646 1084 1883 1133 κεῖσθαι
1932 1086 2089 1154 παρὰ
2138 1090 2265 1146 ταῖς

91 1167 138 1211 10
175 1161 378 1226 ὄχθαις
415 1160 874 1230 ἐκβεβρασμένον,
915 1163 1107 1231 ὥσπερ
1147 1164 1208 1212 αἱ
1233 1170 1427 1233 ψῆφοι
1453 1159 1594 1234 παρ’
1637 1170 1770 1236 ἡμῖν
1809 1169 1907 1219 ἐπὶ
1944 1175 2054 1220 τῶν
2084 1172 2265 1237 αἰγια-

170 1244 310 1308 λῶν,·
357 1247 452 1298 καὶ
489 1248 768 1316 πρότερον
816 1249 918 1312 μὲν
958 1250 1014 1298 οἱ
1053 1245 1257 1309 παῖδες
1295 1245 1594 1311 παίζοντες
1634 1248 2023 1320 διερρίπτουν·
2074 1261 2167 1305 νῦν
2209 1254 2267 1305 δὲ

166 1332 413 1382 κάκεῖνοι
453 1328 782 1398 συλλέγουσι
827 1333 922 1382 καὶ
972 1330 1351 1402 φυλάττουσιν
1404 1334 1566 1398 αὐτό,
1618 1327 1759 1405 παρ’
1802 1340 1959 1406 ἡμῶν
2007 1340 2268 1408 μεμαθη-

166 1418 325 1477 κότες
362 1416 451 1467 ὅτι
488 1417 630 1468 εἰσὶν
668 1414 1009 1482 εὐδαίμονες.
1178 1417 1285 1487 ἄρα
1325 1419 1676 1484 ἐνθυμεῖσθε
1714 1423 1803 1472 ὅτι
1840 1423 2050 1483 πάντες
2090 1421 2263 1487 οὗτοι,
2306 1425 2336 1474 5

170 1498 308 1568 λέγω
351 1499 410 1551 δὲ
450 1503 580 1562 τοὺς
607 1498 857 1563 Κελτοὺς
891 1504 988 1553 καὶ
1007 1495 1215 1564 Ἰνδούς
1250 1504 1346 1554 καὶ
1372 1495 1596 1573 Ἴβηρας
1632 1507 1727 1557 καὶ
1755 1499 2003 1576 Ἄραβας
2038 1510 2132 1560 καὶ
2158 1511 2271 1559 Βα-

93 1593 141 1635 15
177 1583 512 1652 βυλωνίους,
565 1589 777 1657 φόρους
814 1580 956 1656 παρ’
1000 1591 1157 1657 ἡμῶν
1209 1585 1616 1655 λαμβάνουσιν,
1669 1591 1732 1640 οὐ
1783 1599 1882 1662 τῆς
1915 1595 2105 1663 χώρας
2146 1593 2271 1645 οὐδὲ

171 1676 282 1722 τῶν
320 1672 708 1741 βοσκημάτων,
749 1668 891 1721 ἀλλὰ
930 1680 1028 1741 τῆς
1067 1674 1265 1734 ἀνοίας
1303 1681 1401 1744 τῆς
1437 1677 1739 1744 ἡμετέρας·
1792 1677 1855 1726 οὐ
1894 1680 2027 1745 γάρ,
2067 1680 2134 1729 ἂν
2171 1682 2273 1744 μὲν

17 1765 153 1807 66511)
177 1759 298 1817 τοῖς
336 1754 539 1818 ὅπλοις
582 1757 959 1826 κρατήσαντές
987 1772 1136 1815 τινες
1174 1755 1564 1822 ἀναγκάσωσιν
1605 1758 1796 1818 αὐτοῖς
1834 1759 2096 1829 ἀργύριον
2133 1762 2272 1810 ὑπο-

172 1838 351 1892 τελεῖν
389 1843 520 1902 τοὺς
556 1844 914 1911 ἡττημένους,
953 1846 1118 1890 τοῦτο
1148 1835 1482 1905 ὀνομάζεται
1512 1843 1705 1910 φόρος,
1744 1844 1838 1893 καὶ
1863 1844 2017 1894 ἔστιν
2045 1844 2269 1914 ἀνθρώ-

176 1940 300 1977 πων
341 1927 403 1976 ού
446 1924 668 1996 σφόδρα
709 1926 947 1991 εὐτυχῶν
987 1922 1114 1975 οὐδὲ
1155 1922 1427 1994 ἀνδρείων
1468 1923 1683 1991 δασμὸν
1723 1930 1939 1992 ἑτέροις
1976 1933 2269 1999 παρέχειν·

12 2032 14 2043 ¹
95 2018 143 2060 20
180 2011 277 2062 ἐὰν
317 2009 378 2062 δέ
414 2029 578 2075 τινες,
616 2013 755 2081 μήτε
793 2012 1382 2079 ἐπιστρατευσαμένου
1408 2007 1647 2079 μηδενὸς
1672 2013 1810 2082 μήτε
1838 2014 2271 2080 ἀναγκάσαντος,

176 2089 255 2147 δι’
298 2097 566 2166 εὐήθειαν
605 2094 664 2146 δὲ
701 2097 796 2146 καὶ
832 2096 1064 2164 τρυφήν,
1104 2094 1135 2144 ὂ
1173 2096 1306 2162 περὶ
1343 2092 1614 2145 πλείστου
1643 2103 1946 2148 ποιοῦνται
1984 2100 2271 2162 ἀπάντων,

174 2182 437 2250 ἀργύριον
478 2185 787 2247 πέμπωσιν
827 2182 1061 2243 ἑκόντες,
1103 2177 1197 2229 διὰ
1236 2183 1448 2248 μακρᾶς
1485 2181 1587 2245 μὲν
1627 2178 1777 2244 ὀδοῦ,
1818 2180 2033 2252 πολλῆς
2073 2180 2131 2233 δὲ
2163 2184 2274 2233 θα-

176 2264 379 2336 λάττης
415 2271 537 2328 τοῖς
573 2264 714 2336 μηδὲ
753 2266 1022 2333 ἐπιβῆναι
1059 2262 1273 2334 ῥᾳδίως
1324 2262 1654 2331 δυναμένοις
1701 2273 1801 2336 τῆς
1847 2270 2119 2335 ἡμετέρας
2155 2275 2270 2338 γῆς,

14 2362 149 2401 5311)
176 2352 239 2402 οὐ
276 2351 357 2419 τῷ
395 2354 569 2403 παντὶ
603 2354 795 2402 κάκιόν
834 2368 893 2402 τε
917 2351 1012 2401 καὶ
1038 2348 1259 2415 αἴσχιον
1286 2351 1349 2400 τὸ
1377 2352 1734 2417 γιγνόμενον,·
1772 2348 1918 2421 πλὴν
1954 2354 2042 2403 ὅτι
2069 2350 2271 2414 λίθους
2311 2356 2343 2406 6

97 2445 146 2486 25
181 2438 413 2506 μικρούς
449 2438 544 2487 καὶ
581 2437 848 2498 ἀσθενεῖς
894 2438 988 2488 καὶ
1035 2438 1097 2507 νὴ
1137 2437 1252 2487 Δία
1298 2436 1522 2506 θηρίων
1573 2438 1716 2487 ὀστᾶ
1763 2435 2014 2500 διδόντες
2066 2437 2276 2506 λαμβά-

176 2535 368 2572 νουσιν
407 2522 671 2591 ἀργύριον
707 2523 802 2572 καὶ
833 2523 1082 2591 χρυσίον,
1122 2522 1248 2572 ἀντὶ
1278 2527 1537 2591 χρηστῶν
1566 2523 1815 2592 ἄχρηστα
1844 2521 2277 2574 ἀντικαταλλατ-

177 2609 419 2672 τόμενοι.
494 2604 741 2672 μάλιστα
782 2604 841 2657 δὲ
888 2602 1165 2672 θαυμάζω
1217 2604 1492 2668 πολλάκις
1540 2609 1745 2658 ἐννοῶν
1794 2610 1883 2658 ὅτι
1931 2606 2129 2678 Μῆδοι
2177 2610 2278 2673 μὲν

177 2692 246 2741 τὰ
284 2694 477 2761 Σύρων
518 2690 783 2759 λαβόντες
820 2694 1056 2762 ἠγάπων
1099 2694 1194 2744 καὶ
1242 2693 1494 2762 ἔχαιρον,
1545 2693 1771 2762 Πέρσαι
1821 2690 1880 2743 δὲ
1932 2693 2000 2743 τὰ
2040 2691 2277 2762 Μήδων,

178 2775 507 2839 Μακεδόνες
546 2775 605 2828 δὲ
643 2778 712 2828 τὰ
748 2779 1016 2847 Περσῶν,
1064 2779 1159 2828 καὶ
1194 2780 1322 2828 τότε
1363 2770 1540 2844 ᾠόντο
1581 2778 1825 2842 εὐτυχεῖς
1863 2781 2149 2844 γεγονέναι
2185 2778 2279 2827 καὶ

98 2871 149 2912 30
186 2864 455 2931 πράττειν
504 2864 761 2929 ἄμεινον,
822 2865 914 2914 ὅτε
965 2861 1113 2928 εἶχον
1161 2863 1230 2912 τὰ
1281 2868 1392 2913 τῶν
1443 2860 1667 2912 ἀθλίων
1722 2863 1816 2912 καὶ
1864 2860 2278 2926 δυστυχούντων

178 2948 446 3016 κτήματα.
520 2954 696 2998 ταῦτα
738 2946 796 2998 δὲ
838 2948 934 2998 οὐκ
972 2945 1156 3008 ἄλλως
1194 2948 1364 3014 ἔγωγε
1409 2944 1589 3016 ληρῶν
1632 2945 1819 3010 εἶπον,
1870 2938 1997 2996 ἀλλ’
2041 2948 2129 2996 ὅτι
2166 2951 2277 2997 τῶν

325 3158 345 3197 1
370 3148 435 3208 ὡς
453 3153 555 3198 add.
572 3153 777 3208 casaub„
796 3148 903 3200 οἷον
919 3153 1049 3210 Emp.
1129 3158 1154 3197 2
1175 3149 1440 3212 προϊόντας
1458 3148 1570 3199 ἰδὼν
1592 3155 1696 3207 (hoc
1714 3153 1828 3210 ord.)
1844 3154 1884 3200 U
1963 3159 1985 3198 7
2009 3157 2193 3214 τοίχοις
2215 3159 2279 3210 (οι

182 3224 306 3281 prius
328 3237 356 3269 a
376 3229 508 3279 corr.)
531 3224 569 3270 U
658 3227 682 3268 8
715 3218 877 3271 ὀδοῦσι
898 3224 938 3269 U
1026 3226 1070 3270 τί
1090 3226 1165 3270 δαὶ
1185 3224 1265 3270 UB
1352 3225 1637 3283 περικείτων
1657 3224 1707 3268 Μ
1797 3230 1848 3270 10
1878 3222 2002 3286 παρ’
2022 3223 2133 3284 ὑμῖν
2151 3227 2191 3272 U

181 3291 270 3341 τὸν
300 3291 521 3355 αἰγιαλὸν
541 3295 623 3340 UB
714 3299 762 3338 11
796 3290 994 3351 ἔπαιζον
1023 3290 1082 3342 τὰ
1114 3295 1163 3342 δὲ
1192 3292 1453 3359 ἐῤῥίπτουν
1484 3296 1560 3350 (Bz
1593 3291 1705 3342 τάδε
1726 3296 1798 3341 M:
1829 3294 2131 3357 ἐῤῥείπτουν)
2160 3298 2279 3352 libri,

183 3379 298 3412 corr.
329 3366 464 3423 Emp.
497 3366 710 3411 dubitans
801 3369 852 3410 13
883 3363 1195 3423 ἐνθυμεῖσθαι
1224 3366 1274 3410 Μ
1368 3370 1418 3410 14
1446 3363 1765 3422 σκαιοτάτους
1793 3381 1877 3424 pro
1907 3364 2107 3422 κελτοὺς
2137 3368 2186 3411 Μ

186 3441 235 3481 17
259 3444 361 3491 τοῖς
381 3430 551 3491 πόλοις
574 3438 622 3480 Μ
711 3430 874 3491 αὐτοῖς
893 3436 983 3481 ΒΜ
1070 3440 1124 3480 20
1146 3436 1260 3495 μηδὲ
1279 3449 1363 3493 pro
1384 3437 1526 3481 altero
1546 3434 1665 3497 μήτε
1683 3437 1762 3483 BU
1851 3442 1901 3483 21
1927 3433 2124 3497 εὖήθιαν
2144 3438 2194 3481 Μ

183 3510 237 3551 22
269 3507 539 3564 πέμπουσιν
570 3507 613 3553 U
643 3508 880 3564 πέμπουσι
910 3507 950 3551 Β
1124 3510 1177 3550 24
1210 3500 1267 3554 οὗ
1296 3509 1367 3569 τῷ
1397 3507 1608 3562 Oasaub.‚
1640 3500 1770 3555 οὕτω
1799 3509 1888 3554 ΒΜ
1921 3501 2075 3564 οὕτως
2104 3509 2147 3556 U

182 3574 441 3636 γινόμενον
470 3578 519 3621 Μ
665 3581 718 3622 25
750 3577 978 3637 σμικροὺς
1008 3578 1046 3622 Β
1190 3581 1244 3622 26
1275 3573 1797 3637 ἀντικαταλαττόμενοι
1827 3580 1877 3625 Μ
2013 3582 2065 3623 27
2096 3578 2280 3627 ἐννοῶν

181 3648 362 3704 Reiske,
393 3648 536 3696 ἐνίων
564 3649 671 3694 libri
784 3652 837 3693 28
868 3645 1199 3709 λαμβάνοντες
1229 3645 1426 3710 ἔχαιρον
1454 3652 1557 3705 (om.
1587 3645 1787 3709 ἠγάπων
1815 3653 1912 3705 καὶ)
1933 3650 2014 3696 UB
2104 3648 2282 3711 Σύρων

186 3718 241 3764 de
270 3720 466 3777 Assyriis
497 3720 669 3767 dictum
698 3720 876 3766 videtur
905 3719 1187 3766 retinendum
1217 3732 1318 3766 esse
