2684 4140
395 271 499 319 304
1126 263 1331 309 1310le
1362 262 1765 309 CHARIDEMUS

392 420 654 483 κρατῆρα,
693 413 790 461 τόν
827 426 887 476 γε
923 416 1022 479 τῆς
1051 409 1451 478 Σωφροσύνης,
1481 405 1508 435 *
1533 404 1560 435 *
1588 403 1821 460 ἑστάναι
1848 404 1988 478 [γὰρ]
2026 408 2277 472 πολλοὺς
2315 413 2373 462 ἐν
2411 410 2489 480 τῷ

392 503 544 565 μέσῳ
583 497 678 547 καὶ
715 493 1093 564 διαφέροντας
1130 500 1199 563 τῇ
1236 495 1425 561 γεύσει
1475 495 1668 563 ὥσπερ
1724 493 1892 545 οἴνων
1941 492 2198 547 πολλῶν·
2239 495 2386 547 εἶναι
2426 493 2489 548 δὲ

394 583 595 642 αὐτούς
632 574 905 649 ἀργυροῦς
943 596 1002 629 τε
1039 580 1134 630 καὶ
1165 585 1434 648 χρυσοῦς·
1486 579 1572 630 ἔτι
1621 575 1685 631 δὲ
1733 580 1829 630 καὶ
1879 575 1994 647 ζῷα
2043 577 2261 643 ἔξωθεν
2309 578 2485 648 κύκλῳ
2513 592 2665 634 (56132

390 669 535 732 ἔχειν
571 667 665 716 καὶ
702 662 889 726 ἕλικάς
927 681 1086 725 τινας
1122 666 1216 716 καὶ
1241 666 1484 734 τορείας.
1559 666 1656 716 τὸν
1697 661 1761 716 δὲ
1798 672 1896 736 τῆς
1929 668 2312 737 Σωφροσύνης
2341 663 2489 717 λεῖόν

388 769 448 802 τε
488 750 633 802 εἶναι
670 751 764 800 καὶ
803 750 866 799 οὐ
903 753 1077 816 μέγαν
1113 751 1208 800 καὶ
1231 751 1324 811 ὡς
1362 750 1429 800 ἂν
1469 747 1695 801 εἰκάσαι
1732 768 1820 812 τις
1858 753 2002 820 ὁρῶν
2035 749 2289 816 χαλκοῦν.
2368 748 2484 802 δεῖν
2522 761 2545 800 5

391 836 486 887 οὖν
513 836 733 886 ἐκεῖθεν
761 831 1199 885 πολλαπλάσιον
1228 831 1618 901 λαμβάνοντας
1642 836 1737 886 καὶ
1764 832 2231 904 ξυγκεραννύντας
2260 838 2490 904 σμικρόν

302 925 369 977 38
391 939 448 973 τι
485 928 583 992 τῆς
621 918 824 991 ἡδονῆς
862 921 1066 971 πίνειν.
1144 919 1230 981 οἶς
1267 921 1368 985 μὲν
1410 919 1505 970 οὖν
1543 922 1698 971 ἐστιν
1738 922 1769 971 ὁ
1806 923 1961 981 Νοῦς
2002 921 2271 985 οἰνοχόος,
2314 921 2490 980 οὕτως

389 1008 692 1072 οἰνοχοεῖν,
735 1006 1090 1076 φοβούμενον
1127 1005 1222 1056 καὶ
1258 1009 1612 1075 προσέχοντα
1651 1007 1726 1076 μή
1769 1021 1848 1075 πῃ
1888 1012 1987 1076 τῆς
2023 1008 2276 1076 κράσεως
2313 1006 2488 1073 ἁμαρ·

385 1093 496 1143 τὼν
537 1089 723 1161 σφήλῃ
762 1093 859 1142 τὸν
900 1089 1210 1157 δαιτυμόνα
1247 1092 1342 1142 καὶ
1389 1088 1695 1160 καταβάλῃ.
1770 1093 1870 1162 τὴν
1911 1089 1969 1142 δὲ
2003 1083 2331 1160 Ἀκράτειαν
2369 1094 2491 1150 τοῖς

386 1179 487 1243 μὲν
536 1174 832 1239 πλείστοις
883 1178 1125 1244 ἄκρατον
1176 1178 1275 1246 τὴν
1321 1173 1525 1247 ἡδονὴν
1574 1178 1778 1244 ἐγχεῖν,
1830 1174 1972 1247 μηδὲ
2023 1178 2221 1246 μικρὸν
2262 1189 2486 1245 σωφρο-
2526 1184 2671 1229 10(308;

391 1265 558 1333 σύνης
594 1264 1126 1332 παραμιγνύουσαν,
1165 1266 1288 1323 τοῖς
1330 1259 1388 1313 δὲ
1430 1260 1619 1330 ὀλίγον
1658 1279 1714 1313 τι
1754 1259 2048 1323 παντελῶς
2088 1259 2251 1328 λόγου
2292 1263 2486 1312 ἕνεκεν.

385 1354 551 1398 τοῦτο
593 1345 652 1398 δὲ
692 1348 865 1410 εὐθὺς
902 1345 1159 1417 ἐξίτηλον
1184 1347 1487 1415 γίγνεσθαι
1521 1349 1618 1398 καὶ
1653 1345 1921 1417 μηδαμοῦ
1947 1336 2280 1418 φαίνεσθαι.
2358 1349 2488 1408 τοὺς

385 1431 444 1483 δὲ
484 1434 756 1494 πίνοντας
792 1435 865 1503 μὴ
910 1430 1244 1496 διαλείπειν,
1286 1428 1411 1482 ἀλλ’
1453 1434 1823 1503 ἐπισπέρχειν
1862 1451 1921 1484 τε
1962 1434 2132 1504 αὐτὴν
2176 1435 2270 1484 καὶ
2305 1430 2487 1484 κελεύ-

384 1536 467 1570 ειν
504 1520 718 1570 θᾶττον
758 1520 905 1570 ἰέναι
942 1512 1084 1587 παρ’
1131 1519 1359 1582 αὐτούς,
1397 1520 1492 1570 καὶ
1530 1515 1922 1588 προαρπάζειν
1962 1521 2212 1570 ἕκαστον.
2288 1520 2387 1588 τὴν
2428 1515 2486 1568 δὲ

382 1605 723 1670 ἐπείγεσθαι
771 1605 865 1654 καὶ
913 1606 1264 1673 περιτρέχειν
1315 1604 1752 1669 ἀσθμαίνουσαν
1800 1606 1895 1656 καὶ
1941 1607 2209 1674 ῥεομένην
2263 1601 2474 1673 ἱδρῶτι.
2518 1611 2564 1652 15

297 1690 364 1740 39
388 1690 519 1750 τοὺς
554 1690 655 1754 μὲν
696 1688 791 1739 οὖν
830 1689 1043 1757 ἐκείνης
1069 1690 1405 1757 ἑστιάτορας
1433 1690 1737 1757 ὀρχεῖσθαί
1773 1707 1832 1740 τε
1872 1691 1966 1740 καὶ
2001 1686 2305 1741 κυλίεσθαι
2343 1704 2482 1757 προ-

384 1775 705 1835 πίπτοντας
742 1775 800 1824 ἐν
849 1772 927 1840 τῴ
965 1777 1150 1840 μέσῳ,
1189 1775 1283 1824 καὶ
1319 1774 1612 1839 μάχεσθαι
1649 1775 1744 1825 καὶ
1780 1775 1933 1840 βοᾶν,
1977 1774 2068 1824 οἶα
2110 1772 2173 1844 δὴ
2216 1779 2483 1823 ποιοῦσιν

383 1861 439 1909 οἱ
462 1860 858 1925 μεθυσθέντες
883 1851 996 1910 ὑπὸ
1027 1858 1209 1910 οἴνου·
1251 1856 1398 1930 πλὴν
1426 1857 1583 1910 οὗτοι
1608 1862 1709 1925 μὲν
1748 1852 1848 1910 ἐπ’
1881 1857 2068 1927 ὀλίγον
2092 1860 2186 1910 καὶ
2210 1858 2480 1927 μετρίως·
2514 1867 2594 1909 (562
2613 1868 2647 1902 R
2671 1899 2673 1902 .

380 1946 578 2013 μικρὸν
616 1944 720 2012 γὰρ
760 1942 989 2010 ἐξαρκεῖ
1017 1942 1434 2012 καταδαρθεῖν,
1480 1946 1681 1996 ἔπειτα
1722 1947 1952 2011 ἄμεινον
1992 1949 2204 1995 ἑαυτῶν
2244 1945 2482 2009 ἔχουσιν,

381 2031 477 2080 ἅτε
516 2027 770 2100 ἐλαφρᾶς
810 2031 979 2100 οὔσης
1017 2038 1116 2101 τῆς
1153 2031 1368 2100 μέθης·
1411 2032 1466 2081 οἱ
1506 2028 1565 2081 δὲ
1603 2033 1716 2081 ὑπὸ
1757 2038 1856 2101 τῆς
1880 2028 2085 2101 ἡδονῆς
2120 2029 2477 2099 καρωθέντες
2514 2036 2563 2078 20

381 2116 459 2176 ὡς
497 2116 564 2166 ἂν
611 2117 724 2166 ὑπὸ
778 2117 1138 2185 ἰσχυροτέρου
1190 2119 1450 2181 πόματος
1498 2119 1862 2182 κατεχόμενοι
1912 2109 1994 2167 δι’
2038 2113 2168 2166 ὅλου
2218 2120 2321 2165 τοῦ
2355 2115 2481 2180 βίου

379 2206 554 2250 ταῦτα
594 2207 846 2263 ποιοῦσι,
884 2202 979 2252 καὶ
1017 2202 1114 2251 οὐκ
1151 2202 1306 2252 ἔστιν
1333 2198 1730 2271 ἀπαλλαγῆναι
1770 2195 1994 2269 [ζῶσιν],
2036 2202 2086 2252 εἰ
2123 2202 2198 2270 μή
2238 2215 2297 2267 γε
2337 2200 2481 2248 ἄπο-

380 2285 675 2336 θανοῦσιν.
755 2284 918 2347 οὗτος
966 2287 1069 2354 γὰρ
1119 2287 1299 2347 ὕπνος
1349 2287 1473 2337 ἐστὶ
1522 2292 1633 2337 τῶν
1687 2287 1865 2347 οὕτως
1912 2286 2352 2352 μεθυσκομένων
2389 2285 2483 2334 καὶ

296 2373 363 2422 40
383 2372 555 2435 μόνος
595 2371 797 2432 αὐτοὺς
847 2368 1072 2441 ὠφελεῖ.
1150 2369 1357 2423 πολλοὶ
1396 2370 1454 2422 δὲ
1503 2374 1597 2423 καὶ
1634 2369 1926 2439 ἐξεμοῦσιν
1973 2374 2085 2423 ὑπὸ
2126 2369 2479 2441 πλησμονῆς

375 2456 623 2522 γίγνεται
672 2453 731 2506 δὲ
782 2457 923 2521 μετὰ
975 2463 1316 2525 σπαραγμοῦ
1361 2474 1420 2507 τε
1468 2459 1561 2508 καὶ
1608 2455 1788 2527 λύπης
1837 2465 1936 2528 τῆς
1983 2459 2221 2526 ἐσχάτης
2270 2458 2332 2506 τὸ
2373 2457 2471 2525 τὴν
2510 2465 2559 2505 25

378 2538 582 2611 ἡδονὴν
621 2539 925 2608 ἐκβάλλειν.
988 2544 1145 2603 ὅστις
1186 2536 1239 2592 δ’
1286 2544 1354 2593 ἂν
1384 2544 1599 2612 ἰσχύσῃ,
1640 2539 1971 2613 κουφίζεται
1998 2544 2091 2594 καὶ
2116 2541 2256 2612 ῥᾷον
2298 2539 2480 2607 διάγει

378 2627 441 2675 τὸ
484 2623 702 2677 λοιπόν.
781 2627 1038 2687 σπανίως
1078 2625 1137 2678 δὲ
1176 2634 1344 2678 τοῦτο
1376 2629 1671 2695 συμβαίνει
1709 2631 1773 2679 τὸ
1801 2626 2026 2679 ἐθέλειν
2064 2626 2296 2694 ἐξεμεῖν,
2337 2623 2478 2676 ἀλλὰ

378 2707 524 2760 πολὺ
551 2708 760 2776 μᾶλλον
786 2707 933 2779 <άεὶ>
959 2714 1145 2763 πίνειν
1173 2710 1488 2763 ἐθέλουσιν.
1543 2711 1670 2764 οὐδὲ
1697 2714 1800 2782 γὰρ
1824 2716 2107 2764 παύονται
2133 2720 2234 2763 τοῦ
2254 2710 2477 2780 δίψους,

378 2788 502 2844 ἀλλ’
548 2797 637 2847 ἀεὶ
677 2794 1059 2867 σφοδρότερον
1109 2798 1330 2862 ἔχουσι,
1368 2799 1636 2867 καθάπερ
1691 2800 1746 2848 οἱ
1783 2798 1862 2866 τῷ
1903 2798 2034 2866 οἴνῳ
2078 2800 2297 2866 ἀκράτῳ
2334 2800 2477 2868 χρώ-

373 2882 549 2944 μένοι.
629 2879 786 2932 οὗτοι
822 2884 923 2947 μὲν
973 2883 1068 2933 οὖν
1119 2885 1372 2934 τοιοῦτοί
1422 2885 1536 2934 εἰσι
1582 2885 1675 2934 καὶ
1718 2886 2153 2949 καταισχύνουσι
2189 2886 2283 2934 καὶ
2319 2884 2474 2952 ὑβρί-
2510 2888 2558 2929 30

518 3037 537 3076 1
572 3030 662 3080 τόν
691 3050 744 3080 τε
774 3035 824 3078 Μ
939 3031 1033 3095 γὰρ
1064 3049 1151 3081 om.
1173 3035 1238 3080 M.
1269 3035 1466 3081 fortasse
1496 3036 1789 3081 Charidemus
1819 3037 2017 3092 scripsit:
2049 3042 2240 3083 κεῖσθαι
2268 3034 2361 3096 γὰρ
2392 3035 2475 3085 ἕνα

372 3106 589 3163 κρατῆρα
618 3103 671 3151 ἐν
700 3109 770 3167 τῷ
798 3105 953 3168 μέσῳ,
993 3102 1082 3153 τόν
1109 3123 1164 3166 γε
1194 3109 1277 3166 τῆς
1307 3107 1642 3167 σωφροσύνης,
1681 3103 1851 3166 ἦδονῆς
1892 3108 1940 3154 δὲ
1970 3104 2178 3162 πολλοὺς
2206 3111 2286 3154 καὶ
2317 3109 2474 3168 διαφέ-

373 3188 548 3242 ροντας
586 3179 673 3221 etc.
821 3182 845 3221 5
877 3174 998 3224 εἶναι
1027 3191 1116 3224 om.
1148 3178 1188 3223 U
1333 3182 1406 3225 δεῖ
1431 3179 1548 3233 libri,
1592 3192 1708 3223 corr.
1739 3179 1875 3236 Emp.
2052 3184 2077 3223 6
2106 3175 2282 3239 μικρὸν
2312 3180 2361 3224 Μ

372 3247 395 3286 ’7
429 3245 573 3298 οὖτος
603 3247 640 3290 Β
755 3252 780 3292 9
813 3246 969 3308 σφάλη
1001 3250 1037 3293 Β
1167 3250 1217 3297 δὲ
1246 3246 1430 3307 τυμόνα
1459 3251 1510 3294 Μ
1640 3245 1876 3309 άκράτιαν
1906 3250 1955 3293 Μ
2087 3254 2139 3294 10
2170 3246 2294 3309 ἔχειν
2322 3251 2361 3295 Β

375 3317 424 3358 11
458 3331 510 3361 τε
539 3329 624 3371 pro
653 3333 698 3362 τι
727 3318 766 3362 Β
921 3316 1060 3367 ἕνεκα
1091 3321 1130 3364 Β
1294 3325 1343 3365 12
1375 3319 1614 3380 ἐξείτηλον
1642 3321 1692 3365 Μ
1849 3322 2071 3380 γίνεσθαι
2101 3321 2193 3366 UM
2339 3325 2391 3366 13
2422 3337 2474 3367 τε

373 3396 460 3430 om.
478 3385 528 3429 M
616 3382 762 3446 αὐτὴν
781 3390 830 3448 (η
851 3403 878 3434 a
899 3394 1033 3445 corn)
1064 3391 1103 3436 U
1195 3396 1246 3436 15
1267 3390 1518 3451 ἐπίγεσθαι
1539 3392 1589 3436 Μ
1680 3396 1731 3437 19
1752 3390 1969 3450 ἐξαρκεῖν
1988 3392 2069 3438 UB
2157 3387 2330 3439 ἑαυτὸν
2349 3392 2388 3434 Β

375 3458 429 3498 20
449 3452 663 3517 ἐλαφρὰς
679 3459 720 3503 U
743 3457 963 3520 ἐλαφρῶς
979 3462 1081 3515 ΒΜ,
1103 3476 1217 3508 corr.
1236 3463 1368 3509 Dind.
1459 3466 1511 3507 22
1533 3465 1681 3519 ζῶσιν
1700 3467 1960 3520 suspectum
1984 3463 2135 3509 Geelio
2156 3462 2263 3508 secl.
2284 3462 2414 3518 Emp.

374 3519 711 3574 οἷποθάνουσιν
740 3529 789 3573 Μ
820 3525 1138 3579 ἀποθάνωσιν
1169 3534 1262 3588 UB,
1295 3547 1409 3579 corr.
1444 3535 1576 3591 Emp.
1732 3538 1785 3580 23
1818 3527 1945 3581 οὕτω
1974 3535 2013 3579 Β
2171 3536 2227 3577 24
2255 3530 2471 3589 ἕξαιμθῦ·

374 3612 450 3642 σιν
478 3597 527 3641 Μ
644 3602 695 3643 25
726 3602 912 3659 γίνεται
942 3603 1023 3647 UB
1154 3608 1208 3649 26
1241 3600 1296 3659 ὃς
1326 3622 1371 3651 τι
1400 3605 1450 3649 Μ
1582 3609 1637 3650 28
1668 3600 1745 3653 άεὶ
1772 3606 1958 3660 inserui,
1987 3603 2221 3651 ἐπιπίνειν
2249 3603 2355 3647 Wil.

374 3670 428 3711 29
459 3662 578 3715 ἀλλὰ
611 3669 655 3715 εἰ
673 3670 723 3714 Μ
854 3669 1044 3731 ἔχουσιν
1074 3675 1153 3720 UB
1296 3673 1524 3735 καθάπερ
1552 3700 1610 3710 --
1637 3672 1880 3736 χρώμενοι
1910 3689 1996 3722 om.
2027 3674 2108 3720 ΠΒ
2253 3677 2306 3718 30
2338 3665 2471 3720 οὗτοι

371 3738 461 3794 μὲν
489 3738 539 3783 Μ
576 3738 622 3785 οἳ
649 3741 738 3797 μὲν
769 3742 849 3787 UB
