2684 4140
1086 249 1310 296 ORATIO
1343 251 1482 297 LXX.
2001 305 2005 307 V
2237 251 2337 299 177

239 402 463 463 μένους·
504 401 661 459 ὅπως
700 394 758 448 δὲ
799 397 1098 447 πείσονται
1134 400 1255 457 τοῖς
1293 400 1487 463 νόμοις
1523 399 1616 448 καὶ
1654 400 1870 459 ἑκόντες
1908 399 2221 467 ποιήσουσι
2259 398 2326 446 τὰ

6 484 9 494 “
241 483 474 542 ἐκείνοις
502 479 767 532 δοκοῦντα
797 472 957 532 οὐδὲν
987 476 1393 550 φροντίζουσιν.
1459 483 1644 533 καίτοι
1681 484 1739 533 τί
1763 483 1928 553 ἦττον
1956 484 1987 532 ό
2027 483 2184 552 φόβῳ
2225 488 2335 531 τοῦ

5 515 9 651 ⁴
238 563 498 616 κλέπτειν
525 567 871 631 ἀπεχόμενος
898 559 1130 633 [δοκῶν],
1170 562 1309 615 ἀλλὰ
1340 568 1412 636 μὴ
1441 572 1624 631 μισῶν
1661 569 1724 616 τὸ
1766 571 1991 635 πρᾶγμα
2029 568 2123 617 καὶ
2158 584 2325 617 κατα-

235 651 568 715 γιγνώσκων,
608 648 851 719 κλέπτης
875 656 985 700 τῶν
1011 651 1440 719 ὑφαιρουμένων
1465 652 1649 713 έστίν,·
1687 652 1738 702 εἰ
1763 653 1835 721 μὴ
1864 653 1957 702 καὶ
1983 653 2079 702 τὸν
2117 654 2328 721 ἡμέρας

179 740 203 780 5
242 733 303 781 ού
340 730 678 795 κλέπτοντα,
719 731 859 783 ἀλλὰ
898 737 1090 795 νυκτὸς
1128 739 1445 804 γενομένης,
1484 733 1727 805 κλέπτην
1768 737 1829 785 οὐ
1870 738 2124 806 φήσομεν
2163 737 2220 785 ἑν
2258 741 2326 804 τῇ

231 819 437 884 ἡμέρᾳ,
487 813 627 866 ἀλλά
667 814 883 867 δίκαιον
929 816 1087 874 εἶναι.
1184 819 1383 869 ἔπειτα
1445 817 1667 870 δέονται
1727 818 1952 870 πολλῶν
2003 826 2112 870 τῶν
2162 820 2324 870 ἀπει-

234 896 476 949 λούντων
513 902 607 950 καὶ
643 897 1017 964 κολαζόντων,
1069 904 1159 963 ὡς.
1185 903 1247 952 οὐ
1300 900 1596 968 δυνάμενοι
1635 905 1795 955 αὐτοὶ
1841 905 2166 969 ἀπέχεσθαι
2213 909 2324 954 τῶν

0 1040 1 1054 ³
233 980 617 1052 ἀδικημάτων,
669 982 810 1034 ἀλλὰ
859 987 953 1036 καὶ
1003 985 1147 1036 οἴκοι
1199 988 1379 1045 ὄντες·
1429 995 1681 1038 τοιοῦτοι
1721 987 1778 1039 δὲ
1830 991 1983 1050 ὅντες
2035 990 2325 1057 αἱροῦνται

21 1108 22 1113 ,
69 1068 360 1128 (summos
386 1069 705 1132 νομοθέτας
735 1071 828 1120 καὶ
852 1066 1151 1131 κολάζουσι
1177 1072 1308 1131 τούς
1333 1073 1536 1136 νόμους
1575 1074 1766 1141 ὥσπερ
1807 1076 1857 1123 εἰ
1896 1075 2139 1138 ἄμουσοι
2169 1074 2323 1133 ὄντες

151 1159 196 1200 10
229 1141 464 1220 ᾑροῦντο
503 1154 634 1213 τούς
669 1155 973 1217 μουσικοὺς
1009 1156 1103 1204 καὶ
1130 1152 1288 1204 οὐδὲν
1315 1156 1612 1216 ἐπαΐοντες
1651 1158 1783 1224 περὶ
1807 1159 2148 1226 γεωμετρίας
2187 1158 2317 1216 τοὺς

225 1239 557 1304 γεωμέτρας.
767 1241 997 1306 σημεῖον
1036 1235 1095 1287 δὲ
1135 1245 1233 1307 τῆς
1271 1240 1548 1307 πονηρίας
1585 1247 1683 1309 τῆς
1722 1246 1832 1291 τῶν
1871 1243 2224 1309 ἀνθρώπων·
2265 1242 2315 1290 εἰ
2353 1238 2384 1288 9

225 1321 328 1389 γὰρ
366 1317 616 1371 ἀνέλοιεν
654 1322 785 1382 τούς
822 1323 1026 1386 νόμους
1062 1323 1156 1372 καὶ
1193 1319 1357 1372 ἄδεια
1396 1326 1612 1389 γένοιτο
1652 1330 1754 1374 τοῦ
1777 1327 2008 1376 τύπτειν
2048 1322 2319 1393 ἀλλήλους

223 1406 317 1456 καὶ
354 1406 707 1456 ἀποκτείνειν
732 1407 825 1456 καὶ
851 1401 1123 1475 ἁρπάζειν
1150 1406 1218 1455 τὰ
1247 1412 1358 1457 τῶν
1386 1404 1564 1468 πέλας
1588 1410 1681 1459 καὶ
1705 1411 1985 1473 μοιχεύειν
2011 1410 2105 1459 καὶ
2132 1406 2317 1458 λωπο-

17 1545 19 1558 ⁴
228 1487 426 1553 δυτεῖν,
465 1491 622 1551 τίνας
661 1491 905 1540 ἔσεσθαι
945 1487 1165 1560 οἰητέον
1203 1493 1336 1552 τούς
1375 1489 1759 1561 ἀφεξομένους
1796 1501 1898 1544 τοῦ
1934 1491 2065 1561 [των
2090 1487 2202 1559 καὶ]
2241 1495 2312 1562 μὴ

16 1559 190 1660 'lssssnlb
226 1577 374 1627 πάνυ
421 1572 634 1644 ῥᾳδίως
681 1592 741 1626 τε
787 1577 880 1626 καὶ
929 1577 1169 1641 ἑτοίμως
1208 1577 1432 1627 ἅπαντα
1472 1574 1837 1647 έξαμαρτεΐν,·
1883 1581 1976 1630 καὶ
2023 1580 2086 1628 τὸ
2126 1584 2219 1629 νῦν
2257 1592 2315 1643 γε

224 1657 383 1711 οὐδὲν
419 1660 586 1730 ἦττον
624 1657 979 1726 λανθάνομεν
1015 1662 1156 1726 μετὰ
1182 1658 1436 1712 κλεπτῶν
1460 1663 1554 1713 καὶ
1580 1660 2049 1732 ἀνδραποδιστῶν
2073 1663 2167 1712 καὶ
2191 1678 2314 1727 μοι-

16 1722 21 1791 l
216 1751 331 1810 χῶν
370 1741 570 1807 ζῶντες
605 1747 699 1795 καὶ
739 1742 1282 1812 συμπολιτευόμενοι
1329 1748 1421 1797 καὶ
1468 1748 1608 1797 κατὰ
1658 1755 1823 1799 τοῦτο
1865 1747 2024 1799 οὐδὲν
2062 1745 2315 1814 βελτίους

15 1794 21 1915 Ξ
221 1836 332 1881 τῶν
369 1831 590 1899 θηρίων
633 1831 825 1895 ἐσμέν·
864 1832 958 1881 καὶ
993 1831 1096 1900 γὰρ
1136 1833 1317 1882 ἐκεῖνα
1357 1832 1423 1882 ἂν
1464 1833 1701 1902 φοβηθῇ
1732 1834 2078 1903 ἀνθρώπους
2106 1829 2313 1902 φυλάτ-

14 1916 21 2040 't
219 1932 420 1976 τοντας
456 1916 488 1984 ἢ
527 1916 710 1977 κύνας,
751 1915 1025 1979 ἀπέχεται
1062 1922 1165 1966 τοῦ
1199 1912 1487 1985 ἁρπάζειν.

0 1364 7 1400 s
18 1358 25 1412 «Γ

18 1460 20 1490 l

18 1491 19 1527 l

19 2054 20 2070 1

14 2072 18 2096 ἕ

12 2148 20 2195 ε

684 2252 804 2317 (53)
858 2249 1116 2315 ΠΕΡΙ
1167 2249 1833 2316 ΦΙΛΟΣΟΦΙΑΣ.

127 2457 177 2498 20
352 2450 420 2499 Δ.
464 2452 634 2519 Φέρε,
694 2449 751 2500 εἴ
791 2467 945 2512 τινος
996 2451 1222 2512 ἀκούοις
1272 2448 1528 2518 λέγοντος
1579 2454 1668 2502 ὅτι
1717 2450 1981 2519 βούλεται
2028 2457 2304 2522 γεωργεῖν,
2349 2461 2372 2510 1

215 2530 389 2602 μηδὲν
439 2531 497 2583 δὲ
548 2535 693 2602 πρὸς
740 2541 904 2584 τοῦτο
945 2537 1265 2603 πράττοντα
1318 2531 1500 2605 ὁρῴης
1539 2537 1732 2599 αὐτόν,
1782 2539 1919 2608 μήτε
1965 2539 2099 2605 βοῦς
2138 2540 2307 2588 ὠνού-

214 2633 381 2682 μενον
418 2619 452 2686 ἤ
490 2621 769 2687 τρέφοντα
818 2620 958 2688 μήτε
1007 2621 1217 2688 ἄροτρα
1266 2617 1812 2686 κατασκευαζόμενον
1861 2624 1999 2692 μήτε
2047 2627 2116 2672 τὰ
2167 2621 2306 2672 ἄλλα

215 2702 283 2750 τὰ
333 2703 476 2770 πρὸς
524 2703 622 2771 τὴν
659 2704 930 2771 γεωργίαν
972 2706 1162 2773 σκεύη,
1210 2702 1351 2774 μηδὲ
1402 2706 1722 2756 ἐνοικοῦντα
1762 2708 1818 2756 ἐν
1858 2706 2007 2776 ἀγρῴ
2049 2709 2215 2758 αὐτὸν
2257 2702 2303 2776 [ἢ

362 2858 379 2897 1
413 2854 672 2900 πείσωνται
703 2854 742 2899 U
772 2868 830 2900 m.
862 2869 931 2911 pr.
960 2856 999 2899 B
1115 2859 1140 2899 2
1171 2857 1482 2915 φροντίζουσι
1512 2856 1551 2900 U
1638 2858 1686 2903 τί
1715 2871 1801 2902 om.
1832 2858 1914 2901 PH
1945 2859 1994 2903 τί
2022 2850 2168 2915 ἧττον
2196 2863 2300 2914 post

210 2922 614 2982 καταγιγνώσκων
644 2925 800 2969 melius
842 2925 1138 2970 collocaretur
1284 2929 1307 2969 3
1339 2920 1640 2983 ἀπεχόμενος
1681 2929 1839 2972 δοκῶν
1868 2927 1996 2971 UBM
2037 2922 2302 2986 ἀπέχεσθαι

208 3061 289 3106 UB
405 3068 429 3106 5
457 3063 677 3109 κλέπτειν
708 3063 783 3107 UP
901 3070 923 3107 7
958 3059 1127 3117 αὐτοῖς
1158 3064 1198 3109 U
1334 3069 1357 3108 8
1389 3058 1512 3111 ἀλλά
1545 3067 1625 3110 καὶ
1658 3062 1783 3110 οἴκοι
1815 3062 1975 3119 ὄντες·
2006 3071 2218 3114 τοιοῦτοι
2252 3069 2301 3115 δὲ

211 3129 348 3185 ὄντες
377 3132 506 3176 UBM
537 3128 656 3179 ἀλλὰ
686 3136 767 3179 καὶ
807 3131 934 3179 οἴκοι
973 3135 1152 3180 τοιοίδε
1194 3131 1331 3188 ὄντες
1361 3134 1455 3178 ΡΗ.
1509 3137 1580 3179 Ab
1613 3134 1744 3180 UBM
1783 3135 2182 3194 proficiscendum,
2221 3139 2300 3184 καὶ

210 3198 335 3248 οἴκοι
365 3208 640 3259 corruptum,
668 3205 811 3249 κακοὶ
832 3203 964 3258 Sem„
995 3207 1137 3249 κακοὶ
1168 3202 1364 3250 οἰὲεοθεν
1395 3204 1620 3258 Reiskius‚
1651 3202 1804 3252 ἄδικοι
1828 3206 2019 3252 Casaub.
2108 3213 2133 3252 9
2155 3206 2299 3255 κολά-

208 3275 341 3328 ζουσι
371 3273 501 3318 UBM
538 3275 748 3319 τίθενται
778 3273 879 3326 ΡΗ,
926 3274 1040 3327 τοὺς
1079 3271 1258 3330 νόμους
1288 3275 1370 3319 del.
1403 3275 1509 3319 Wil.
1659 3280 1710 3319 10
1749 3274 1861 3331 τοὺς
1898 3278 2175 3337 γεωμέτρας
2211 3292 2298 3323 om.

209 3342 337 3386 UBM
484 3348 535 3386 14
565 3345 698 3397 τίνας
728 3370 781 3376 —-
811 3346 890 3389 καὶ
918 3340 980 3402 μὴ
1012 3358 1097 3390 om.
1130 3345 1174 3388 H
1203 3346 1366 3402 (suppl.
1397 3358 1424 3389 a
1454 3358 1568 3390 corr.
1609 3347 1654 3390 in
1693 3352 1821 3404 mrg.)
1963 3351 2052 3395 τοῦ
2080 3346 2142 3407 μὴ
2175 3346 2300 3396 πάνυ

205 3413 377 3469 scripsi,
409 3410 595 3460 τούτων
622 3416 703 3459 καὶ
731 3409 792 3471 μὴ
824 3411 950 3461 πάνυ
978 3415 1081 3459 libri
1203 3421 1248 3460 15
1279 3414 1563 3474 ἐξαμαρτεῖν
1590 3419 1913 3477 βουλομένους
1943 3420 2025 3463 ΡΗ
2127 3424 2208 3466 καὶ
2239 3420 2295 3466 τὸ

206 3483 379 3540 scripsi,
412 3479 476 3537 ὡς
506 3480 563 3529 τὸ
594 3485 727 3529 ΜΡΗ
758 3477 883 3531 ὥστε
914 3481 971 3530 τὸ
1005 3486 1084 3530 UB
1175 3490 1225 3530 16
1257 3483 1572 3543 λανθάνωμεν
1602 3488 1655 3539 Β,
1686 3488 1732 3531 in
1765 3488 1805 3531 H
1835 3494 2087 3546 postremae
2122 3491 2298 3535 litterae

202 3554 249 3597 in
278 3567 438 3599 rasura
560 3559 606 3600 18
637 3553 666 3613 ἦ
704 3551 993 3615 ἀνθρώπους
1035 3556 1083 3598 Μ
1208 3560 1256 3600 19
1295 3557 1555 3615 ἀπέχονται
1585 3558 1667 3602 PH
1782 3563 1834 3603 20
1877 3555 2067 3614 ἀκούεις
2096 3561 2183 3605 ΡΜ

204 3627 253 3667 21
287 3616 341 3682 ἧς
369 3639 451 3682 pro
484 3622 641 3688 ὁρῴης
672 3626 720 3668 Μ
837 3630 890 3670 23
922 3625 980 3672 τὰ
1013 3632 1118 3671 ante
1148 3625 1272 3687 πρὸς
1302 3641 1388 3672 om.
1421 3629 1524 3684 PH,
1555 3635 1795 3687 utrumque
1825 3643 1910 3676 om.
1943 3631 1992 3674 M
2110 3630 2293 3678 οἰκοῦν-

205 3710 264 3740 τα
294 3695 342 3737 Μ
457 3692 589 3759 αὐτῷ
617 3711 699 3754 pro
732 3692 866 3759 ἀγρῷ
895 3697 958 3751 Μ,
988 3698 1032 3741 in
1064 3698 1203 3756 Η·γρ.
1236 3698 1282 3742 in
1313 3711 1471 3743 rasura
1596 3696 1627 3759 ἦ
1653 3726 1708 3732 -
1737 3696 1799 3758 μὴ
1831 3701 2015 3746 seclusit
2044 3702 2150 3747 Wil.

9 2901 16 2992 λ
211 2995 366 3038 δοκῶν
394 2994 496 3047 ΡΗ,
527 2997 684 3039 δοκῶν
713 2995 881 3039 seclusi
1023 2989 1114 3041 ἀλά
1146 2995 1182 3038 Ρ
1326 2991 1701 3053 καταγινώσκων
1735 2995 1855 3040 UPH
1999 3002 2025 3040 4
2055 2996 2186 3043 ἐστίν
2216 3012 2300 3043 om.

288 3771 383 3807 DIO.
407 3773 456 3809 11.
1903 3775 1952 3816 12
