2684 4140
1076 234 1302 281 ORATIO
1331 233 1429 280 XL.
2232 231 2296 280 57

221 387 365 437 οὕτω
424 382 685 450 πολίχνια
744 389 854 434 τῶν
910 383 1285 448 ἐπιτυχόντων
1342 381 1667 450 ἀνθρώπων
1720 381 1813 431 καὶ
1881 380 2019 449 ἔθνη
2081 379 2297 449 ἀσθενῆ

217 476 578 521 κατοικοῦντα
629 471 685 520 ἐν
733 472 892 538 μέρει
929 475 1027 538 τῆς
1063 474 1162 537 γῆς
1203 467 1263 517 ού
1293 464 1525 517 δύναται
1563 467 1660 535 τὴν
1698 465 1931 534 ἡσυχίαν
1970 465 2125 532 ἄγειν
2172 461 2298 515 οὐδὲ

219 555 522 624 ἀθορύβως
570 551 831 624 ἀλλήλοις
889 558 1161 620 γειτνιᾶν,·
1217 545 1343 601 ἀλλ’
1397 551 1623 620 ὄρνιθες
1676 552 1776 616 μὲν
1825 551 1982 617 ἐγγὺς
2043 545 2295 619 ἀλλήλων
2317 552 2386 602 40

0 706 1 711 ¹
46 650 127 690 (498
145 650 198 692 Μ)
223 642 601 709 ποιησάμενοι
638 639 892 699 νεοττιὰς
930 638 1024 688 οὐκ
1062 634 1525 704 ἐπιβουλεύουσιν
1554 637 1745 696 αὐτοῖς
1773 632 1899 686 οὐδὲ
1929 632 2301 705 διαφέρονται

164 734 187 772 5
225 726 356 794 περὶ
392 730 606 794 τροφῆς
634 719 785 790 (καὶ)
818 724 1127 792 φρυγάνων,
1170 718 1295 772 οὐδὲ
1321 722 1599 790 μύρμηκες
1624 717 1867 789 πλησίον
1893 719 2041 780 ὀπὰς
2067 719 2300 784 ἔχοντες,

219 811 277 859 ἐκ
326 816 423 877 τῆς
478 801 646 878 αὐτῆς
698 805 812 858 ἅλω
854 804 1126 868 πολλάκις
1163 807 1558 875 εἰσφερόμενοι
1610 808 1793 868 σῖτον,
1845 801 1985 854 ἀλλὰ
2037 819 2300 873 παραχω-

221 899 413 963 ροῦσιν
454 895 644 955 αὐτοῖς
691 894 785 944 καὶ
820 898 930 943 τῶν
970 889 1113 942 ὁδῶν
1149 893 1514 956 ἐκτρέπονται
1559 890 1653 940 καὶ
1702 885 2126 958 συνεργάζονται
2163 887 2301 940 πολ-

221 976 403 1042 λάκις,
455 969 580 1028 οὐδὲ
632 979 795 1043 ἑσμοὶ
843 974 1102 1037 πλείονες
1145 973 1444 1041 μελιττῶν,
1494 977 1588 1025 ἕνα
1641 975 1734 1024 καὶ
1781 975 1877 1024 τὸν
1926 967 2093 1024 αὐτὸν
2142 977 2301 1040 νεμό-

221 1080 383 1128 μενοι
412 1060 671 1128 λειμῶνα,
710 1068 820 1112 τῶν
848 1062 1021 1130 ἔργων
1048 1057 1426 1129 ἀμελήσαντες
1452 1059 1584 1126 περὶ
1608 1063 1719 1108 τῶν
1746 1058 1940 1108 ἀνθῶν
1967 1065 2064 1127 τῆς
2095 1056 2299 1127 δρόσου

139 1155 185 1197 10
223 1145 605 1217 διαφέρονται.
689 1147 782 1196 καὶ
827 1147 935 1215 μὴν
983 1141 1178 1211 ἀγέλαι
1223 1143 1372 1208 βοῶν
1419 1158 1478 1192 τε
1524 1142 1618 1192 καὶ
1654 1142 1851 1191 ἵππων
1889 1142 2296 1208 ἀναμιχθεῖσαι
2319 1144 2381 1214 41

19 1241 196 1284 179311)
221 1229 493 1293 πολλάκις
539 1230 841 1299 ἀθορύβως
888 1230 982 1279 καὶ
1019 1222 1219 1296 πρᾴως
1257 1230 1548 1292 νέμονται,
1600 1226 1743 1276 ὥστε
1792 1227 1927 1291 μίαν
1977 1224 2038 1289 ἐξ
2085 1229 2299 1297 ἀμφοῖν

0 1314 1 1320 ’
220 1313 418 1385 ἀγέλην
470 1314 744 1384 δρᾶσθαι·
805 1314 891 1364 ἔτι
940 1310 998 1363 δὲ
1051 1309 1289 1362 αἰπόλια
1336 1312 1430 1362 καὶ
1476 1310 1718 1376 ποίμνια
1770 1312 2154 1377 συμμιχθέντα
2205 1315 2303 1364 ἐπὶ

218 1408 389 1471 νομῆς
427 1397 866 1469 διημερεύσαντα
904 1395 1116 1468 ῥᾳδίως
1152 1398 1245 1448 καὶ
1272 1393 1481 1464 πρᾴως
1518 1396 1629 1446 ὑπὸ
1680 1401 1790 1446 τῶν
1839 1400 2053 1462 νομέων
2100 1395 2300 1466 διεκρί-

220 1486 424 1554 θησαν.
502 1484 808 1553 ἄνθρωποι
848 1481 906 1534 δὲ
945 1484 1314 1552 βοσκημάτων
1351 1483 1445 1532 καὶ
1480 1481 1702 1550 θηρίων
1735 1482 1984 1551 χείρους,
2024 1483 2101 1544 ὡς
2138 1484 2301 1548 ἔοικε,

142 1576 188 1618 15
225 1570 293 1620 τὰ
332 1571 477 1639 πρὸς
517 1566 712 1639 φιλίαν
752 1570 844 1620 καὶ
881 1570 944 1619 τὸ
983 1571 1268 1619 κοινωνεῖν
1308 1563 1585 1636 ἀλλήλοις.
1651 1567 1685 1616 ἂ
1722 1567 1824 1636 γὰρ
1862 1570 1893 1637 ἡ
1937 1569 2108 1637 φύσις
2144 1570 2303 1619 ἑποί-

218 1669 351 1725 ησεν
402 1647 623 1716 εὐνοίας
671 1657 853 1718 ἕνεκα,
904 1660 1077 1705 ταῦτα
1126 1651 1267 1704 ἰδεῖν
1317 1653 1469 1702 ἔστιν
1520 1651 1731 1720 ἔχθρας
1776 1653 1870 1703 καὶ
1905 1653 2107 1717 μίσους
2147 1652 2302 1704 αἴτια

219 1743 528 1808 γιγνόμενα.
628 1732 824 1790 αὐτίκα
885 1743 914 1809 ἡ
978 1740 1173 1808 πρώτη
1230 1738 1323 1789 καὶ
1371 1736 1601 1805 μεγίστη
1659 1733 1822 1806 φιλία
1878 1742 2101 1804 γονεῦσι
2159 1739 2304 1807 πρὸς

223 1822 436 1886 παῖδας
464 1821 508 1875 *.

1098 2007 1434 2014 μ--ῇ-

407 2245 528 2311 (24)
581 2241 822 2309 ΠΡΟΣ
871 2240 1304 2307 ΑΠΑΜΕΙΣ
1348 2240 1572 2307 ΠΕΡΙ
1622 2240 2130 2308 ΟΜΟΝΟΙΑΣ.

350 2465 475 2522 Ὅτι
521 2473 621 2538 μὲν
669 2472 851 2537 ὑμεῖς,
900 2469 943 2520 ὦ
983 2468 1152 2541 βουλὴ
1204 2473 1298 2522 καὶ
1333 2477 1444 2522 τῶν
1483 2469 1666 2522 ἄλλων
1707 2472 1762 2521 οἱ
1799 2473 2076 2540 παρόντες
2115 2470 2170 2519 οἱ
2205 2485 2299 2534 με·
2344 2481 2367 2530 1

146 2560 194 2602 20
230 2558 558 2625 τριώτατοι,
613 2554 812 2625 πρᾴως
851 2558 994 2626 πρὸς
1031 2557 1127 2622 ἐμὲ
1171 2558 1264 2607 καὶ
1304 2554 1541 2627 φιλικῶς
1589 2558 1764 2622 ἔχετε,
1815 2554 1957 2607 δοκῶ
2001 2571 2103 2621 μοι
2140 2559 2303 2604 τοῦτο

227 2643 563 2708 γιγνώσκειν.
645 2635 813 2703 αὐτός
851 2658 910 2692 τε
947 2642 1050 2711 γὰρ
1089 2643 1328 2707 ἐμαυτὸν
1369 2640 1496 2693 οἶδα
1536 2644 1667 2712 περὶ
1715 2639 1931 2692 πολλοῦ
1964 2641 2304 2704 ποιούμενον

223 2729 320 2796 τῆν
359 2719 499 2796 παρ’
541 2728 694 2792 ὑμῶν
732 2727 951 2777 εὔνοιαν
987 2727 1081 2777 καὶ
1104 2723 1392 2797 μηδέποτε
1427 2726 1600 2797 μηδὲν
1626 2728 1878 2778 ἐναντίον
1903 2727 2042 2795 μήτε
2068 2725 2303 2774 εἰπόντα

164 2833 168 2836 ’
221 2813 358 2881 μήτε
385 2808 693 2880 πράξαντα,
730 2813 823 2863 καὶ
846 2813 1004 2878 ὑμεῖς
1030 2804 1202 2873 εὐθὺς
1228 2813 1324 2877 ἐμὲ
1352 2813 1693 2882 ἀφικόμενον
1730 2812 2031 2881 ἐτιμήσατε
2060 2806 2303 2877 δημοσίᾳ

21 2914 201 2958 ·18οΒ1Ι)
224 2897 557 2966 ψηφίσματι
582 2900 929 2964 πέμψαντες,
962 2894 1326 2966 συνηδόμενοι
1351 2904 1450 2967 τῆς
1468 2894 1720 2947 καθόδου
1741 2896 1834 2946 καὶ
1854 2890 2305 2962 παρακαλοῦντες

371 3062 390 3102 1
424 3056 539 3118 ἔθνη
566 3062 647 3106 καὶ
677 3059 779 3114 (hoc
800 3059 914 3115 ord.)
937 3059 1124 3114 UBMT,
1153 3061 1535 3116 transposuerunt
1562 3058 1771 3117 impressi
1857 3060 1882 3102 3
1911 3055 1999 3113 μὲν
2028 3069 2115 3102 om.
2137 3055 2220 3102 UT

227 3132 255 3172 4
285 3122 446 3182 αι’-τοῖς
474 3129 594 3186 libri,
625 3143 740 3175 corr.
771 3130 901 3188 Emp.
1048 3135 1072 3175 5
1102 3133 1183 3176 καὶ
1211 3130 1312 3176 add.
1342 3129 1476 3187 Emp.
1639 3123 1896 3188 φρυγάνων
1912 3134 2010 3172 ‘om.
2040 3126 2163 3173 ΠΒΤ

228 3200 440 3257 πλησίων
467 3199 517 3243 Μ
603 3202 628 3243 6
659 3197 760 3247 ἄλω
790 3200 832 3246 U
920 3205 942 3244 7
976 3194 1138 3254 αὐτοῖς
1167 3201 1287 3256 libri,
1319 3212 1431 3245 corr.
1462 3199 1595 3257 Emp.
1686 3197 1996 3260 ἐντρέπονται
2026 3197 2076 3242 Μ
2164 3203 2188 3244 8
2220 3195 2307 3245 τὸν

227 3281 312 3314 om.
343 3269 381 3313 B
497 3266 762 3327 νεμώμενοι
781 3271 830 3314 M
963 3274 988 3315 9
1019 3265 1137 3318 ἀνθ’
1167 3262 1236 3316 ὧν
1265 3271 1312 3315 Μ
1344 3265 1534 3318 ἀνθέων
1563 3271 1601 3315 Β
1721 3274 1771 3314 10
1799 3272 1936 3330 βοῶν
1965 3285 2017 3315 τε
2047 3269 2223 3326 scripsi,
2254 3285 2306 3315 τε

227 3342 363 3398 βοῶν
391 3339 495 3384 libri
637 3335 961 3399 ἀναμιχθῆσαι
990 3341 1040 3384 Μ
1185 3345 1236 3386 12
1267 3338 1326 3388 αἶ’
1348 3359 1391 3388 τι
1421 3355 1502 3399 pro
1533 3337 1602 3388 ἔτι
1631 3341 1680 3384 Μ
1856 3344 1905 3385 13
1936 3338 2305 3401 διημερεύσαντα

228 3409 456 3463 Reiskius,
484 3413 564 3456 καὶ
593 3406 918 3470 ἣμερεύσαντα
948 3411 1051 3456 libri
1140 3413 1357 3469 νομαίων
1385 3413 1433 3457 Μ
1525 3417 1574 3457 15
1607 3408 1665 3460 τὰ
1697 3425 1784 3458 om.
1816 3411 1867 3456 Μ
1966 3408 2024 3458 τὸ
2056 3424 2142 3456 om.
2173 3410 2223 3455 Μ

231 3485 282 3526 16
314 3477 473 3528 ἕνεκεν
503 3482 593 3528 UM
622 3479 754 3529 ἕνεκε
784 3482 822 3527 Τ
965 3485 1187 3540 μισοῦσαι
1217 3484 1286 3538 τίς
1313 3483 1363 3527 Μ
1517 3497 1627 3541 mrg.
1658 3483 1764 3528 BT:
1796 3484 1905 3542 περὶ
1936 3475 2168 3539 ὁμονοίας
2197 3477 2309 3536 τοὺς

221 3546 448 3610 Ἀπαμεῖς
477 3557 749 3614 παρακαλεῖ
774 3553 898 3612 πρὸς
927 3553 1041 3608 τοὺς
1070 3554 1318 3613 Προυσέας
1450 3558 1503 3599 22
1534 3549 1655 3613 παρ’
1684 3549 1792 3612 ὑμῖν
1811 3552 1999 3611 UBMT,
2028 3547 2147 3612 παρ’
2178 3554 2310 3609 υμῶν

228 3622 456 3680 impressi3
487 3624 682 3670 fortasse
710 3619 818 3682 ὖμῖν
848 3624 933 3669 fuit
962 3628 1066 3682 post
1095 3623 1330 3679 ἐναντίον,
1360 3626 1480 3672 unde
1507 3625 1598 3671 huc
1627 3625 1852 3671 aberravit
2014 3627 2067 3669 23
2099 3624 2309 3685 δημοσίῳ

229 3692 350 3739 UBT
465 3696 520 3740 24
553 3692 771 3754 ψήφισμα
801 3695 909 3742 Wil.
1026 3703 1127 3750 τοῖς
1154 3709 1236 3754 pro
1269 3699 1350 3755 τῆς
1377 3697 1427 3742 Μ
