2684 4140
1008 255 1237 303 ORATIO
1267 255 1451 302 LXXX.
2171 257 2273 305 223

19 410 166 454 nnn)
190 398 413 462 Λυδοῖς
439 397 813 469 ἐπολέμησαν,
854 398 1037 451 πολλοὶ
1079 394 1131 453 δ’
1163 393 1349 463 Ἴωνές
1386 419 1445 453 τε
1469 403 1562 453 καὶ
1585 403 1832 471 Δωριεῖς
1855 403 1949 453 καὶ
1986 399 2279 468 ξύμπαντα

188 488 347 555 γένη,
398 486 613 555 ἀνοήτῳ
667 482 726 535 δὲ
778 482 1024 551 ψευδοῦς
1076 487 1414 552 αὐτονομίας
1464 488 1632 556 ἔρωτι
1683 484 1864 548 οὐδεὶς
1913 488 2280 557 ἐγκεχείρηκεν

190 573 312 631 τοῖς
367 570 534 630 αὐτὸς
585 570 758 622 αὑτοῦ
807 570 1063 640 χρῆσθαι
1111 573 1333 636 νόμοις,
1393 572 1449 621 οἱ
1506 569 1564 622 δὲ
1626 569 1940 637 ξύμπαντες
1990 573 2123 640 περὶ
2171 577 2281 622 τῶν

190 651 450 714 Σόλωνος
484 654 580 703 καὶ
614 654 938 721 Δράκοντος
974 656 1069 706 καὶ
1105 657 1273 720 Νόμα
1309 657 1404 707 καὶ
1440 652 1722 706 Ζαλεύκου
1761 659 1945 722 νόμων
1984 651 2280 724 ἐρίζουσιν,

135 744 160 785 5
196 739 354 797 ὅπως
403 728 653 799 τούτοις,
703 734 844 789 ἀλλὰ
881 741 955 808 μὴ
996 741 1219 801 τούτοις
1257 742 1540 805 ἕπωνται,
1583 738 1822 810 μηδενὸς
1861 740 1934 790 αὖ
1964 737 2105 809 μηδὲ
2143 739 2280 790 ἐκεί-

16 790 19 895 !
189 837 299 875 νων
340 819 432 871 οἷα
470 821 631 890 ἐχρῆν
669 821 891 882 θέντος.
954 821 1184 874 Σόλωνα
1221 828 1417 889 μέντοι
1451 826 1549 876 καὶ
1584 826 1750 876 αὐτὸν
1790 826 2067 895 εἰρηκέναι
2108 825 2280 895 φασὶν

187 986 546 1055 ὑπελάμβανε
579 990 917 1058 χρήσεσθαι.
1003 989 1170 1061 δῆλον
1220 993 1315 1043 οὖν
1354 996 1442 1044 ὅτι
1480 995 1761 1063 πονηρούς
1799 995 2008 1063 ἔγραφε
2055 996 2275 1059 νόμους,
2315 997 2348 1046 4

189 1072 352 1141 εἴπερ,
400 1074 533 1134 τούς
592 1074 900 1142 ἀρέσοντας
948 1081 1225 1145 πονηροῖς
1276 1078 1544 1147 ἔγραφεν·
1597 1072 1721 1127 ἀλλ’
1777 1080 1928 1144 ὅμως
1974 1079 2067 1128 καὶ
2116 1078 2282 1137 αὐτὸς

109 1164 156 1211 10
191 1160 415 1220 τούτοις
451 1159 647 1228 ἐχρῆτο
686 1163 959 1228 πονηροῖς
994 1177 1056 1211 τε
1093 1161 1221 1212 οὖσι
1256 1163 1351 1212 καὶ
1390 1163 1485 1213 οὐκ
1523 1164 1854 1231 ἀρέσκουσιν
1882 1161 2047 1228 αὐτῷ.
2116 1157 2281 1230 δῆλον

192 1244 286 1299 οὖν
325 1245 413 1297 ὅτι,
448 1244 663 1295 τούτων
687 1245 789 1309 μὲν
818 1241 1001 1295 οὐδενὶ
1023 1253 1194 1316 μετῆν
1224 1247 1579 1312 αὐτονομίας,
1621 1244 1748 1296 οὐδὲ
1775 1242 2126 1307 ἐσπούδαζον
2156 1242 2281 1296 οὐδὲ

188 1326 518 1395 ἐπολέμουν,
557 1329 716 1389 ὅπως
753 1326 894 1379 ὦσιν
931 1326 1255 1399 ἐλεύθεροι’
1295 1328 1436 1381 ἀλλὰ
1474 1331 1577 1400 γὰρ
1618 1332 1882 1400 ἄφθονόν
1919 1347 1979 1381 τε
2015 1331 2110 1380 καὶ
2145 1326 2282 1378 πολ-

16 1407 97 1468 ⁴(667
121 1425 174 1467 Μ)
201 1411 297 1485 λὴν
348 1411 605 1467 δουλείαν
652 1414 810 1474 ἐντὸς
856 1419 967 1465 τῶν
1015 1421 1211 1480 τειχῶν
1259 1413 1722 1486 ἐγκαθείρξαντες
1768 1416 1967 1466 ἔπειτα
2015 1411 2286 1477 ἐπάλξεσι

186 1500 281 1551 καὶ
319 1500 555 1568 πύργοις
590 1499 685 1550 καὶ
719 1495 942 1565 βέλεσιν
979 1501 1284 1569 ἠμύνοντο,
1335 1503 1494 1562 ὅπως
1539 1503 1614 1572 μὴ
1656 1501 1829 1552 εἰσίοι
1877 1497 2093 1563 ἔξωθεν
2138 1491 2279 1566 παρ’

111 1592 159 1634 15
198 1584 415 1647 αὐτούς,
444 1584 637 1653 ὥσπερ
665 1581 723 1635 εἴ
741 1601 829 1645 τις
852 1579 1012 1655 (τῆς)
1036 1585 1175 1646 νεὼς
1214 1583 1608 1656 διερρηγμένης
1635 1583 1916 1647 κλύδωνος
1941 1582 2100 1636 ἔνδον
2128 1586 2285 1646 ὄντος

193 1666 534 1740 φυλάττοιτο
559 1670 654 1722 καὶ
679 1671 982 1738 πράγματα
1010 1670 1143 1734 ἔχοι,
1171 1672 1393 1740 μήποτε
1420 1672 1646 1722 ἄνωθεν
1671 1669 1977 1740 ὑπερβάλῃ.
2016 1670 2282 1736 καθάπερ

192 1755 289 1807 οὖν
339 1769 486 1825 φασι
535 1755 668 1815 τούς
721 1757 920 1823 Τρῶας
966 1756 1109 1823 ὑπὲρ
1149 1762 1247 1823 τῆς
1279 1746 1494 1826 Ἑλένης
1531 1754 1975 1824 πολιορκεῖσθαι
2010 1757 2104 1805 καὶ
2141 1755 2283 1804 ἀπο-

190 1837 461 1909 θνῄσκειν
503 1840 598 1889 ούκ
635 1836 794 1890 ἔνδον
833 1839 1019 1909 οὔσης,
1059 1833 1184 1889 ἀλλ’
1228 1842 1285 1891 ἐν
1323 1839 1642 1908 Αἰγύπτῳ,
1681 1834 1851 1892 ταύτὸ
1891 1842 2089 1902 πάθος
2128 1838 2285 1890 οὗτοι

13 1987 14 1991 ¹
191 1925 593 1976 πεπόνθεσαν·
650 1925 794 1994 ὑπέρ
842 1931 941 1994 τῆς
991 1922 1322 1995 ἐλευθερίας
1371 1927 1643 1991 ἐμάχοντο
1702 1926 1797 1976 καὶ
1852 1927 2130 1995 ἠγωνίων,
2189 1917 2285 1975 οὐκ

110 2018 160 2060 20
198 2010 367 2079 οὔσης
405 2003 545 2078 παρ’
590 2001 798 2070 αὐτοῖς.
874 2002 1002 2059 ἀλλ’
1045 2011 1197 2075 ὅμως
1235 2011 1440 2061 ἐκεῖνοί
1484 2028 1544 2061 τε
1592 2008 1779 2078 ἔλεγον
1818 2012 2004 2060 πάντα
2044 2012 2281 2074 πάσχειν
2321 2012 2352 2059 5

187 2096 331 2159 ὑπὲρ
369 2100 479 2145 τῶν
516 2097 718 2160 νόμων,
756 2095 850 2145 καὶ
887 2100 980 2145 νῦν
1021 2109 1197 2164 φασιν
1236 2097 1294 2145 ἐν
1332 2097 1556 2156 τούτοις
1583 2095 1729 2147 εἶναι
1755 2098 1853 2166 τὴν
1895 2093 2065 2164 δίκην,
2107 2087 2280 2144 ὁπόσ>

12 2188 167 2239 138311)
193 2181 261 2230 ἂν
300 2172 460 2230 αυτοὶ
486 2176 773 2243 δυστυχεῖς
799 2179 953 2239 ὄντες
983 2181 1380 2248 συγγράφωσιν
1406 2180 1438 2249 ἢ
1468 2173 1609 2249 παρ’
1655 2178 1839 2231 ἄλλων
1867 2181 2076 2246 ομοίων
2104 2195 2285 2247 παρα-

12 2265 15 2276 ’
193 2262 458 2331 λάβωσιν.
528 2266 699 2329 νόμον
740 2260 798 2314 δὲ
837 2265 933 2313 τὸν
973 2261 1160 2334 ἀληθῆ
1200 2265 1294 2315 καὶ
1318 2266 1509 2332 κύριον
1533 2266 1627 2315 καὶ
1656 2266 1899 2335 φανερὸν
1927 2265 2052 2315 οὔτε
2080 2265 2286 2333 ὁρῶσιν

198 2350 326 2401 οὔτε
361 2351 604 2420 ἡγεμόνα
643 2355 946 2399 ποιοῦνται
982 2354 1086 2399 τοῦ
1119 2349 1263 2415 βίου.
1326 2355 1622 2417 τοιγαροῦν
1651 2352 1843 2420 ὥσπερ
1883 2352 1940 2402 ἐν
1966 2348 2286 2418 μεσημβρίᾳ

12 2433 14 2451 *
111 2445 159 2493 25
199 2432 522 2501 λάμποντος
560 2431 721 2504 ἡλίου
764 2431 942 2500 δᾷδας
982 2432 1106 2485 ἴασι
1140 2435 1236 2486 καὶ
1273 2432 1476 2496 δαλοὺς
1514 2436 1812 2504 ἀράμενοι,
1862 2436 1925 2485 τὸ
1974 2435 2075 2500 μὲν
2123 2433 2288 2484 θεῖον

193 2526 316 2590 φῶς
365 2521 660 2582 ἐάσαντες,
717 2517 915 2586 καπνῷ
967 2516 1026 2569 δὲ
1087 2521 1358 2585 ἑπόμενοι
1406 2521 1506 2570 κᾶν
1556 2515 1727 2589 (ἄρα)
1786 2521 1983 2589 μικρὸν
2034 2517 2287 2583 αἴθυγμα

195 2602 469 2655 δεικνύντι
506 2606 701 2674 πυρός.
778 2605 809 2654 ὁ
846 2605 947 2669 μὲν
988 2603 1083 2655 οὖν
1120 2611 1219 2674 τῆς
1259 2606 1484 2674 φύσεως
1510 2607 1681 2671 νόμος
1709 2606 1944 2676 ἀφεῖται
1966 2605 2060 2655 καὶ
2082 2598 2288 2671 <ἐκ>λέ-

193 2687 359 2740 λοιπε
396 2681 538 2757 παρ’
581 2690 728 2755 ύμῖν,
768 2687 811 2739 ὦ
866 2687 1295 2755 κακοδαίμονες·
1341 2687 1546 2752 ἄξονας
1584 2688 1643 2741 δὲ
1678 2692 1772 2742 καὶ
1806 2692 2159 2760 γραμματεῖα
2196 2688 2290 2737 καὶ

195 2772 402 2845 στήλας
441 2772 747 2845 φυλάττετε
783 2775 878 2825 καὶ
914 2772 1176 2845 ἀνωφελῆ
1219 2776 1510 2842 στίγματα.
1596 2776 1691 2825 καὶ
1734 2776 1830 2825 τὸν
1866 2776 1968 2841 μὲν
2005 2779 2108 2824 τοῦ
2140 2773 2284 2831 Διὸς
2322 2772 2356 2822 6

342 3013 362 3054 1
394 3008 670 3068 πολὲμησαν
698 3008 748 3052 Μ
880 3007 936 3055 δὲ.
957 3008 1008 3053 Μ
1143 3011 1167 3051 2
1198 3001 1388 3068 άνοήτῳ
1419 3006 1468 3055 δὲ
1498 3010 1700 3065 ψευδοῦς
1732 3006 1882 3054 Gasda
1911 3001 2108 3065 άνόητοι
2139 3001 2290 3059 εἰδούς

192 3081 298 3126 libai
411 3078 740 3138 ἐνκεχείρηκεν
768 3078 818 3127 Μ
845 3076 1145 3137 ἐκεχείρηκεν
1172 3079 1212 3123 Β
1329 3080 1355 3120 3
1385 3083 1488 3130 τοῖς
1517 3077 1566 3126 Μ
1598 3070 1655 3122 ού
1687 3083 1790 3129 τοῖς
1819 3075 1859 3120 U
1890 3073 2001 3124 οὔτε
2031 3083 2135 3130 τοῖς
2161 3076 2201 3122 Β

196 3146 345 3197 αὐτοῦ
374 3150 414 3195 U
444 3163 504 3194 m.
535 3163 604 3206 pr.
764 3151 980 3208 χρᾶσθαι
1008 3148 1126 3203 libri,
1157 3161 1274 3196 cotr.
1305 3146 1443 3195 edditi
1599 3150 1628 3191 4
1657 3149 1785 3203 νομᾶ
1812 3146 1855 3191 U
1999 3150 2024 3190 6
2055 3146 2288 3195 τιθέντων

193 3221 310 3274 libri,
339 3220 512 3273 θέντος
531 3220 664 3277 Emp.
780 3219 1017 3279 εἰρηκέναι
1044 3218 1228 3272 Jacobs,
1260 3217 1431 3267 εἰδέναι
1448 3217 1551 3261 libri
1666 3222 1689 3261 7
1726 3210 1802 3264 ὅτι
1831 3217 2016 3262 seclusit
2033 3217 2211 3262 Jacobs

196 3295 221 3336 8
249 3287 610 3351 ὑπολαμβάνειν
638 3291 695 3335 M:
831 3294 857 3335 9
887 3284 1185 3348 ἀρέσκοντας
1212 3290 1250 3333 Β
1385 3292 1437 3334 10
1468 3284 1598 3349 αὑτῷ
1627 3288 1666 3339 Β
1816 3292 1866 3333 13
1897 3287 2291 3348 ἐγκαθείρξαντες

194 3366 252 3417 (ει
282 3376 311 3408 a
340 3366 472 3417 corr.)
502 3362 545 3408 U
691 3365 742 3405 14
772 3360 834 3420 μὴ
868 3360 1008 3408 εἰσίοι
1037 3361 1084 3406 B<
1105 3355 1167 3418 μὴ
1200 3360 1395 3406 εἰσίοιεν
1424 3358 1465 3406 U
1494 3358 1582 3416 μὲν
1613 3359 1759 3406 εἰσίεν
1789 3359 1841 3409 Μ
1998 3364 2046 3404 15
2077 3361 2160 3416 τῆς
2188 3357 2290 3408 add.

195 3435 301 3479 Wil.
479 3437 531 3478 18
563 3429 760 3480 ἔνδονον
790 3433 839 3477 Μ
1044 3436 1092 3476 19
1125 3427 1439 3478 πεπόνθεσαν
1477 3432 1664 3488 εοεὶρεί,
1704 3426 2010 3478 πεπόνθασιν
2046 3428 2148 3473 libri

194 3508 244 3549 21
281 3497 434 3551 ὃπόσ’
464 3500 525 3551 ἄν
554 3504 729 3559 Pflugk,
763 3498 911 3550 ὁπότ’
942 3498 1003 3549 ἄν
1032 3501 1121 3547 ΠΒ,
1146 3496 1336 3548 ὁπόταν
1366 3501 1416 3547 Μ
1502 3504 1555 3546 22
1590 3497 1774 3558 ὁμοίως
1802 3501 1917 3555 libri,
1951 3512 2066 3546 corr.
2096 3497 2202 3544 editi

196 3579 250 3622 25
282 3577 443 3630 δαίδας
472 3575 521 3620 Μ
609 3575 706 3622 ἰᾶσι
736 3575 817 3620 UB
906 3577 960 3618 26
990 3570 1248 3627 ἐλάσαντες
1269 3571 1414 3626 UBM,
1445 3585 1562 3621 corr.
1594 3572 1704 3619 editi
1819 3568 1914 3631 ἄρα
1945 3584 2000 3616 ex
2031 3569 2292 3617 coniectura

195 3646 349 3691 addidi
491 3642 696 3704 σμικρὸν
725 3647 766 3691 Β
912 3641 1073 3703 θύγμα
1104 3645 1154 3688 Μ
1299 3647 1350 3688 27
1383 3642 1573 3693 λέλοιπε
1605 3642 1724 3697 libri,
1755 3641 1999 3690 ἐκλέλοιπε
2028 3641 2162 3697 Emp.

196 3720 249 3761 29
281 3715 570 3776 φυλάττεται
598 3717 650 3761 Μ
