<?xml version="1.0" encoding="UTF-8"?>
<!DOCTYPE html PUBLIC "-//W3C//DTD XHTML 1.0 Transitional//EN"
    "http://www.w3.org/TR/xhtml1/DTD/xhtml1-transitional.dtd">
<html xmlns="http://www.w3.org/1999/xhtml" xml:lang="en" lang="en">
 <head>
  <title>
</title>
<meta http-equiv="Content-Type" content="text/html;charset=utf-8" />
  <meta name='ocr-system' content='tesseract 3.04.00' />
  <meta name='ocr-capabilities' content='ocr_page ocr_carea ocr_par ocr_line ocrx_word'/>
</head>
<body>
  <div class='ocr_page' id='page_1' title='image "./dionisprusaensis02diocuoft_0333.png"; bbox 0 0 2684 4140; ppageno 0'>
   <div class='ocr_carea' id='block_1_1' title="bbox 628 242 2312 299">
    <p class='ocr_par' dir='ltr' id='par_1_1' title="bbox 628 242 2312 299">
     <span class='ocr_line' id='line_1_1' title="bbox 628 242 2312 299; baseline 0.002 -12"><span class='ocrx_word' id='word_1_1' title='bbox 628 242 1007 288; x_wconf 75' lang='lat' dir='ltr'>TESTIMONIA</span> <span class='ocrx_word' id='word_1_2' title='bbox 1036 242 1119 287; x_wconf 86' lang='lat' dir='ltr'><strong><em>DE</em></strong></span> <span class='ocrx_word' id='word_1_3' title='bbox 1150 243 1298 287; x_wconf 84' lang='lat' dir='ltr'><strong>VITA</strong></span> <span class='ocrx_word' id='word_1_4' title='bbox 1326 244 1529 290; x_wconf 89' lang='lat' dir='ltr'>DIONIS</span> <span class='ocrx_word' id='word_1_5' title='bbox 1560 243 1879 299; x_wconf 83' lang='lat' dir='ltr'>(SYNESIUS)</span> <span class='ocrx_word' id='word_1_6' title='bbox 2208 244 2312 294; x_wconf 83' lang='lat'><strong><em>315</em></strong></span> 
     </span>
    </p>
   </div>
   <div class='ocr_carea' id='block_1_2' title="bbox 195 385 2388 3335">
    <p class='ocr_par' dir='ltr' id='par_1_2' title="bbox 195 385 2388 3335">
     <span class='ocr_line' id='line_1_2' title="bbox 226 385 2310 461; baseline 0.003 -23"><span class='ocrx_word' id='word_1_7' title='bbox 226 387 306 455; x_wconf 74' lang='grc' dir='ltr'><strong><em>τῷ</em></strong></span> <span class='ocrx_word' id='word_1_8' title='bbox 347 385 596 454; x_wconf 88' lang='grc' dir='ltr'><strong><em>ὀνόματι.</em></strong></span> <span class='ocrx_word' id='word_1_9' title='bbox 660 390 691 437; x_wconf 85' lang='grc' dir='ltr'>ὁ</span> <span class='ocrx_word' id='word_1_10' title='bbox 729 386 787 438; x_wconf 83' lang='grc' dir='ltr'><strong><em>δὲ</em></strong></span> <span class='ocrx_word' id='word_1_11' title='bbox 816 390 1067 458; x_wconf 91' lang='grc' dir='ltr'><strong><em>προύστη</em></strong></span> <span class='ocrx_word' id='word_1_12' title='bbox 1108 406 1167 440; x_wconf 90' lang='grc' dir='ltr'><strong><em>τε</em></strong></span> <span class='ocrx_word' id='word_1_13' title='bbox 1197 385 1468 457; x_wconf 78' lang='grc' dir='ltr'><strong><em>λαμπρῶς</em></strong></span> <span class='ocrx_word' id='word_1_14' title='bbox 1493 393 1614 440; x_wconf 85' lang='grc' dir='ltr'><strong><em>τοῖν</em></strong></span> <span class='ocrx_word' id='word_1_15' title='bbox 1640 390 1789 456; x_wconf 80' lang='grc' dir='ltr'><strong><em>βίοιν</em></strong></span> <span class='ocrx_word' id='word_1_16' title='bbox 1816 394 2077 461; x_wconf 82' lang='grc' dir='ltr'><strong><em>ἑκατέρου</em></strong></span> <span class='ocrx_word' id='word_1_17' title='bbox 2114 395 2310 461; x_wconf 87' lang='grc' dir='ltr'><strong><em>χωρίς,</em></strong></span> 
     </span>
     <span class='ocr_line' id='line_1_3' title="bbox 225 473 2311 545; baseline 0.003 -23"><span class='ocrx_word' id='word_1_18' title='bbox 225 474 318 523; x_wconf 82' lang='grc' dir='ltr'><strong><em>καὶ</em></strong></span> <span class='ocrx_word' id='word_1_19' title='bbox 354 476 479 534; x_wconf 90' lang='grc' dir='ltr'><strong><em>ταῖς</em></strong></span> <span class='ocrx_word' id='word_1_20' title='bbox 515 473 836 523; x_wconf 73' lang='grc' dir='ltr'><em>ὑποθέσεσι</em></span> <span class='ocrx_word' id='word_1_21' title='bbox 873 475 1110 539; x_wconf 86' lang='grc' dir='ltr'><strong><em>μάχεται</em></strong></span> <span class='ocrx_word' id='word_1_22' title='bbox 1146 477 1272 534; x_wconf 92' lang='grc' dir='ltr'><strong><em>ταῖς</em></strong></span> <span class='ocrx_word' id='word_1_23' title='bbox 1311 475 1477 535; x_wconf 82' lang='grc' dir='ltr'><strong><em>αὐτὸς</em></strong></span> <span class='ocrx_word' id='word_1_24' title='bbox 1515 478 1739 538; x_wconf 83' lang='grc' dir='ltr'><strong><em>ἑαυτοῦ,</em></strong></span> <span class='ocrx_word' id='word_1_25' title='bbox 1781 473 1978 543; x_wconf 81' lang='grc' dir='ltr'><em>λόγους</em></span> <span class='ocrx_word' id='word_1_26' title='bbox 2014 475 2311 545; x_wconf 81' lang='grc' dir='ltr'><strong><em>ἐξενεγκὼν</em></strong></span> 
     </span>
     <span class='ocr_line' id='line_1_4' title="bbox 226 552 2307 633; baseline 0.004 -27"><span class='ocrx_word' id='word_1_27' title='bbox 226 557 342 607; x_wconf 81' lang='grc' dir='ltr'><strong><em>ἀπὸ</em></strong></span> <span class='ocrx_word' id='word_1_28' title='bbox 382 563 493 608; x_wconf 91' lang='grc' dir='ltr'><strong><em>τῶν</em></strong></span> <span class='ocrx_word' id='word_1_29' title='bbox 521 559 786 607; x_wconf 81' lang='grc' dir='ltr'><strong><em>ἐναντίων</em></strong></span> <span class='ocrx_word' id='word_1_30' title='bbox 814 552 1143 609; x_wconf 84' lang='grc' dir='ltr'><strong><em>ἐνστάσεων.</em></strong></span> <span class='ocrx_word' id='word_1_31' title='bbox 1214 560 1315 629; x_wconf 88' lang='grc' dir='ltr'><strong><em>χρὴ</em></strong></span> <span class='ocrx_word' id='word_1_32' title='bbox 1348 556 1528 628; x_wconf 93' lang='grc' dir='ltr'><strong><em>δήπου</em></strong></span> <span class='ocrx_word' id='word_1_33' title='bbox 1554 561 1647 610; x_wconf 84' lang='grc' dir='ltr'><strong><em>καὶ</em></strong></span> <span class='ocrx_word' id='word_1_34' title='bbox 1674 553 1749 610; x_wconf 80' lang='grc' dir='ltr'><strong><em>δι’</em></strong></span> <span class='ocrx_word' id='word_1_35' title='bbox 1785 561 1952 630; x_wconf 82' lang='grc' dir='ltr'><strong><em>αὐτὴν</em></strong></span> <span class='ocrx_word' id='word_1_36' title='bbox 1981 563 2076 627; x_wconf 83' lang='grc' dir='ltr'><strong><em>οὐχ</em></strong></span> <span class='ocrx_word' id='word_1_37' title='bbox 2107 564 2307 633; x_wconf 81' lang='grc' dir='ltr'><strong><em>ἥκιστα</em></strong></span> 
     </span>
     <span class='ocr_line' id='line_1_5' title="bbox 224 635 2306 717; baseline 0.004 -27"><span class='ocrx_word' id='word_1_38' title='bbox 224 642 323 711; x_wconf 87' lang='grc' dir='ltr'><strong><em>τήν</em></strong></span> <span class='ocrx_word' id='word_1_39' title='bbox 361 642 419 691; x_wconf 87' lang='grc' dir='ltr'><strong><em>ἐν</em></strong></span> <span class='ocrx_word' id='word_1_40' title='bbox 457 645 579 702; x_wconf 88' lang='grc' dir='ltr'><strong><em>τοῖς</em></strong></span> <span class='ocrx_word' id='word_1_41' title='bbox 620 635 806 708; x_wconf 79' lang='grc' dir='ltr'><em>λόγοις</em></span> <span class='ocrx_word' id='word_1_42' title='bbox 846 640 1126 712; x_wconf 85' lang='grc' dir='ltr'><strong><em>διαφορὰν</em></strong></span> <span class='ocrx_word' id='word_1_43' title='bbox 1174 645 1246 713; x_wconf 88' lang='grc' dir='ltr'><strong><em>μή</em></strong></span> <span class='ocrx_word' id='word_1_44' title='bbox 1301 644 1642 713; x_wconf 86' lang='grc' dir='ltr'><strong><em>σεσιγῆσθαι</em></strong></span> <span class='ocrx_word' id='word_1_45' title='bbox 1690 645 1758 694; x_wconf 81' lang='grc' dir='ltr'><strong><em>τὰ</em></strong></span> <span class='ocrx_word' id='word_1_46' title='bbox 1807 647 1938 714; x_wconf 81' lang='grc' dir='ltr'><strong><em>περὶ</em></strong></span> <span class='ocrx_word' id='word_1_47' title='bbox 1975 648 2071 697; x_wconf 85' lang='grc' dir='ltr'><strong><em>τὸν</em></strong></span> <span class='ocrx_word' id='word_1_48' title='bbox 2109 645 2306 717; x_wconf 82' lang='grc' dir='ltr'><strong><em>ἄνδρα.</em></strong></span> 
     </span>
     <span class='ocr_line' id='line_1_6' title="bbox 222 725 2371 797; baseline 0.004 -23"><span class='ocrx_word' id='word_1_49' title='bbox 222 727 362 793; x_wconf 83' lang='grc' dir='ltr'><strong><em>ὅπερ</em></strong></span> <span class='ocrx_word' id='word_1_50' title='bbox 414 725 516 794; x_wconf 86' lang='grc' dir='ltr'><strong><em>γὰρ</em></strong></span> <span class='ocrx_word' id='word_1_51' title='bbox 557 727 615 775; x_wconf 87' lang='grc' dir='ltr'><strong><em>ἐν</em></strong></span> <span class='ocrx_word' id='word_1_52' title='bbox 653 730 774 787; x_wconf 91' lang='grc' dir='ltr'><strong><em>τοῖς</em></strong></span> <span class='ocrx_word' id='word_1_53' title='bbox 810 727 949 791; x_wconf 80' lang='grc' dir='ltr'><strong><em>μετὰ</em></strong></span> <span class='ocrx_word' id='word_1_54' title='bbox 989 729 1162 777; x_wconf 88' lang='grc' dir='ltr'><strong><em>ταῦτά</em></strong></span> <span class='ocrx_word' id='word_1_55' title='bbox 1204 742 1404 797; x_wconf 91' lang='grc' dir='ltr'><strong><em>φησιν,</em></strong></span> <span class='ocrx_word' id='word_1_56' title='bbox 1445 725 1709 779; x_wconf 77' lang='grc' dir='ltr'><em>ἀπολύων</em></span> <span class='ocrx_word' id='word_1_57' title='bbox 1749 730 1914 780; x_wconf 81' lang='grc' dir='ltr'><strong><em>αὐτὸν</em></strong></span> <span class='ocrx_word' id='word_1_58' title='bbox 1955 732 2142 792; x_wconf 78' lang='grc' dir='ltr'><strong><em>αἰτίας</em></strong></span> <span class='ocrx_word' id='word_1_59' title='bbox 2182 745 2304 782; x_wconf 87' lang='grc' dir='ltr'><strong><em>συν·</em></strong></span> <span class='ocrx_word' id='word_1_60' title='bbox 2347 745 2371 784; x_wconf 85' lang='grc'><strong>5</strong></span> 
     </span>
     <span class='ocr_line' id='line_1_7' title="bbox 218 809 2303 885; baseline 0.003 -26"><span class='ocrx_word' id='word_1_61' title='bbox 218 809 397 860; x_wconf 85' lang='grc' dir='ltr'><strong><em>θέντα</em></strong></span> <span class='ocrx_word' id='word_1_62' title='bbox 436 810 671 861; x_wconf 83' lang='grc' dir='ltr'><strong><em>ἔπαινον</em></strong></span> <span class='ocrx_word' id='word_1_63' title='bbox 709 812 808 861; x_wconf 82' lang='grc' dir='ltr'><strong><em>ἐπὶ</em></strong></span> <span class='ocrx_word' id='word_1_64' title='bbox 844 811 1105 879; x_wconf 75' lang='grc' dir='ltr'><strong><em>ψιττακῷ</em></strong></span> <span class='ocrx_word' id='word_1_65' title='bbox 1140 811 1220 879; x_wconf 81' lang='grc' dir='ltr'><strong><em>τῴ</em></strong></span> <span class='ocrx_word' id='word_1_66' title='bbox 1257 813 1477 882; x_wconf 83' lang='grc' dir='ltr'><strong><em>ὄρνιθι·</em></strong></span> <span class='ocrx_word' id='word_1_67' title='bbox 1521 819 1801 883; x_wconf 81' lang='grc' dir='ltr'><em>σοφιστοῦ</em></span> <span class='ocrx_word' id='word_1_68' title='bbox 1835 814 1936 882; x_wconf 85' lang='grc' dir='ltr'><strong><em>γὰρ</em></strong></span> <span class='ocrx_word' id='word_1_69' title='bbox 1976 814 2122 865; x_wconf 86' lang='grc' dir='ltr'><strong><em>εἶναι</em></strong></span> <span class='ocrx_word' id='word_1_70' title='bbox 2163 813 2303 885; x_wconf 84' lang='grc' dir='ltr'><strong><em>μηδὲ</em></strong></span> 
     </span>
     <span class='ocr_line' id='line_1_8' title="bbox 219 893 2301 965; baseline 0.003 -21"><span class='ocrx_word' id='word_1_71' title='bbox 219 896 432 945; x_wconf 85' lang='grc' dir='ltr'><strong><em>τούτων</em></strong></span> <span class='ocrx_word' id='word_1_72' title='bbox 469 893 785 964; x_wconf 79' lang='grc' dir='ltr'><strong><em>ὑπεριδεῖν·</em></strong></span> <span class='ocrx_word' id='word_1_73' title='bbox 827 897 999 946; x_wconf 81' lang='grc' dir='ltr'><strong><em>αὐτοῦ</em></strong></span> <span class='ocrx_word' id='word_1_74' title='bbox 1020 899 1121 962; x_wconf 77' lang='grc' dir='ltr'><strong><em>μὲν</em></strong></span> <span class='ocrx_word' id='word_1_75' title='bbox 1149 898 1215 948; x_wconf 86' lang='grc' dir='ltr'><strong><em>ἂν</em></strong></span> <span class='ocrx_word' id='word_1_76' title='bbox 1242 895 1462 964; x_wconf 85' lang='grc' dir='ltr'><strong><em>ἐλεγχος</em></strong></span> <span class='ocrx_word' id='word_1_77' title='bbox 1500 896 1646 948; x_wconf 81' lang='grc' dir='ltr'><strong><em>εἶναι</em></strong></span> <span class='ocrx_word' id='word_1_78' title='bbox 1685 895 1881 961; x_wconf 89' lang='grc' dir='ltr'><strong><em>δόξειε,</em></strong></span> <span class='ocrx_word' id='word_1_79' title='bbox 1922 895 2301 965; x_wconf 84' lang='grc' dir='ltr'><strong><em>προειπόντος</em></strong></span> 
     </span>
     <span class='ocr_line' id='line_1_9' title="bbox 218 980 2304 1052; baseline 0.003 -24"><span class='ocrx_word' id='word_1_80' title='bbox 218 980 307 1029; x_wconf 81' lang='grc' dir='ltr'><strong><em>ὅτι</em></strong></span> <span class='ocrx_word' id='word_1_81' title='bbox 343 985 454 1029; x_wconf 90' lang='grc' dir='ltr'><strong><em>τῶν</em></strong></span> <span class='ocrx_word' id='word_1_82' title='bbox 496 984 1029 1050; x_wconf 81' lang='grc' dir='ltr'><strong><em>συκοφαντουμένων</em></strong></span> <span class='ocrx_word' id='word_1_83' title='bbox 1082 983 1234 1032; x_wconf 84' lang='grc' dir='ltr'><strong><em>ἐστὶν</em></strong></span> <span class='ocrx_word' id='word_1_84' title='bbox 1273 983 1304 1031; x_wconf 85' lang='grc' dir='ltr'><em>ὁ</em></span> <span class='ocrx_word' id='word_1_85' title='bbox 1341 983 1504 1051; x_wconf 81' lang='grc' dir='ltr'><strong><em>ἀνήρ,</em></strong></span> <span class='ocrx_word' id='word_1_86' title='bbox 1555 985 1710 1043; x_wconf 83' lang='grc' dir='ltr'><strong><em>ὅστις</em></strong></span> <span class='ocrx_word' id='word_1_87' title='bbox 1749 980 2069 1052; x_wconf 92' lang='grc' dir='ltr'><strong><em>φιλόσοφος</em></strong></span> <span class='ocrx_word' id='word_1_88' title='bbox 2107 986 2182 1034; x_wconf 83' lang='grc' dir='ltr'><strong><em>ὢν</em></strong></span> <span class='ocrx_word' id='word_1_89' title='bbox 2222 985 2304 1045; x_wconf 81' lang='grc' dir='ltr'><strong><em>εἰς</em></strong></span> 
     </span>
     <span class='ocr_line' id='line_1_10' title="bbox 218 1062 2304 1136; baseline 0.003 -24"><span class='ocrx_word' id='word_1_90' title='bbox 218 1064 315 1113; x_wconf 85' lang='grc' dir='ltr'><strong><em>τὸν</em></strong></span> <span class='ocrx_word' id='word_1_91' title='bbox 357 1066 637 1134; x_wconf 87' lang='grc' dir='ltr'><strong><em>σοφιστήν</em></strong></span> <span class='ocrx_word' id='word_1_92' title='bbox 675 1062 907 1115; x_wconf 77' lang='grc' dir='ltr'><strong><em>ἕλκεται.</em></strong></span> <span class='ocrx_word' id='word_1_93' title='bbox 987 1062 1132 1132; x_wconf 87' lang='grc' dir='ltr'><strong><em>λέγει</em></strong></span> <span class='ocrx_word' id='word_1_94' title='bbox 1168 1064 1270 1134; x_wconf 88' lang='grc' dir='ltr'><strong><em>γάρ</em></strong></span> <span class='ocrx_word' id='word_1_95' title='bbox 1312 1067 1485 1116; x_wconf 79' lang='grc' dir='ltr'><strong><em>οὕτω·</em></strong></span> <span class='ocrx_word' id='word_1_96' title='bbox 1534 1067 1825 1136; x_wconf 82' lang='grc' dir='ltr'><strong><em>Σοφιστὰς</em></strong></span> <span class='ocrx_word' id='word_1_97' title='bbox 1873 1065 1931 1117; x_wconf 81' lang='grc' dir='ltr'><strong><em>δὲ</em></strong></span> <span class='ocrx_word' id='word_1_98' title='bbox 1972 1069 2028 1117; x_wconf 83' lang='grc' dir='ltr'><strong><em>οἱ</em></strong></span> <span class='ocrx_word' id='word_1_99' title='bbox 2065 1065 2304 1119; x_wconf 80' lang='grc' dir='ltr'><strong><em>παλαιοὶ</em></strong></span> 
     </span>
     <span class='ocr_line' id='line_1_11' title="bbox 216 1143 2388 1220; baseline 0.005 -24"><span class='ocrx_word' id='word_1_100' title='bbox 216 1143 584 1212; x_wconf 81' lang='grc' dir='ltr'><strong><em>ἐπωνόμαζον</em></strong></span> <span class='ocrx_word' id='word_1_101' title='bbox 624 1149 685 1198; x_wconf 82' lang='grc' dir='ltr'><strong><em>οὐ</em></strong></span> <span class='ocrx_word' id='word_1_102' title='bbox 734 1144 907 1213; x_wconf 91' lang='grc' dir='ltr'><strong><em>μόνον</em></strong></span> <span class='ocrx_word' id='word_1_103' title='bbox 957 1155 1067 1199; x_wconf 91' lang='grc' dir='ltr'><strong><em>τῶν</em></strong></span> <span class='ocrx_word' id='word_1_104' title='bbox 1115 1145 1369 1219; x_wconf 82' lang='grc' dir='ltr'><strong><em>ῥητόρων</em></strong></span> <span class='ocrx_word' id='word_1_105' title='bbox 1417 1150 2067 1220; x_wconf 80' lang='grc' dir='ltr'><strong><em>τούςὺπερφωνοῦντάς</em></strong></span> <span class='ocrx_word' id='word_1_106' title='bbox 2114 1169 2173 1202; x_wconf 90' lang='grc' dir='ltr'><strong><em>τε</em></strong></span> <span class='ocrx_word' id='word_1_107' title='bbox 2210 1155 2305 1204; x_wconf 81' lang='grc' dir='ltr'><strong><em>καὶ</em></strong></span> <span class='ocrx_word' id='word_1_108' title='bbox 2342 1164 2388 1206; x_wconf 88' lang='grc'><strong><em>10</em></strong></span> 
     </span>
     <span class='ocr_line' id='line_1_12' title="bbox 218 1228 2301 1304; baseline 0.003 -23"><span class='ocrx_word' id='word_1_109' title='bbox 218 1228 527 1301; x_wconf 88' lang='grc' dir='ltr'><strong><em>λαμπρούς,</em></strong></span> <span class='ocrx_word' id='word_1_110' title='bbox 567 1230 710 1287; x_wconf 80' lang='grc' dir='ltr'><em>ἀλλὰ</em></span> <span class='ocrx_word' id='word_1_111' title='bbox 746 1234 840 1283; x_wconf 81' lang='grc' dir='ltr'><strong><em>καὶ</em></strong></span> <span class='ocrx_word' id='word_1_112' title='bbox 865 1238 975 1283; x_wconf 92' lang='grc' dir='ltr'><strong><em>τῶν</em></strong></span> <span class='ocrx_word' id='word_1_113' title='bbox 1005 1231 1343 1303; x_wconf 90' lang='grc' dir='ltr'><strong><em>φιλοσόφων</em></strong></span> <span class='ocrx_word' id='word_1_114' title='bbox 1380 1236 1510 1294; x_wconf 79' lang='grc' dir='ltr'><strong><em>τοὺς</em></strong></span> <span class='ocrx_word' id='word_1_115' title='bbox 1540 1236 1636 1285; x_wconf 80' lang='grc' dir='ltr'><strong><em>σὺν</em></strong></span> <span class='ocrx_word' id='word_1_116' title='bbox 1664 1235 1854 1303; x_wconf 76' lang='grc' dir='ltr'><strong><em>εὐροίᾳ</em></strong></span> <span class='ocrx_word' id='word_1_117' title='bbox 1882 1238 2301 1304; x_wconf 85' lang='grc' dir='ltr'><strong><em>ἑρμηνεύοντας,</em></strong></span> 
     </span>
     <span class='ocr_line' id='line_1_13' title="bbox 214 1314 2303 1388; baseline 0.002 -23"><span class='ocrx_word' id='word_1_118' title='bbox 214 1318 357 1384; x_wconf 80' lang='grc' dir='ltr'><strong><em>ὑπὲρ</em></strong></span> <span class='ocrx_word' id='word_1_119' title='bbox 399 1315 474 1366; x_wconf 86' lang='grc' dir='ltr'><strong><em>ὧν</em></strong></span> <span class='ocrx_word' id='word_1_120' title='bbox 503 1314 719 1385; x_wconf 78' lang='grc' dir='ltr'><strong><em>’ἀνάγκη</em></strong></span> <span class='ocrx_word' id='word_1_121' title='bbox 761 1314 1039 1385; x_wconf 89' lang='grc' dir='ltr'><strong><em>πρότερον</em></strong></span> <span class='ocrx_word' id='word_1_122' title='bbox 1078 1318 1277 1380; x_wconf 88' lang='grc' dir='ltr'><strong><em>εἰπεῖν,</em></strong></span> <span class='ocrx_word' id='word_1_123' title='bbox 1315 1316 1511 1388; x_wconf 81' lang='grc' dir='ltr'><strong><em>ἐπειδὴ</em></strong></span> <span class='ocrx_word' id='word_1_124' title='bbox 1557 1319 1651 1368; x_wconf 81' lang='grc' dir='ltr'><strong><em>οὐκ</em></strong></span> <span class='ocrx_word' id='word_1_125' title='bbox 1689 1320 1840 1379; x_wconf 80' lang='grc' dir='ltr'><strong><em>ὄντες</em></strong></span> <span class='ocrx_word' id='word_1_126' title='bbox 1880 1322 2168 1388; x_wconf 89' lang='grc' dir='ltr'><strong><em>σοφισταί,</em></strong></span> <span class='ocrx_word' id='word_1_127' title='bbox 2211 1319 2303 1371; x_wconf 85' lang='grc' dir='ltr'><strong><em>δό-</em></strong></span> 
     </span>
     <span class='ocr_line' id='line_1_14' title="bbox 216 1398 2302 1474; baseline 0.002 -23"><span class='ocrx_word' id='word_1_128' title='bbox 216 1398 408 1463; x_wconf 87' lang='grc' dir='ltr'><strong><em>ξαντες</em></strong></span> <span class='ocrx_word' id='word_1_129' title='bbox 448 1398 524 1463; x_wconf 88' lang='grc' dir='ltr'><strong><em>δέ,</em></strong></span> <span class='ocrx_word' id='word_1_130' title='bbox 564 1398 867 1470; x_wconf 83' lang='grc' dir='ltr'><strong><em>παρῆλθον</em></strong></span> <span class='ocrx_word' id='word_1_131' title='bbox 906 1402 988 1462; x_wconf 87' lang='grc' dir='ltr'><strong><em>εἰς</em></strong></span> <span class='ocrx_word' id='word_1_132' title='bbox 1013 1403 1112 1472; x_wconf 83' lang='grc' dir='ltr'><strong><em>τήν</em></strong></span> <span class='ocrx_word' id='word_1_133' title='bbox 1139 1403 1463 1467; x_wconf 82' lang='grc' dir='ltr'><strong><em>ἐπωνυμίαν</em></strong></span> <span class='ocrx_word' id='word_1_134' title='bbox 1490 1405 1720 1472; x_wconf 88' lang='grc' dir='ltr'><strong><em>ταύτην·</em></strong></span> <span class='ocrx_word' id='word_1_135' title='bbox 1760 1402 1880 1453; x_wconf 86' lang='grc' dir='ltr'><strong><em>εἶτα</em></strong></span> <span class='ocrx_word' id='word_1_136' title='bbox 1911 1410 2110 1473; x_wconf 80' lang='grc' dir='ltr'><strong><em>σαφῶς</em></strong></span> <span class='ocrx_word' id='word_1_137' title='bbox 2141 1403 2302 1474; x_wconf 85' lang='grc' dir='ltr'><strong><em>φιλο-</em></strong></span> 
     </span>
     <span class='ocr_line' id='line_1_15' title="bbox 216 1480 2306 1558; baseline 0.002 -23"><span class='ocrx_word' id='word_1_138' title='bbox 216 1481 432 1555; x_wconf 87' lang='grc' dir='ltr'><strong><em>σόφους</em></strong></span> <span class='ocrx_word' id='word_1_139' title='bbox 483 1482 691 1549; x_wconf 82' lang='grc' dir='ltr'><strong><em>ἄνδρας</em></strong></span> <span class='ocrx_word' id='word_1_140' title='bbox 740 1482 1165 1554; x_wconf 74' lang='grc' dir='ltr'><strong><em>ἐξαριθμεῖται·</em></strong></span> <span class='ocrx_word' id='word_1_141' title='bbox 1223 1480 1362 1552; x_wconf 77' lang='grc' dir='ltr'><strong><em>μεθ’</em></strong></span> <span class='ocrx_word' id='word_1_142' title='bbox 1418 1486 1494 1538; x_wconf 82' lang='grc' dir='ltr'><strong><em>ὧν</em></strong></span> <span class='ocrx_word' id='word_1_143' title='bbox 1543 1485 1606 1558; x_wconf 84' lang='grc' dir='ltr'><strong><em>δή</em></strong></span> <span class='ocrx_word' id='word_1_144' title='bbox 1655 1489 1749 1538; x_wconf 86' lang='grc' dir='ltr'><strong><em>καὶ</em></strong></span> <span class='ocrx_word' id='word_1_145' title='bbox 1795 1489 1891 1538; x_wconf 83' lang='grc' dir='ltr'><strong><em>τὸν</em></strong></span> <span class='ocrx_word' id='word_1_146' title='bbox 1940 1490 2162 1552; x_wconf 86' lang='grc' dir='ltr'><strong><em>Δίωνα,</em></strong></span> <span class='ocrx_word' id='word_1_147' title='bbox 2212 1492 2306 1541; x_wconf 85' lang='grc' dir='ltr'><strong><em>καὶ</em></strong></span> 
     </span>
     <span class='ocr_line' id='line_1_16' title="bbox 209 1567 2387 1639; baseline 0.003 -20"><span class='ocrx_word' id='word_1_148' title='bbox 209 1570 351 1634; x_wconf 83' lang='grc' dir='ltr'><strong><em>μετὰ</em></strong></span> <span class='ocrx_word' id='word_1_149' title='bbox 378 1570 575 1620; x_wconf 88' lang='grc' dir='ltr'><strong><em>Δίωνα</em></strong></span> <span class='ocrx_word' id='word_1_150' title='bbox 615 1567 836 1633; x_wconf 83' lang='grc' dir='ltr'><strong><em>ἄλλους,</em></strong></span> <span class='ocrx_word' id='word_1_151' title='bbox 877 1570 953 1621; x_wconf 82' lang='grc' dir='ltr'><strong><em>ὧν</em></strong></span> <span class='ocrx_word' id='word_1_152' title='bbox 993 1573 1125 1639; x_wconf 79' lang='grc' dir='ltr'><strong><em>περὶ</em></strong></span> <span class='ocrx_word' id='word_1_153' title='bbox 1148 1578 1263 1622; x_wconf 66' lang='grc' dir='ltr'><strong><em>Ὶτοῦ</em></strong></span> <span class='ocrx_word' id='word_1_154' title='bbox 1296 1569 1614 1622; x_wconf 84' lang='grc' dir='ltr'><strong><em>τελευταίου</em></strong></span> <span class='ocrx_word' id='word_1_155' title='bbox 1643 1570 1978 1639; x_wconf 84' lang='grc' dir='ltr'><strong><em>παυόμενος,</em></strong></span> <span class='ocrx_word' id='word_1_156' title='bbox 2023 1577 2299 1637; x_wconf 82' lang='grc' dir='ltr'><strong><em>Τοσαῦτα,</em></strong></span> <span class='ocrx_word' id='word_1_157' title='bbox 2342 1585 2387 1627; x_wconf 84' lang='grc'><strong><em>15</em></strong></span> 
     </span>
     <span class='ocr_line' id='line_1_17' title="bbox 213 1653 2299 1726; baseline 0.002 -22"><span class='ocrx_word' id='word_1_158' title='bbox 213 1656 372 1725; x_wconf 91' lang='grc' dir='ltr'><strong><em>φησί,</em></strong></span> <span class='ocrx_word' id='word_1_159' title='bbox 413 1656 546 1723; x_wconf 86' lang='grc' dir='ltr'><strong><em>περὶ</em></strong></span> <span class='ocrx_word' id='word_1_160' title='bbox 581 1660 692 1705; x_wconf 88' lang='grc' dir='ltr'><strong><em>τῶν</em></strong></span> <span class='ocrx_word' id='word_1_161' title='bbox 722 1653 1237 1726; x_wconf 79' lang='grc' dir='ltr'><strong><em>φιλοσοφησάντων</em></strong></span> <span class='ocrx_word' id='word_1_162' title='bbox 1276 1659 1334 1707; x_wconf 88' lang='grc' dir='ltr'><strong><em>ἐν</em></strong></span> <span class='ocrx_word' id='word_1_163' title='bbox 1373 1654 1503 1725; x_wconf 86' lang='grc' dir='ltr'><strong><em>δόξῃ</em></strong></span> <span class='ocrx_word' id='word_1_164' title='bbox 1531 1664 1634 1707; x_wconf 89' lang='grc' dir='ltr'><strong><em>τοῦ</em></strong></span> <span class='ocrx_word' id='word_1_165' title='bbox 1659 1664 2059 1726; x_wconf 81' lang='grc' dir='ltr'><strong><em>σοφιστεῦσαι·</em></strong></span> <span class='ocrx_word' id='word_1_166' title='bbox 2098 1659 2299 1709; x_wconf 81' lang='grc' dir='ltr'><strong><em>ταύτὸν</em></strong></span> 
     </span>
     <span class='ocr_line' id='line_1_18' title="bbox 210 1739 2295 1811; baseline 0.002 -21"><span class='ocrx_word' id='word_1_167' title='bbox 210 1743 416 1809; x_wconf 80' lang='grc' dir='ltr'><strong><em>ἑτέρως</em></strong></span> <span class='ocrx_word' id='word_1_168' title='bbox 455 1740 662 1803; x_wconf 86' lang='grc' dir='ltr'><strong><em>εἰπών,</em></strong></span> <span class='ocrx_word' id='word_1_169' title='bbox 702 1742 791 1790; x_wconf 84' lang='grc' dir='ltr'><strong><em>ὅτι</em></strong></span> <span class='ocrx_word' id='word_1_170' title='bbox 826 1742 899 1811; x_wconf 86' lang='grc' dir='ltr'><strong><em>μή</em></strong></span> <span class='ocrx_word' id='word_1_171' title='bbox 942 1742 1096 1803; x_wconf 82' lang='grc' dir='ltr'><strong><em>ὄντες</em></strong></span> <span class='ocrx_word' id='word_1_172' title='bbox 1135 1743 1408 1811; x_wconf 83' lang='grc' dir='ltr'><strong><em>σοφισταὶ</em></strong></span> <span class='ocrx_word' id='word_1_173' title='bbox 1444 1748 1547 1791; x_wconf 89' lang='grc' dir='ltr'><strong><em>τοῦ</em></strong></span> <span class='ocrx_word' id='word_1_174' title='bbox 1582 1740 1859 1807; x_wconf 83' lang='grc' dir='ltr'><strong><em>ὀνόματος</em></strong></span> <span class='ocrx_word' id='word_1_175' title='bbox 1896 1739 2295 1809; x_wconf 82' lang='grc' dir='ltr'><strong><em>ἐπεβάτευσαν.</em></strong></span> 
     </span>
     <span class='ocr_line' id='line_1_19' title="bbox 209 1821 2302 1897; baseline 0.004 -26"><span class='ocrx_word' id='word_1_176' title='bbox 209 1823 397 1872; x_wconf 88' lang='grc' dir='ltr'><strong><em>καίτοι</em></strong></span> <span class='ocrx_word' id='word_1_177' title='bbox 433 1821 641 1888; x_wconf 87' lang='grc' dir='ltr'><strong><em>μεταξύ</em></strong></span> <span class='ocrx_word' id='word_1_178' title='bbox 683 1826 796 1874; x_wconf 87' lang='grc' dir='ltr'><strong><em>πού</em></strong></span> <span class='ocrx_word' id='word_1_179' title='bbox 838 1839 1013 1895; x_wconf 85' lang='grc' dir='ltr'><strong><em>φησιν</em></strong></span> <span class='ocrx_word' id='word_1_180' title='bbox 1052 1826 1289 1895; x_wconf 81' lang='grc' dir='ltr'><strong><em>ἀπορεῖν</em></strong></span> <span class='ocrx_word' id='word_1_181' title='bbox 1318 1826 1381 1876; x_wconf 86' lang='grc' dir='ltr'><strong><em>οἶ</em></strong></span> <span class='ocrx_word' id='word_1_182' title='bbox 1394 1833 1569 1895; x_wconf 91' lang='grc' dir='ltr'><strong><em>χοροῦ</em></strong></span> <span class='ocrx_word' id='word_1_183' title='bbox 1591 1824 1747 1890; x_wconf 81' lang='grc' dir='ltr'><strong><em>τάξει</em></strong></span> <span class='ocrx_word' id='word_1_184' title='bbox 1773 1829 1867 1877; x_wconf 87' lang='grc' dir='ltr'><strong><em>τὸν</em></strong></span> <span class='ocrx_word' id='word_1_185' title='bbox 1906 1825 2097 1896; x_wconf 82' lang='grc' dir='ltr'><strong><em>ἄνδρα,</em></strong></span> <span class='ocrx_word' id='word_1_186' title='bbox 2139 1844 2302 1897; x_wconf 84' lang='grc' dir='ltr'><strong><em>περι·</em></strong></span> 
     </span>
     <span class='ocr_line' id='line_1_20' title="bbox 211 1904 2294 1980; baseline 0.002 -23"><span class='ocrx_word' id='word_1_187' title='bbox 211 1904 395 1970; x_wconf 85' lang='grc' dir='ltr'><strong><em>δέξιον</em></strong></span> <span class='ocrx_word' id='word_1_188' title='bbox 436 1906 499 1978; x_wconf 87' lang='grc' dir='ltr'><strong><em>δή</em></strong></span> <span class='ocrx_word' id='word_1_189' title='bbox 540 1926 665 1959; x_wconf 88' lang='grc' dir='ltr'><strong><em>τινα</em></strong></span> <span class='ocrx_word' id='word_1_190' title='bbox 707 1911 855 1960; x_wconf 84' lang='grc' dir='ltr'><strong><em>ὄντα.</em></strong></span> <span class='ocrx_word' id='word_1_191' title='bbox 932 1912 990 1961; x_wconf 90' lang='grc' dir='ltr'><strong><em>τί</em></strong></span> <span class='ocrx_word' id='word_1_192' title='bbox 1027 1911 1121 1961; x_wconf 79' lang='grc' dir='ltr'><strong><em>οὖν</em></strong></span> <span class='ocrx_word' id='word_1_193' title='bbox 1160 1916 1461 1980; x_wconf 90' lang='grc' dir='ltr'><strong><em>προεῖπας,</em></strong></span> <span class='ocrx_word' id='word_1_194' title='bbox 1501 1913 1558 1961; x_wconf 92' lang='grc' dir='ltr'><strong><em>τί</em></strong></span> <span class='ocrx_word' id='word_1_195' title='bbox 1596 1909 1654 1962; x_wconf 84' lang='grc' dir='ltr'><strong><em>δὲ</em></strong></span> <span class='ocrx_word' id='word_1_196' title='bbox 1693 1913 1965 1974; x_wconf 86' lang='grc' dir='ltr'><strong><em>ἐπεῖπας,</em></strong></span> <span class='ocrx_word' id='word_1_197' title='bbox 2005 1914 2092 1962; x_wconf 85' lang='grc' dir='ltr'><strong><em>ὅτι</em></strong></span> <span class='ocrx_word' id='word_1_198' title='bbox 2129 1918 2294 1962; x_wconf 88' lang='grc' dir='ltr'><strong><em>τοῦτο</em></strong></span> 
     </span>
     <span class='ocr_line' id='line_1_21' title="bbox 206 1989 2381 2065; baseline 0.003 -24"><span class='ocrx_word' id='word_1_199' title='bbox 206 1993 308 2056; x_wconf 82' lang='grc' dir='ltr'><strong><em>μὲν</em></strong></span> <span class='ocrx_word' id='word_1_200' title='bbox 347 1992 516 2055; x_wconf 82' lang='grc' dir='ltr'><strong><em>ἔστιν,</em></strong></span> <span class='ocrx_word' id='word_1_201' title='bbox 556 1994 733 2043; x_wconf 90' lang='grc' dir='ltr'><strong><em>ἐκεῖνο</em></strong></span> <span class='ocrx_word' id='word_1_202' title='bbox 774 1991 832 2044; x_wconf 82' lang='grc' dir='ltr'><strong><em>δὲ</em></strong></span> <span class='ocrx_word' id='word_1_203' title='bbox 874 1996 1154 2064; x_wconf 90' lang='grc' dir='ltr'><strong><em>φαίνεται.</em></strong></span> <span class='ocrx_word' id='word_1_204' title='bbox 1220 1989 1346 2045; x_wconf 78' lang='grc' dir='ltr'><em>ἀλλ’</em></span> <span class='ocrx_word' id='word_1_205' title='bbox 1390 1997 1558 2063; x_wconf 81' lang='grc' dir='ltr'><strong><em>ἔγωγε</em></strong></span> <span class='ocrx_word' id='word_1_206' title='bbox 1587 1997 1648 2046; x_wconf 82' lang='grc' dir='ltr'><strong><em>οὐ</em></strong></span> <span class='ocrx_word' id='word_1_207' title='bbox 1675 1994 2112 2064; x_wconf 80' lang='grc' dir='ltr'><strong><em>μικρολογοῦμαι</em></strong></span> <span class='ocrx_word' id='word_1_208' title='bbox 2150 1998 2295 2065; x_wconf 84' lang='grc' dir='ltr'><strong><em>πρὸς</em></strong></span> <span class='ocrx_word' id='word_1_209' title='bbox 2334 2008 2381 2049; x_wconf 86' lang='grc'><strong><em>20</em></strong></span> 
     </span>
     <span class='ocr_line' id='line_1_22' title="bbox 207 2075 2296 2150; baseline 0.003 -24"><span class='ocrx_word' id='word_1_210' title='bbox 207 2077 309 2137; x_wconf 86' lang='grc' dir='ltr'><strong><em>τὰς</em></strong></span> <span class='ocrx_word' id='word_1_211' title='bbox 347 2075 793 2145; x_wconf 91' lang='grc' dir='ltr'><strong><em>ἐναντιολογίας·</em></strong></span> <span class='ocrx_word' id='word_1_212' title='bbox 836 2086 1097 2149; x_wconf 81' lang='grc' dir='ltr'><strong><em>συγχωρῶ</em></strong></span> <span class='ocrx_word' id='word_1_213' title='bbox 1140 2078 1198 2130; x_wconf 81' lang='grc' dir='ltr'><strong><em>δὲ</em></strong></span> <span class='ocrx_word' id='word_1_214' title='bbox 1225 2082 1320 2131; x_wconf 84' lang='grc' dir='ltr'><strong><em>τὸν</em></strong></span> <span class='ocrx_word' id='word_1_215' title='bbox 1346 2082 1542 2131; x_wconf 88' lang='grc' dir='ltr'><strong><em>Δίωνα</em></strong></span> <span class='ocrx_word' id='word_1_216' title='bbox 1584 2078 1903 2150; x_wconf 91' lang='grc' dir='ltr'><strong><em>φιλόσοφον</em></strong></span> <span class='ocrx_word' id='word_1_217' title='bbox 1932 2083 2061 2132; x_wconf 80' lang='grc' dir='ltr'><strong><em>ὄντα</em></strong></span> <span class='ocrx_word' id='word_1_218' title='bbox 2091 2079 2296 2143; x_wconf 88' lang='grc' dir='ltr'><strong><em>παῖξαι</em></strong></span> 
     </span>
     <span class='ocr_line' id='line_1_23' title="bbox 205 2161 2296 2235; baseline 0.002 -25"><span class='ocrx_word' id='word_1_219' title='bbox 205 2161 274 2210; x_wconf 84' lang='grc' dir='ltr'><strong><em>τὰ</em></strong></span> <span class='ocrx_word' id='word_1_220' title='bbox 317 2167 624 2231; x_wconf 83' lang='grc' dir='ltr'><strong><em>σοφιστῶν,</em></strong></span> <span class='ocrx_word' id='word_1_221' title='bbox 665 2163 716 2213; x_wconf 85' lang='grc' dir='ltr'><strong><em>εἰ</em></strong></span> <span class='ocrx_word' id='word_1_222' title='bbox 752 2161 924 2228; x_wconf 90' lang='grc' dir='ltr'><strong><em>μόνον</em></strong></span> <span class='ocrx_word' id='word_1_223' title='bbox 964 2162 1147 2227; x_wconf 83' lang='grc' dir='ltr'><strong><em>πρᾶός</em></strong></span> <span class='ocrx_word' id='word_1_224' title='bbox 1173 2167 1295 2214; x_wconf 88' lang='grc' dir='ltr'><strong><em>ἐστι</em></strong></span> <span class='ocrx_word' id='word_1_225' title='bbox 1321 2167 1413 2215; x_wconf 83' lang='grc' dir='ltr'><strong><em>καὶ</em></strong></span> <span class='ocrx_word' id='word_1_226' title='bbox 1439 2162 1601 2226; x_wconf 83' lang='grc' dir='ltr'><strong><em>ἵλεως</em></strong></span> <span class='ocrx_word' id='word_1_227' title='bbox 1630 2162 1964 2234; x_wconf 75' lang='grc' dir='ltr'><strong><em>φιλοσοφίᾳ,</em></strong></span> <span class='ocrx_word' id='word_1_228' title='bbox 2003 2167 2095 2216; x_wconf 83' lang='grc' dir='ltr'><strong><em>καὶ</em></strong></span> <span class='ocrx_word' id='word_1_229' title='bbox 2119 2164 2296 2235; x_wconf 86' lang='grc' dir='ltr'><strong><em>μηδα-</em></strong></span> 
     </span>
     <span class='ocr_line' id='line_1_24' title="bbox 202 2242 2293 2320; baseline 0.002 -25"><span class='ocrx_word' id='word_1_230' title='bbox 202 2251 316 2310; x_wconf 92' lang='grc' dir='ltr'><strong><em>μοῦ</em></strong></span> <span class='ocrx_word' id='word_1_231' title='bbox 349 2244 522 2315; x_wconf 83' lang='grc' dir='ltr'><strong><em>μηδὲν</em></strong></span> <span class='ocrx_word' id='word_1_232' title='bbox 560 2249 868 2317; x_wconf 85' lang='grc' dir='ltr'><strong><em>ἐπηρέακεν</em></strong></span> <span class='ocrx_word' id='word_1_233' title='bbox 895 2249 1048 2318; x_wconf 82' lang='grc' dir='ltr'><strong><em>αὐτῇ,</em></strong></span> <span class='ocrx_word' id='word_1_234' title='bbox 1085 2242 1219 2319; x_wconf 76' lang='grc' dir='ltr'><strong><em>μηδ’</em></strong></span> <span class='ocrx_word' id='word_1_235' title='bbox 1265 2243 1362 2300; x_wconf 78' lang='grc' dir='ltr'><strong><em>ἐπ’</em></strong></span> <span class='ocrx_word' id='word_1_236' title='bbox 1407 2251 1575 2320; x_wconf 83' lang='grc' dir='ltr'><strong><em>αὐτὴν</em></strong></span> <span class='ocrx_word' id='word_1_237' title='bbox 1606 2251 1925 2301; x_wconf 83' lang='grc' dir='ltr'><strong><em>συντέθεικε</em></strong></span> <span class='ocrx_word' id='word_1_238' title='bbox 1955 2247 2149 2318; x_wconf 87' lang='grc' dir='ltr'><strong><em>λόγους</em></strong></span> <span class='ocrx_word' id='word_1_239' title='bbox 2176 2253 2293 2300; x_wconf 83' lang='grc' dir='ltr'><strong><em>ἰτα-</em></strong></span> 
     </span>
     <span class='ocr_line' id='line_1_25' title="bbox 202 2326 2294 2405; baseline 0.002 -25"><span class='ocrx_word' id='word_1_240' title='bbox 202 2333 344 2392; x_wconf 88' lang='grc' dir='ltr'><strong><em>μούς</em></strong></span> <span class='ocrx_word' id='word_1_241' title='bbox 389 2349 449 2382; x_wconf 91' lang='grc' dir='ltr'><strong><em>τε</em></strong></span> <span class='ocrx_word' id='word_1_242' title='bbox 495 2333 589 2383; x_wconf 84' lang='grc' dir='ltr'><strong><em>καὶ</em></strong></span> <span class='ocrx_word' id='word_1_243' title='bbox 623 2334 943 2403; x_wconf 86' lang='grc' dir='ltr'><strong><em>κακοήθεις.</em></strong></span> <span class='ocrx_word' id='word_1_244' title='bbox 1029 2328 1155 2384; x_wconf 76' lang='grc' dir='ltr'><em>ἀλλ’</em></span> <span class='ocrx_word' id='word_1_245' title='bbox 1200 2326 1364 2397; x_wconf 78' lang='grc' dir='ltr'><strong><em>οὗτός</em></strong></span> <span class='ocrx_word' id='word_1_246' title='bbox 1411 2352 1470 2403; x_wconf 90' lang='grc' dir='ltr'><strong><em>γε</em></strong></span> <span class='ocrx_word' id='word_1_247' title='bbox 1522 2333 1762 2386; x_wconf 89' lang='grc' dir='ltr'><strong><em>πλεῖστα</em></strong></span> <span class='ocrx_word' id='word_1_248' title='bbox 1814 2333 1877 2405; x_wconf 85' lang='grc' dir='ltr'><strong><em>δή</em></strong></span> <span class='ocrx_word' id='word_1_249' title='bbox 1917 2337 2010 2386; x_wconf 82' lang='grc' dir='ltr'><strong><em>καὶ</em></strong></span> <span class='ocrx_word' id='word_1_250' title='bbox 2045 2333 2294 2400; x_wconf 89' lang='grc' dir='ltr'><strong><em>μάλιστα</em></strong></span> 
     </span>
     <span class='ocr_line' id='line_1_26' title="bbox 206 2414 2377 2491; baseline 0.002 -25"><span class='ocrx_word' id='word_1_251' title='bbox 206 2423 497 2486; x_wconf 90' lang='grc' dir='ltr'><strong><em>σοφιστῶν</em></strong></span> <span class='ocrx_word' id='word_1_252' title='bbox 545 2419 626 2479; x_wconf 87' lang='grc' dir='ltr'><strong><em>εἰς</em></strong></span> <span class='ocrx_word' id='word_1_253' title='bbox 677 2414 1034 2489; x_wconf 86' lang='grc' dir='ltr'><strong><em>φιλοσόφους</em></strong></span> <span class='ocrx_word' id='word_1_254' title='bbox 1095 2438 1154 2471; x_wconf 88' lang='grc' dir='ltr'><strong><em>τε</em></strong></span> <span class='ocrx_word' id='word_1_255' title='bbox 1214 2422 1308 2471; x_wconf 84' lang='grc' dir='ltr'><strong><em>καὶ</em></strong></span> <span class='ocrx_word' id='word_1_256' title='bbox 1358 2419 1709 2491; x_wconf 90' lang='grc' dir='ltr'><strong><em>φιλοσοφίαν</em></strong></span> <span class='ocrx_word' id='word_1_257' title='bbox 1758 2421 2283 2489; x_wconf 85' lang='grc' dir='ltr'><strong><em>άπηναισχύντηκεν.</em></strong></span> <span class='ocrx_word' id='word_1_258' title='bbox 2331 2430 2377 2471; x_wconf 80' lang='grc'><strong><em>25</em></strong></span> 
     </span>
     <span class='ocr_line' id='line_1_27' title="bbox 203 2494 2293 2574; baseline 0.003 -25"><span class='ocrx_word' id='word_1_259' title='bbox 203 2501 300 2550; x_wconf 83' lang='grc' dir='ltr'><strong><em>ἅτε</em></strong></span> <span class='ocrx_word' id='word_1_260' title='bbox 335 2494 465 2567; x_wconf 82' lang='grc' dir='ltr'><strong><em>γάρ,</em></strong></span> <span class='ocrx_word' id='word_1_261' title='bbox 507 2500 694 2566; x_wconf 88' lang='grc' dir='ltr'><strong><em>οἶμαι,</em></strong></span> <span class='ocrx_word' id='word_1_262' title='bbox 737 2504 961 2572; x_wconf 88' lang='grc' dir='ltr'><strong><em>φύσεως</em></strong></span> <span class='ocrx_word' id='word_1_263' title='bbox 1001 2501 1181 2568; x_wconf 82' lang='grc' dir='ltr'><strong><em>λαχὼν</em></strong></span> <span class='ocrx_word' id='word_1_264' title='bbox 1219 2506 1453 2574; x_wconf 85' lang='grc' dir='ltr'><strong><em>ἐχούσης</em></strong></span> <span class='ocrx_word' id='word_1_265' title='bbox 1494 2506 1679 2569; x_wconf 85' lang='grc' dir='ltr'><strong><em>ἰσχύν,</em></strong></span> <span class='ocrx_word' id='word_1_266' title='bbox 1727 2506 1820 2555; x_wconf 83' lang='grc' dir='ltr'><strong><em>καὶ</em></strong></span> <span class='ocrx_word' id='word_1_267' title='bbox 1870 2506 1932 2554; x_wconf 88' lang='grc' dir='ltr'><strong><em>τὸ</em></strong></span> <span class='ocrx_word' id='word_1_268' title='bbox 1973 2507 2293 2574; x_wconf 83' lang='grc' dir='ltr'><strong><em>ῥητορεύειν</em></strong></span> 
     </span>
     <span class='ocr_line' id='line_1_28' title="bbox 202 2582 2293 2658; baseline 0.002 -24"><span class='ocrx_word' id='word_1_269' title='bbox 202 2586 336 2635; x_wconf 80' lang='grc' dir='ltr'><strong><em>αὐτὸ</em></strong></span> <span class='ocrx_word' id='word_1_270' title='bbox 376 2582 666 2655; x_wconf 85' lang='grc' dir='ltr'><strong><em>ήλήθευεν,</em></strong></span> <span class='ocrx_word' id='word_1_271' title='bbox 705 2588 933 2652; x_wconf 81' lang='grc' dir='ltr'><strong><em>ἄμεινον</em></strong></span> <span class='ocrx_word' id='word_1_272' title='bbox 972 2589 1462 2655; x_wconf 82' lang='grc' dir='ltr'><strong><em>ἀναπεπεισμένος</em></strong></span> <span class='ocrx_word' id='word_1_273' title='bbox 1501 2589 1646 2640; x_wconf 84' lang='grc' dir='ltr'><strong><em>εἶναι</em></strong></span> <span class='ocrx_word' id='word_1_274' title='bbox 1684 2595 1786 2639; x_wconf 91' lang='grc' dir='ltr'><strong><em>τοῦ</em></strong></span> <span class='ocrx_word' id='word_1_275' title='bbox 1822 2585 1915 2658; x_wconf 84' lang='grc' dir='ltr'><strong><em>ζῆν</em></strong></span> <span class='ocrx_word' id='word_1_276' title='bbox 1949 2590 2088 2639; x_wconf 81' lang='grc' dir='ltr'><strong><em>κατὰ</em></strong></span> <span class='ocrx_word' id='word_1_277' title='bbox 2130 2587 2293 2658; x_wconf 52' lang='grc' dir='ltr'><strong><em>φιλο“</em></strong></span> 
     </span>
     <span class='ocr_line' id='line_1_29' title="bbox 207 2666 2292 2744; baseline 0.002 -26"><span class='ocrx_word' id='word_1_278' title='bbox 207 2670 420 2739; x_wconf 89' lang='grc' dir='ltr'><strong><em>σοφίαν</em></strong></span> <span class='ocrx_word' id='word_1_279' title='bbox 462 2671 525 2719; x_wconf 84' lang='grc' dir='ltr'><strong><em>τὸ</em></strong></span> <span class='ocrx_word' id='word_1_280' title='bbox 567 2666 660 2740; x_wconf 81' lang='grc' dir='ltr'><strong><em>ζῆν</em></strong></span> <span class='ocrx_word' id='word_1_281' title='bbox 697 2672 837 2721; x_wconf 84' lang='grc' dir='ltr'><strong><em>κατὰ</em></strong></span> <span class='ocrx_word' id='word_1_282' title='bbox 876 2673 977 2734; x_wconf 80' lang='grc' dir='ltr'><strong><em>τὰς</em></strong></span> <span class='ocrx_word' id='word_1_283' title='bbox 1018 2674 1211 2735; x_wconf 82' lang='grc' dir='ltr'><strong><em>κοινὰς</em></strong></span> <span class='ocrx_word' id='word_1_284' title='bbox 1247 2671 1593 2744; x_wconf 79' lang='grc' dir='ltr'><strong><em>ὑπολήψεις·</em></strong></span> <span class='ocrx_word' id='word_1_285' title='bbox 1641 2675 1777 2724; x_wconf 82' lang='grc' dir='ltr'><strong><em>ὅθεν</em></strong></span> <span class='ocrx_word' id='word_1_286' title='bbox 1822 2676 1852 2724; x_wconf 84' lang='grc' dir='ltr'><strong><em>ὅ</em></strong></span> <span class='ocrx_word' id='word_1_287' title='bbox 1889 2691 1947 2723; x_wconf 88' lang='grc' dir='ltr'><strong><em>τε</em></strong></span> <span class='ocrx_word' id='word_1_288' title='bbox 1993 2674 2132 2723; x_wconf 78' lang='grc' dir='ltr'><strong><em>κατὰ</em></strong></span> <span class='ocrx_word' id='word_1_289' title='bbox 2182 2679 2292 2723; x_wconf 91' lang='grc' dir='ltr'><strong><em>τῶν</em></strong></span> 
     </span>
     <span class='ocr_line' id='line_1_30' title="bbox 203 2752 2290 2828; baseline 0.002 -24"><span class='ocrx_word' id='word_1_290' title='bbox 203 2752 541 2825; x_wconf 90' lang='grc' dir='ltr'><strong><em>φιλοσόφων</em></strong></span> <span class='ocrx_word' id='word_1_291' title='bbox 585 2755 734 2824; x_wconf 66' lang='grc' dir='ltr'><strong><em>αὐτῷ</em></strong></span> <span class='ocrx_word' id='word_1_292' title='bbox 777 2754 938 2824; x_wconf 86' lang='grc' dir='ltr'><strong><em>λόγος</em></strong></span> <span class='ocrx_word' id='word_1_293' title='bbox 976 2757 1370 2828; x_wconf 76' lang='grc' dir='ltr'><strong><em>ἐσπουδάσθη,</em></strong></span> <span class='ocrx_word' id='word_1_294' title='bbox 1413 2757 1634 2828; x_wconf 88' lang='grc' dir='ltr'><strong><em>σφόδρα</em></strong></span> <span class='ocrx_word' id='word_1_295' title='bbox 1667 2760 2160 2827; x_wconf 83' lang='grc' dir='ltr'><strong><em>ἀπηγκωνισμένος</em></strong></span> <span class='ocrx_word' id='word_1_296' title='bbox 2197 2759 2290 2808; x_wconf 86' lang='grc' dir='ltr'><strong><em>καὶ</em></strong></span> 
     </span>
     <span class='ocr_line' id='line_1_31' title="bbox 201 2837 2374 2912; baseline 0.003 -24"><span class='ocrx_word' id='word_1_297' title='bbox 201 2837 361 2890; x_wconf 79' lang='grc' dir='ltr'><strong><em>οὐδὲν</em></strong></span> <span class='ocrx_word' id='word_1_298' title='bbox 402 2847 583 2910; x_wconf 86' lang='grc' dir='ltr'><strong><em>σχῆμα</em></strong></span> <span class='ocrx_word' id='word_1_299' title='bbox 625 2843 879 2911; x_wconf 85' lang='grc' dir='ltr'><strong><em>ὀκνήσας,</em></strong></span> <span class='ocrx_word' id='word_1_300' title='bbox 923 2845 1016 2894; x_wconf 81' lang='grc' dir='ltr'><strong><em>καὶ</em></strong></span> <span class='ocrx_word' id='word_1_301' title='bbox 1057 2845 1088 2893; x_wconf 87' lang='grc' dir='ltr'><strong><em>ό</em></strong></span> <span class='ocrx_word' id='word_1_302' title='bbox 1127 2846 1271 2912; x_wconf 87' lang='grc' dir='ltr'><strong><em>πρὸς</em></strong></span> <span class='ocrx_word' id='word_1_303' title='bbox 1307 2845 1650 2894; x_wconf 86' lang='grc' dir='ltr'><strong><em>Μουσώνιον</em></strong></span> <span class='ocrx_word' id='word_1_304' title='bbox 1688 2846 1875 2911; x_wconf 80' lang='grc' dir='ltr'><strong><em>ἕτερος</em></strong></span> <span class='ocrx_word' id='word_1_305' title='bbox 1912 2848 2182 2904; x_wconf 85' lang='grc' dir='ltr'><strong><em>τοιοῦτος,</em></strong></span> <span class='ocrx_word' id='word_1_306' title='bbox 2225 2843 2287 2891; x_wconf 85' lang='grc' dir='ltr'><strong><em>οὐ</em></strong></span> <span class='ocrx_word' id='word_1_307' title='bbox 2326 2854 2374 2894; x_wconf 84' lang='grc'><strong><em>30</em></strong></span> 
     </span>
     <span class='ocr_line' id='line_1_32' title="bbox 200 2920 2287 2994; baseline 0.001 -21"><span class='ocrx_word' id='word_1_308' title='bbox 200 2921 770 2992; x_wconf 81' lang='grc' dir='ltr'><strong><em>προσγυμναζομένου</em></strong></span> <span class='ocrx_word' id='word_1_309' title='bbox 808 2926 889 2994; x_wconf 74' lang='grc' dir='ltr'><strong><em>τῷ</em></strong></span> <span class='ocrx_word' id='word_1_310' title='bbox 925 2931 1083 2994; x_wconf 78' lang='grc' dir='ltr'><strong><em>τόπῳ</em></strong></span> <span class='ocrx_word' id='word_1_311' title='bbox 1125 2934 1227 2977; x_wconf 87' lang='grc' dir='ltr'><strong><em>τοῦ</em></strong></span> <span class='ocrx_word' id='word_1_312' title='bbox 1258 2929 1496 2990; x_wconf 90' lang='grc' dir='ltr'><strong><em>Δίωνος,</em></strong></span> <span class='ocrx_word' id='word_1_313' title='bbox 1537 2920 1662 2976; x_wconf 75' lang='grc' dir='ltr'><em>ἀλλ’</em></span> <span class='ocrx_word' id='word_1_314' title='bbox 1705 2929 1763 2976; x_wconf 91' lang='grc' dir='ltr'><strong><em>ἐκ</em></strong></span> <span class='ocrx_word' id='word_1_315' title='bbox 1803 2924 2120 2986; x_wconf 77' lang='grc' dir='ltr'><strong><em>διαθέσεως</em></strong></span> <span class='ocrx_word' id='word_1_316' title='bbox 2157 2928 2287 2994; x_wconf 87' lang='grc' dir='ltr'><strong><em>γρά-</em></strong></span> 
     </span>
     <span class='ocr_line' id='line_1_33' title="bbox 202 3004 2284 3081; baseline 0.003 -25"><span class='ocrx_word' id='word_1_317' title='bbox 202 3023 427 3075; x_wconf 89' lang='grc' dir='ltr'><strong><em>φοντος,</em></strong></span> <span class='ocrx_word' id='word_1_318' title='bbox 470 3010 547 3069; x_wconf 84' lang='grc' dir='ltr'><strong><em>ὡς</em></strong></span> <span class='ocrx_word' id='word_1_319' title='bbox 585 3011 691 3077; x_wconf 84' lang='grc' dir='ltr'><strong><em>ἐγώ</em></strong></span> <span class='ocrx_word' id='word_1_320' title='bbox 735 3009 958 3081; x_wconf 87' lang='grc' dir='ltr'><strong><em>σφόδρα</em></strong></span> <span class='ocrx_word' id='word_1_321' title='bbox 1000 3007 1439 3081; x_wconf 82' lang='grc' dir='ltr'><strong><em>διισχυρίζομαι·</em></strong></span> <span class='ocrx_word' id='word_1_322' title='bbox 1479 3013 1744 3076; x_wconf 90' lang='grc' dir='ltr'><strong><em>πείσαιμι</em></strong></span> <span class='ocrx_word' id='word_1_323' title='bbox 1784 3004 1835 3061; x_wconf 80' lang='grc' dir='ltr'><strong><em>δ’</em></strong></span> <span class='ocrx_word' id='word_1_324' title='bbox 1867 3012 1934 3061; x_wconf 84' lang='grc' dir='ltr'><strong><em>ἂν</em></strong></span> <span class='ocrx_word' id='word_1_325' title='bbox 1969 3012 2062 3062; x_wconf 81' lang='grc' dir='ltr'><strong><em>καὶ</em></strong></span> <span class='ocrx_word' id='word_1_326' title='bbox 2098 3009 2284 3074; x_wconf 82' lang='grc' dir='ltr'><strong><em>ἄλλον,</em></strong></span> 
     </span>
     <span class='ocr_line' id='line_1_34' title="bbox 198 3093 2286 3164; baseline 0.003 -24"><span class='ocrx_word' id='word_1_327' title='bbox 198 3093 356 3152; x_wconf 87' lang='grc' dir='ltr'><strong><em>ὅστις</em></strong></span> <span class='ocrx_word' id='word_1_328' title='bbox 394 3093 657 3157; x_wconf 75' lang='grc' dir='ltr'><strong><em>εὔστοχος</em></strong></span> <span class='ocrx_word' id='word_1_329' title='bbox 693 3096 877 3164; x_wconf 80' lang='grc' dir='ltr'><strong><em>ἤθους</em></strong></span> <span class='ocrx_word' id='word_1_330' title='bbox 913 3097 1202 3164; x_wconf 81' lang='grc' dir='ltr'><strong><em>εἰρωνείαν</em></strong></span> <span class='ocrx_word' id='word_1_331' title='bbox 1250 3113 1311 3147; x_wconf 89' lang='grc' dir='ltr'><strong><em>τε</em></strong></span> <span class='ocrx_word' id='word_1_332' title='bbox 1358 3097 1451 3146; x_wconf 87' lang='grc' dir='ltr'><strong><em>καὶ</em></strong></span> <span class='ocrx_word' id='word_1_333' title='bbox 1489 3093 1764 3164; x_wconf 85' lang='grc' dir='ltr'><strong><em>ἀλήθειαν</em></strong></span> <span class='ocrx_word' id='word_1_334' title='bbox 1812 3098 1871 3146; x_wconf 90' lang='grc' dir='ltr'><strong><em>ἐκ</em></strong></span> <span class='ocrx_word' id='word_1_335' title='bbox 1910 3093 2286 3146; x_wconf 86' lang='grc' dir='ltr'><strong><em>παντοδαποῦ</em></strong></span> 
     </span>
     <span class='ocr_line' id='line_1_35' title="bbox 200 3171 2280 3250; baseline 0.003 -26"><span class='ocrx_word' id='word_1_336' title='bbox 200 3171 364 3241; x_wconf 92' lang='grc' dir='ltr'><strong><em>λόγου</em></strong></span> <span class='ocrx_word' id='word_1_337' title='bbox 395 3184 693 3245; x_wconf 81' lang='grc' dir='ltr'><strong><em>φωρᾶσαι·</em></strong></span> <span class='ocrx_word' id='word_1_338' title='bbox 733 3177 931 3248; x_wconf 89' lang='grc' dir='ltr'><strong><em>ἐπειδή</em></strong></span> <span class='ocrx_word' id='word_1_339' title='bbox 959 3196 1018 3229; x_wconf 88' lang='grc' dir='ltr'><strong><em>τε</em></strong></span> <span class='ocrx_word' id='word_1_340' title='bbox 1057 3178 1494 3249; x_wconf 87' lang='grc' dir='ltr'><strong><em>ἐφιλοσόφησεν,</em></strong></span> <span class='ocrx_word' id='word_1_341' title='bbox 1534 3181 1781 3230; x_wconf 88' lang='grc' dir='ltr'><strong><em>ἐνταῦθα</em></strong></span> <span class='ocrx_word' id='word_1_342' title='bbox 1822 3178 1884 3250; x_wconf 81' lang='grc' dir='ltr'><strong><em>δή</em></strong></span> <span class='ocrx_word' id='word_1_343' title='bbox 1917 3182 2010 3231; x_wconf 84' lang='grc' dir='ltr'><strong><em>καὶ</em></strong></span> <span class='ocrx_word' id='word_1_344' title='bbox 2035 3179 2280 3245; x_wconf 88' lang='grc' dir='ltr'><strong><em>μάλιστα</em></strong></span> 
     </span>
     <span class='ocr_line' id='line_1_36' title="bbox 195 3261 2371 3335; baseline 0.003 -26"><span class='ocrx_word' id='word_1_345' title='bbox 195 3263 227 3328; x_wconf 81' lang='grc' dir='ltr'><strong><em>ή</em></strong></span> <span class='ocrx_word' id='word_1_346' title='bbox 270 3262 427 3329; x_wconf 79' lang='grc' dir='ltr'><strong><em>ῥώμη</em></strong></span> <span class='ocrx_word' id='word_1_347' title='bbox 468 3268 567 3331; x_wconf 85' lang='grc' dir='ltr'><strong><em>τῆς</em></strong></span> <span class='ocrx_word' id='word_1_348' title='bbox 608 3263 831 3331; x_wconf 86' lang='grc' dir='ltr'><strong><em>φύσεως</em></strong></span> <span class='ocrx_word' id='word_1_349' title='bbox 871 3264 1042 3313; x_wconf 81' lang='grc' dir='ltr'><strong><em>αὐτοῦ</em></strong></span> <span class='ocrx_word' id='word_1_350' title='bbox 1067 3261 1374 3333; x_wconf 85' lang='grc' dir='ltr'><strong><em>διεδείχθη.</em></strong></span> <span class='ocrx_word' id='word_1_351' title='bbox 1444 3266 1634 3333; x_wconf 88' lang='grc' dir='ltr'><strong><em>ὥσπερ</em></strong></span> <span class='ocrx_word' id='word_1_352' title='bbox 1674 3266 1776 3333; x_wconf 82' lang='grc' dir='ltr'><strong><em>γὰρ</em></strong></span> <span class='ocrx_word' id='word_1_353' title='bbox 1804 3266 2141 3335; x_wconf 88' lang='grc' dir='ltr'><strong><em>ἐπιγνούσης</em></strong></span> <span class='ocrx_word' id='word_1_354' title='bbox 2172 3267 2283 3332; x_wconf 80' lang='grc' dir='ltr'><strong><em>ὀψὲ</em></strong></span> <span class='ocrx_word' id='word_1_355' title='bbox 2321 3277 2371 3317; x_wconf 84' lang='lat'><strong><em>35</em></strong></span> 
     </span>
    </p>
   </div>
   <div class='ocr_carea' id='block_1_3' title="bbox 195 3477 2279 3758">
    <p class='ocr_par' dir='ltr' id='par_1_3' title="bbox 195 3477 2279 3758">
     <span class='ocr_line' id='line_1_37' title="bbox 338 3477 2168 3545; baseline 0.003 -20"><span class='ocrx_word' id='word_1_356' title='bbox 338 3485 362 3525; x_wconf 88' lang='lat'><strong>3</strong></span> <span class='ocrx_word' id='word_1_357' title='bbox 396 3477 468 3529; x_wconf 77' lang='grc' dir='ltr'><strong><em>διὰ</em></strong></span> <span class='ocrx_word' id='word_1_358' title='bbox 499 3479 583 3542; x_wconf 70' lang='grc' dir='ltr'><strong><em>τὴν</em></strong></span> <span class='ocrx_word' id='word_1_359' title='bbox 613 3482 649 3525; x_wconf 90' lang='lat' dir='ltr'>L</span> <span class='ocrx_word' id='word_1_360' title='bbox 739 3487 761 3526; x_wconf 87' lang='lat'><strong>7</strong></span> <span class='ocrx_word' id='word_1_361' title='bbox 794 3479 972 3538; x_wconf 80' lang='grc' dir='ltr'><strong><em>δόξειεν</em></strong></span> <span class='ocrx_word' id='word_1_362' title='bbox 1001 3484 1039 3527; x_wconf 91' lang='lat' dir='ltr'>L</span> <span class='ocrx_word' id='word_1_363' title='bbox 1179 3489 1204 3530; x_wconf 87' lang='grc'>9</span> <span class='ocrx_word' id='word_1_364' title='bbox 1235 3485 1357 3544; x_wconf 81' lang='grc' dir='ltr'><strong><em>λέγει</em></strong></span> <span class='ocrx_word' id='word_1_365' title='bbox 1387 3483 1480 3545; x_wconf 83' lang='grc' dir='ltr'><strong><em>γὰρ</em></strong></span> <span class='ocrx_word' id='word_1_366' title='bbox 1513 3479 1662 3533; x_wconf 60' lang='grc' dir='ltr'><strong><em>οὕτως</em></strong></span> <span class='ocrx_word' id='word_1_367' title='bbox 1693 3487 1767 3532; x_wconf 87' lang='lat' dir='ltr'><strong>vit.</strong></span> <span class='ocrx_word' id='word_1_368' title='bbox 1800 3487 1928 3544; x_wconf 87' lang='lat' dir='ltr'><strong>soph.</strong></span> <span class='ocrx_word' id='word_1_369' title='bbox 1958 3488 1982 3532; x_wconf 95' lang='lat'>1</span> <span class='ocrx_word' id='word_1_370' title='bbox 2009 3501 2055 3544; x_wconf 88' lang='lat' dir='ltr'><strong><em>p.</em></strong></span> <span class='ocrx_word' id='word_1_371' title='bbox 2088 3491 2168 3531; x_wconf 78' lang='lat'><strong><em>204</em></strong></span> 
     </span>
     <span class='ocr_line' id='line_1_38' title="bbox 199 3553 2279 3614; baseline 0.004 -20"><span class='ocrx_word' id='word_1_372' title='bbox 199 3555 250 3595; x_wconf 85' lang='lat'><strong><em>12</em></strong></span> <span class='ocrx_word' id='word_1_373' title='bbox 281 3553 531 3613; x_wconf 80' lang='grc' dir='ltr'><strong><em>προτέρων</em></strong></span> <span class='ocrx_word' id='word_1_374' title='bbox 559 3554 711 3613; x_wconf 82' lang='grc' dir='ltr'><strong><em>λέγειν</em></strong></span> <span class='ocrx_word' id='word_1_375' title='bbox 738 3554 1036 3600; x_wconf 82' lang='lat' dir='ltr'><strong>Philostratus</strong></span> <span class='ocrx_word' id='word_1_376' title='bbox 1194 3560 1244 3599; x_wconf 86' lang='lat'><strong><em>15</em></strong></span> <span class='ocrx_word' id='word_1_377' title='bbox 1272 3557 1389 3602; x_wconf 82' lang='lat' dir='ltr'>vitae</span> <span class='ocrx_word' id='word_1_378' title='bbox 1419 3559 1550 3614; x_wconf 85' lang='lat' dir='ltr'><strong>soph.</strong></span> <span class='ocrx_word' id='word_1_379' title='bbox 1585 3558 1607 3601; x_wconf 95' lang='grc' dir='ltr'><strong>Ι</strong></span> <span class='ocrx_word' id='word_1_380' title='bbox 1635 3572 1679 3614; x_wconf 88' lang='lat' dir='ltr'><strong><em>p.</em></strong></span> <span class='ocrx_word' id='word_1_381' title='bbox 1709 3561 1790 3602; x_wconf 85' lang='lat'><strong><em>208</em></strong></span> <span class='ocrx_word' id='word_1_382' title='bbox 1949 3562 1998 3602; x_wconf 88' lang='lat'><strong><em>18</em></strong></span> <span class='ocrx_word' id='word_1_383' title='bbox 2029 3578 2044 3604; x_wconf 90' lang='grc' dir='ltr'><strong><em>ι</em></strong></span> <span class='ocrx_word' id='word_1_384' title='bbox 2073 3559 2120 3602; x_wconf 90' lang='lat' dir='ltr'><strong><em>in</em></strong></span> <span class='ocrx_word' id='word_1_385' title='bbox 2153 3555 2279 3613; x_wconf 80' lang='grc' dir='ltr'><strong><em>τάξει</em></strong></span> 
     </span>
     <span class='ocr_line' id='line_1_39' title="bbox 195 3621 2279 3687; baseline 0.003 -20"><span class='ocrx_word' id='word_1_386' title='bbox 195 3634 374 3668; x_wconf 81' lang='lat' dir='ltr'><strong>erasum</strong></span> <span class='ocrx_word' id='word_1_387' title='bbox 394 3624 432 3667; x_wconf 89' lang='lat' dir='ltr'>L</span> <span class='ocrx_word' id='word_1_388' title='bbox 521 3628 573 3670; x_wconf 88' lang='lat'><strong><em>26</em></strong></span> <span class='ocrx_word' id='word_1_389' title='bbox 605 3621 662 3671; x_wconf 82' lang='grc' dir='ltr'><strong><em>τὸ</em></strong></span> <span class='ocrx_word' id='word_1_390' title='bbox 695 3638 722 3669; x_wconf 86' lang='lat' dir='ltr'>a</span> <span class='ocrx_word' id='word_1_391' title='bbox 753 3638 867 3670; x_wconf 86' lang='lat' dir='ltr'><strong>corr.</strong></span> <span class='ocrx_word' id='word_1_392' title='bbox 897 3625 936 3669; x_wconf 90' lang='lat' dir='ltr'>L</span> <span class='ocrx_word' id='word_1_393' title='bbox 1053 3629 1105 3670; x_wconf 83' lang='lat'><strong><em>27</em></strong></span> <span class='ocrx_word' id='word_1_394' title='bbox 1138 3621 1287 3673; x_wconf 77' lang='grc' dir='ltr'><strong><em>αὐτὸν</em></strong></span> <span class='ocrx_word' id='word_1_395' title='bbox 1315 3627 1353 3670; x_wconf 92' lang='lat' dir='ltr'>L</span> <span class='ocrx_word' id='word_1_396' title='bbox 1490 3631 1540 3672; x_wconf 88' lang='lat'><strong><em>31</em></strong></span> <span class='ocrx_word' id='word_1_397' title='bbox 1574 3628 2031 3687; x_wconf 80' lang='grc' dir='ltr'><strong><em>προγυμναζομὲνου</em></strong></span> <span class='ocrx_word' id='word_1_398' title='bbox 2060 3634 2215 3685; x_wconf 86' lang='lat' dir='ltr'>(supra</span> <span class='ocrx_word' id='word_1_399' title='bbox 2253 3645 2279 3674; x_wconf 92' lang='grc' dir='ltr'><em>ο</em></span> 
     </span>
     <span class='ocr_line' id='line_1_40' title="bbox 198 3694 2109 3758; baseline 0.003 -21"><span class='ocrx_word' id='word_1_400' title='bbox 198 3697 375 3749; x_wconf 84' lang='lat' dir='ltr'>rasura)</span> <span class='ocrx_word' id='word_1_401' title='bbox 404 3695 443 3739; x_wconf 92' lang='lat' dir='ltr'>L</span> <span class='ocrx_word' id='word_1_402' title='bbox 546 3700 615 3743; x_wconf 76' lang='grc' dir='ltr'><strong><em>τῶ</em></strong></span> <span class='ocrx_word' id='word_1_403' title='bbox 645 3694 783 3743; x_wconf 83' lang='grc' dir='ltr'><strong><em>τόπω</em></strong></span> <span class='ocrx_word' id='word_1_404' title='bbox 816 3697 851 3741; x_wconf 88' lang='lat' dir='ltr'>L</span> <span class='ocrx_word' id='word_1_405' title='bbox 882 3709 940 3740; x_wconf 89' lang='lat' dir='ltr'><strong><em>m.</em></strong></span> <span class='ocrx_word' id='word_1_406' title='bbox 970 3709 1037 3753; x_wconf 88' lang='lat' dir='ltr'><strong><em>pr.</em></strong></span> <span class='ocrx_word' id='word_1_407' title='bbox 1070 3696 1253 3758; x_wconf 85' lang='grc' dir='ltr'><strong><em>(τρόπῳ</em></strong></span> <span class='ocrx_word' id='word_1_408' title='bbox 1284 3710 1415 3752; x_wconf 64' lang='lat' dir='ltr'>corr„</span> <span class='ocrx_word' id='word_1_409' title='bbox 1444 3700 1691 3755; x_wconf 82' lang='grc' dir='ltr'><strong><em>κείμενον·</em></strong></span> <span class='ocrx_word' id='word_1_410' title='bbox 1723 3702 1792 3744; x_wconf 81' lang='grc' dir='ltr'><strong><em>τῶ</em></strong></span> <span class='ocrx_word' id='word_1_411' title='bbox 1822 3695 1951 3757; x_wconf 84' lang='grc' dir='ltr'><strong><em>λόγω</em></strong></span> <span class='ocrx_word' id='word_1_412' title='bbox 1980 3703 2109 3755; x_wconf 87' lang='lat' dir='ltr'>mrg.)</span> 
     </span>
    </p>
   </div>
  </div>
 </body>
</html>
