2684 4140
373 252 474 301 238
813 245 1019 291 DIONIS
1051 245 1134 289 DE
1165 242 1513 289 SERVITUTE
1543 241 1626 287 ΕΤ
1655 242 2011 288 LIBERTATE

368 392 1031 454 ὅλως·αἰτιασαμένους·
1088 379 1215 437 ἀλλ’
1275 389 1427 452 ὅμως
1485 383 1644 436 οὐδὲν
1699 386 1865 457 ήττον
1921 383 2046 456 <οὐ>
2102 386 2297 440 δοῦλοί
2350 391 2465 442 εἰσι

366 483 476 527 τῶν
525 479 813 543 πατέριον,
865 470 1006 522 ἀλλά
1055 473 1212 533 υἱεῖς.
1291 473 1342 522 εἰ
1392 469 1451 522 δὲ
1492 469 1556 542 δή
1607 473 1696 522 ὅτι
1740 469 1990 537 μάλιστα
2039 470 2334 526 ἐδούλευον
2371 477 2466 526 καὶ

369 557 566 621 δοῦλος
604 556 665 622 ἑξ
702 560 872 630 ἀρχῆς
909 560 1158 627 ὑπῆρχον
1198 554 1456 620 δικαίως,
1502 557 1560 607 τί
1607 573 1704 622 με,
1754 557 1893 627 ἔφη,
1943 555 2147 610 κωλύει
2182 564 2276 610 νῦν
2315 557 2464 610 ἐλεύ-

365 645 540 710 θερον
589 642 736 695 εἶναι
781 639 1022 711 μηδενὸς
1069 639 1328 706 ἔλαττον,
1379 643 1440 692 σὲ
1491 639 1550 692 δὲ
1597 642 1670 692 αὖ
1703 642 2053 708 τούναντίον,
2102 645 2154 695 εἰ
2190 645 2284 695 καὶ
2324 647 2464 715 σφό-

277 734 339 784 21
368 727 471 798 δρα
515 724 577 791 ἐξ
625 725 942 796 ἐλευθέρων
978 723 1162 796 ἦσθα,
1209 724 1409 778 δοῦλον
1449 725 1596 778 εἶναι
1634 728 1849 788 παντὸς
1884 725 2128 793 μᾶλλον,·
2168 721 2300 797 Ἐγώ
2338 733 2457 796 μέν,
2495 741 2520 782 5

363 812 538 876 εἶπεν,
581 812 678 877 οὐχ
716 813 826 881 ὁρῶ
867 813 1026 872 ὅπως
1052 809 1355 880 ἐλεύθερος
1383 813 1460 862 ὢν
1500 809 1700 873 δοῦλος
1737 813 1970 878 ἔσομαι·
2013 815 2073 864 σὲ
2115 812 2174 865 δὲ
2203 814 2300 864 οὐκ
2333 812 2463 865 ἀδύ-
2652 815 2665 894 ,3²³

361 913 528 948 νατον
566 895 869 966 ἐλεύθερον
906 899 1208 964 γεγονέναι,
1249 897 1494 966 ἀφέντος
1531 902 1635 947 τοῦ
1671 894 1969 950 δεσπότου.
2044 898 2117 949 Τί
2155 896 2232 963 δέ,
2272 897 2314 948 ὦ
2358 896 2461 966 λῴ-
2655 893 2665 930 ’ἓ

363 996 474 1046 στε,
514 983 642 1053 ἔφη,
684 982 879 1043 οὐθεὶς
917 983 984 1032 ἀν
1020 985 1239 1050 γένοιτο
1279 978 1584 1051 ἐλεύθερος
1607 983 1682 1053 μή
1723 984 1836 1034 ὑπὸ
1875 989 1978 1033 τοῦ
2014 980 2295 1034 δεσπότου
2324 984 2463 1054 ἀφε-

359 1067 518 1129 θείς,·
554 1067 693 1129 Πῶς
729 1069 832 1138 γάρ
845 1086 865 1131 ,·
904 1065 1079 1118 εἶπεν.
1133 1060 1328 1128 Ὅπως
1361 1059 1686 1137 Ἀθηναίων
1723 1071 2146 1139 ψηφισαμένων
2183 1068 2324 1134 μετὰ
2362 1069 2461 1138 τήν
2487 1082 2670 1127 (453R11,⁴

358 1153 415 1202 ἐν
463 1153 795 1221 Χαιρωνείᾳ
841 1154 1022 1222 μάχην
1070 1154 1202 1214 τοὺς
1251 1150 1793 1223 συμπολεμήσοντας
1844 1154 2065 1214 οἰκέτας
2121 1150 2456 1222 ἐλευθέρους
2494 1166 2541 1208 10

359 1236 522 1302 εἶναι,
562 1239 614 1288 εἰ
641 1238 860 1308 προῦβη
891 1239 922 1288 ὁ
947 1234 1215 1303 πόλεμος,
1255 1235 1397 1288 ἀλλά
1423 1239 1496 1308 μή
1528 1235 1830 1288 διελύσατο
1856 1238 2075 1290 θᾶττον
2103 1240 2134 1289 ό
2163 1235 2462 1299 Φίλιππος
2477 1253 2557 1296 (241
2580 1253 2631 1295 Μ)

359 1324 506 1392 πρὸς
545 1324 773 1388 αὐτούς,
825 1320 1032 1374 πολλοὶ
1069 1324 1136 1374 ἂν
1174 1329 1286 1374 τῶν
1319 1316 1630 1393 Ἀθήνησιν
1675 1324 1906 1375 οἰκετῶν
1941 1325 1973 1394 ἢ
2012 1330 2219 1394 μικροῦ
2253 1325 2463 1385 πάντες

357 1404 655 1477 ἐλεύθεροι
691 1406 861 1478 ἦσαν,
914 1409 1010 1474 οὐχ
1055 1410 1169 1459 ὑπὸ
1220 1414 1322 1459 τοῦ
1359 1406 1639 1459 δεσπότου
1685 1410 1919 1470 ἕκαστος
1958 1409 2219 1479 ἀφεθείς.
2283 1400 2459 1458 Ἔστω

272 1497 340 1548 22
361 1495 527 1542 τοῦτό
574 1509 661 1560 γε,
713 1495 764 1544 εἰ
815 1491 1060 1563 δημοσίᾳ
1109 1507 1170 1544 σε
1217 1497 1249 1564 ή
1297 1491 1468 1555 πόλις
1506 1491 1898 1562 ἐλευθερώσει.
1979 1495 2052 1545 Τί
2090 1492 2183 1557 δέ,·
2221 1496 2462 1560 ἐμαυτὸν

358 1577 455 1627 οὐκ
493 1578 561 1628 ἀν
603 1592 695 1629 σοι
735 1576 878 1630 δοκῶ
918 1576 1336 1647 ἑλευθερῶσαι,·
1383 1577 1460 1629 Εἴ
1488 1595 1550 1646 γε
1587 1580 1850 1649 ἀργύριόν
1888 1580 2077 1631 ποθεν
2113 1577 2457 1646 καταβάλοις
2495 1589 2542 1631 15

355 1660 435 1729 τῷ
477 1659 743 1732 δεσπότῃ.
827 1663 906 1715 Οὐ
946 1665 1144 1714 τοῦτόν
1185 1680 1335 1733 φημι
1371 1665 1468 1715 τὸν
1507 1666 1739 1733 τρόπον,
1781 1661 1922 1715 ἀλλά
1964 1658 2139 1733 όνπερ
2172 1666 2359 1734 Κῦρος
2399 1657 2462 1715 οὗ

355 1749 528 1813 μόνον
579 1751 806 1813 ἑαυτόν,
857 1746 999 1798 ἀλλὰ
1046 1749 1140 1799 καὶ
1189 1749 1422 1818 Πέρσας
1460 1749 1719 1810 ἅπαντας
1756 1746 2145 1818 ἠλευθέρωσε,
2193 1755 2463 1800 τοσοῦτον

357 1831 544 1899 ὄχλον,
599 1834 725 1886 οὔτε
774 1835 1039 1904 ἀργύριον
1091 1826 1276 1885 οὐδενὶ
1322 1830 1657 1900 καταβαλὼν
1707 1834 1834 1884 οὔτε
1882 1835 1995 1884 ὑπὸ
2042 1839 2145 1883 τοῦ
2181 1831 2463 1884 δεσπότου

356 1920 619 1990 ἀφεθείς.
695 1909 728 1990 ἢ
770 1910 866 1971 οὒκ
907 1918 1086 1970 οἶσθα
1128 1913 1220 1970 ὅτι
1259 1917 1597 1985 λυχνοποιὸς
1633 1916 1699 1988 ἦν
1738 1920 1927 1989 Κῦρος
1959 1911 2330 1986 Ἀστυάγους,
2372 1921 2466 1970 καὶ

356 2006 529 2056 ὁπότε
569 1997 620 2073 γ’
665 2005 996 2075 ἐνεθυμήθη
1041 2005 1137 2055 καὶ
1179 2001 1369 2068 ἔδοξεν
1409 2002 1588 2072 αὐτῷ,
1639 2001 1942 2074 ἐλεύθερος
1991 2006 2106 2070 ἅμα
2154 2005 2248 2055 καὶ
2294 2005 2456 2071 βασι-
2494 2016 2542 2058 20

268 2092 340 2145 23
363 2087 487 2151 λεύς
535 2092 751 2157 ἐγένετο
802 2097 901 2160 τῆς
933 2082 1130 2150 Ἀσίας
1178 2091 1440 2159 άπάσης,·
1488 2088 1644 2140 Εἶεν·
1696 2091 1793 2155 ἐμὲ
1847 2087 1906 2139 δὲ
1946 2095 2072 2151 πῶς
2113 2085 2223 2159 φῂς
2265 2087 2464 2141 δοῦλον

358 2175 425 2225 ἀν
473 2176 775 2241 γενέσθαι,·
810 2168 935 2225 Ὅτι
982 2175 1179 2243 μυρίοι
1228 2172 1412 2243 δήπου
1461 2171 1842 2225 ἀποδίδονται
1891 2175 2124 2235 ἑαυτούς
2167 2172 2465 2244 ἐλεύθεροι

359 2261 529 2323 ὄντες,
571 2261 715 2310 ὥστε
756 2257 1037 2310 δουλεύειν
1075 2259 1216 2309 κατὰ
1259 2261 1582 2329 συγγραφήν
1627 2259 1807 2310 ἐνίοτε
1846 2251 1946 2308 ἐπ’
1991 2250 2177 2311 οὐδενὶ
2217 2265 2329 2311 τῶν
2366 2278 2462 2326 με-

357 2345 545 2414 τρίων,
585 2338 710 2395 ἀλλ’
755 2346 855 2396 ἐπὶ
892 2350 1036 2395 πᾶσι
1073 2348 1196 2405 τοῖς
1228 2341 1675 2409 χαλεπωτάτοις.

505 2433 660 2491 Τέως
684 2431 787 2496 μὲν
827 2430 922 2481 οὖν
961 2433 1265 2499 προσεῖχον
1303 2433 1424 2490 τοῖς
1453 2425 1640 2496 λόγοις
1679 2430 1734 2478 οἱ
1760 2430 2054 2498 παρόντες,
2094 2431 2172 2490 ὡς
2212 2429 2274 2479 οὐ
2312 2430 2453 2495 μετὰ
2492 2441 2541 2483 25

358 2513 612 2585 σπουδῆς
651 2513 971 2583 λεγομένοις
1008 2512 1218 2581 μᾶλλον
1255 2515 1287 2584 ἢ
1326 2514 1468 2580 μετὰ
1509 2511 1778 2575 παιδιᾶς·
1827 2515 2061 2584 ὕστερον
2112 2511 2170 2564 δὲ
2210 2512 2461 2584 ἐφιλονί-

353 2617 508 2664 κουν,
557 2602 651 2652 καὶ
700 2599 884 2652 ἐδόκει
932 2602 1150 2651 ἄτοπον
1190 2599 1367 2664 εἶναι,
1422 2601 1472 2651 εἰ
1508 2597 1683 2670 μηδὲν
1721 2601 1885 2651 ἔσται
1923 2601 2108 2651 εἰπεῖν
2146 2602 2461 2671 τεκμήριον,

357 2677 404 2753 ᾧ
439 2703 528 2747 τις
568 2684 972 2757 ἀναμφιλόγως
1012 2684 1295 2756 διακρινεῖ
1324 2687 1420 2736 τὸν
1461 2683 1661 2736 δοῦλον
1689 2686 1806 2736 ἀπὸ
1840 2691 1944 2736 τοῦ
1967 2683 2288 2755 ἐλευθέρου,
2329 2680 2456 2737 ἀλλ’

268 2772 340 2823 24
360 2771 597 2838 εὐμαρὲς
635 2773 825 2822 ἔσοιτο
866 2773 999 2841 περὶ
1036 2772 1252 2832 παντὸς
1291 2771 1673 2841 ἀμφισβητεῖν
1709 2771 1805 2821 καὶ
1841 2768 2165 2838 ἀντιλέγειν.
2221 2772 2461 2841 ἀφέντες

354 2857 450 2907 οὖν
487 2858 630 2927 ὑπὲρ
669 2858 881 2908 ἐκείνου
924 2860 1156 2908 σκοπεῖν
1192 2858 1286 2907 καὶ
1323 2863 1422 2926 τῆς
1459 2857 1672 2907 ἐκείνου
1702 2852 1961 2917 δουλείας
1990 2857 2270 2907 ἐσκόπουν
2296 2859 2453 2918 ὅστις
2489 2866 2538 2908 30

354 2941 438 3012 εἴη
482 2941 696 3005 δοῦλος.

500 3084 518 3123 1
555 3074 611 3127 οὐ
641 3079 744 3124 add.
776 3079 912 3137 Emp.
1087 3082 1112 3123 2
1143 3078 1242 3133 ὑεῖς
1269 3078 1322 3123 Μ
1496 3071 1617 3125 ἀλλὰ
1658 3077 1773 3131 υἱεῖς
1818 3078 2003 3123 damnat
2031 3078 2330 3136 Herwcrdcn,
2368 3093 2460 3125 non

354 3151 522 3197 accedo
668 3154 693 3195 3
725 3154 896 3206 δοῦλος
925 3146 1155 3205 Reiskius,
1185 3152 1346 3197 δοῦλοι
1375 3149 1482 3195 libri
1633 3153 1662 3193 4
1692 3145 1748 3196 σὺ
1779 3148 1828 3196 δὲ
1857 3149 1936 3194 UB
2082 3153 2109 3194 6
2140 3149 2195 3196 σέ
2224 3143 2272 3196 δ’
2303 3150 2345 3196 U

355 3225 379 3265 7
411 3220 636 3280 γενέσθαι
666 3222 705 3267 U
849 3224 899 3269 τί
927 3225 1004 3269 δαὶ
1033 3222 1112 3268 UB
1255 3218 1414 3276 ἄλλως
1443 3237 1496 3268 τε
1525 3234 1608 3278 pro
1640 3212 1682 3266 ὦ
1711 3223 1864 3282 λῷστε
1893 3221 1945 3266 Μ
2088 3225 2113 3266 9
2147 3213 2302 3280 ὅπως
2331 3217 2457 3283 Ἀθη-

355 3293 503 3337 ναίων
533 3295 619 3336 etc.
652 3292 870 3347 Cobetus;
900 3307 994 3339 non
1022 3293 1189 3339 accedo
1309 3296 1359 3337 10
1387 3292 1627 3353 χαιρωνία
1657 3290 1708 3334 Μ
1851 3288 2310 3349 συμπολεμήσαντας
2337 3294 2457 3349 libri,

354 3375 468 3407 corr.
498 3362 674 3419 Kayser
819 3369 868 3409 11
903 3358 1023 3412 ἀλλα
1055 3365 1101 3411 εἰ
1125 3362 1188 3424 μῆ
1221 3364 1326 3420 ΒΜ,
1356 3364 1463 3409 item
1495 3363 1549 3419 U,
1579 3366 1630 3408 at
1660 3362 1706 3410 εἰ
1730 3376 1853 3409 nunc
1882 3375 2061 3409 erasum
2234 3367 2287 3408 14
2315 3359 2343 3423 ἦ
2373 3378 2456 3422 pro

353 3433 400 3480 εἰ
427 3433 478 3477 Μ
562 3430 728 3488 πόλεις
746 3435 797 3479 Μ
884 3437 930 3482 τί
959 3439 1036 3482 δαὶ
1054 3436 1136 3482 UB
1227 3440 1279 3481 15
1298 3431 1624 3496 κατάβαλλοις
1643 3434 1694 3479 Μ
1776 3438 1826 3479 16
1849 3429 1905 3482 οὗ
1925 3447 2011 3480 om.
2033 3435 2072 3479 B
2169 3423 2293 3493 gneo
2321 3435 2373 3480 M

361 3508 410 3549 17
441 3501 737 3564 ἐλευθέρωσε
767 3506 857 3550 ΒΜ
949 3511 998 3552 19
1029 3503 1321 3566 λυχνοποιὸς
1350 3511 1610 3565 suspectum
1698 3502 1944 3565 ἀστυάγου
1971 3505 2090 3560 libri,
2125 3517 2238 3550 corr.
2260 3504 2398 3551 Dind.

354 3578 409 3619 20
439 3569 488 3634 γ’
519 3573 788 3636 ἐνεθυμήθη
818 3577 967 3634 Emp.,
997 3578 1085 3634 μὲν
1113 3572 1323 3638 ἠδυνήθη
1353 3578 1486 3624 UBM
1617 3582 1668 3622 21
1702 3579 1807 3632 πῶς
1837 3573 1898 3624 ἂν
1927 3571 2019 3636 φὴς
2047 3576 2229 3632 (omisso
2261 3571 2323 3623 ἂν
2349 3580 2456 3633 post

353 3649 543 3701 δοῦλον)
563 3647 604 3692 U
720 3652 774 3692 26
796 3650 1012 3703 παιδείας
1034 3650 1084 3694 Μ
1170 3648 1475 3709 ἐφιλονίκουν
1493 3650 1545 3696 Μ
1563 3649 1890 3708 ἐφιλονείκουν
1909 3647 1990 3694 UB
2096 3651 2149 3691 27
2171 3647 2217 3693 εἰ
2235 3659 2322 3693 om.
2347 3648 2396 3692 M

353 3713 463 3765 ἔστε
487 3718 538 3762 Μ
643 3721 696 3763 28
720 3722 950 3779 διακρινεῖ
971 3720 1147 3778 scripsi,
1170 3722 1400 3780 διακρίνει
1422 3721 1463 3767 U
1489 3722 1708 3781 διακρίνῃ
1731 3719 1821 3766 ΒΜ
1921 3722 1978 3764 30
2008 3725 2220 3767 σκωπεῐν
2243 3718 2285 3764 U
2310 3732 2452 3776 m.pr.
