2684 4140
1017 264 1245 310 ORATIO
1274 263 1482 310 XLVIII.
2223 257 2291 306 89

216 406 435 471 πόλεως
470 411 563 461 καὶ
600 417 697 481 τῆς
733 411 1079 480 βραχυτάτης
1120 408 1308 473 δόξετε
1345 409 1606 474 ἀμείνους
1618 426 1637 469 ,·
1675 413 1767 458 νῦν
1794 408 1914 476 γάρ,
1953 405 2050 455 ἐὰν
2090 400 2292 469 διενεχ-

213 494 356 563 θῆτε
405 498 549 562 πρός
596 513 719 546 τινα
758 493 954 559 πόλιν,
1006 496 1036 545 ὃ
1073 493 1268 565 μηδεὶς
1307 495 1565 564 ποιήσειε
1613 493 1795 554 θεῶν,
1848 492 2048 542 ἔπειτα
2086 490 2290 539 ἐκεῖνοι

213 580 343 639 τοὺς
389 582 690 649 ἡμετέρους
735 577 976 641 πολίτας
1026 578 1329 649 λοιδορῶσι
1380 576 1630 644 λέγοντες
1694 579 1781 628 ὅτι
1833 577 1974 627 εἰσὶν
2024 576 2304 643 ἅρπαγες,

212 663 475 727 ἄπιστοι,
525 669 648 726 πῶς
700 663 912 726 οὶ’σετε,·
975 665 1071 728 οὐχ
1119 661 1268 727 ἕξετε
1316 660 1579 728 χαλεπῶς
1593 680 1612 724 ,·
1672 662 1768 711 Οὐκ
1816 661 1988 721 εὐθὺς
2037 660 2288 728 βοήσετε,

154 753 179 793 5
217 743 639 816 λοιδορήσεσθε,
680 750 761 810 εἰς
781 753 972 817 χεῖρας
997 751 1158 814 τυχὸν
1195 746 1515 810 ἐλεύσεσθε,
1555 747 1585 796 ὃ
1610 750 1797 813 γέγονε
1836 742 2109 805 πολλάκις
2147 744 2286 812 πρό-

210 848 398 900 τερον,
445 825 567 883 εἶθ’
623 835 656 882 ἃ
706 831 974 900 λεγόντων
1023 837 1225 899 ἑτέρων
1278 834 1373 883 οὐκ
1420 832 1691 896 ἀνέχεσθε
1736 832 2058 892 ἀκούοντες,
2108 833 2282 878 ταῦτα

207 916 382 984 ἐρεῖτε
433 918 591 968 αὐτοὶ
636 910 774 968 καθ’
817 922 1058 980 ἑαυτῶν,·
1107 920 1203 968 ἐάν
1251 933 1392 967 ποτε
1439 921 1664 985 γένηται
1713 913 1992 984 διαφορά,
2042 914 2289 964 κάκεῖνοι

208 1005 576 1070 προφέρωσιν
613 1004 742 1067 ὑμῖν
780 997 860 1070 [τὸ
900 1004 1182 1072 πονηρούς
1219 1003 1362 1066 ἔχειν
1400 994 1659 1068 πολίτας]
1696 1001 1759 1049 τὸ
1803 994 2151 1059 στασιάζειν,
2193 997 2289 1046 οὐκ

30 1092 183 1136 (53211)
209 1087 577 1149 αἰσχύνεσθε,·
635 1088 712 1147 ὡς
761 1088 930 1154 ἔγωγε
978 1089 1109 1148 τούς
1155 1087 1329 1147 θεούς
1377 1087 1506 1151 ὑμῖν
1555 1086 1739 1150 ὀμνύω
1789 1085 2037 1145 πάντας,
2098 1078 2134 1150 ἦ
2178 1082 2287 1150 μὴν

131 1175 176 1216 10
215 1167 435 1239 σφόδρα
473 1172 768 1239 ἠχθέσθην
817 1173 1078 1232 εἰπόντος
1113 1171 1215 1235 μοί
1250 1186 1404 1231 τινος
1438 1165 1777 1232 ,Διάλλαξον
1815 1170 1913 1237 τὴν
1952 1164 2155 1229 πόλινζ,
2193 1167 2288 1217 καὶ

4 1584 95 1620 3913
117 1596 162 1638 15

16 1628 59 1669 Π)

202 1255 346 1319 πρὸς
384 1255 548 1304 αὐτὸν
585 1256 951 1323 ἠγανάκτησα.
1025 1256 1099 1324 μὴ
1139 1254 1242 1321 γὰρ
1283 1251 1464 1318 ἴδοιμι
1502 1254 1600 1322 τὴν
1635 1255 1845 1320 ἡμέραν
1883 1252 2112 1320 ἐκείνην,
2152 1252 2210 1300 ἐν
2248 1242 2286 1318 ᾗ

202 1335 511 1405 διαλλαγῶν
559 1340 716 1404 ὑμεῖς
754 1337 1056 1408 δεήσεσθε,
1105 1332 1230 1388 ἀλλ’
1284 1339 1365 1399 εἰς
1402 1338 1651 1404 ἐχθρῶν,
1704 1337 1876 1406 φασί,
1925 1332 2176 1405 κεφαλὰς
2216 1334 2284 1384 τὰ

198 1428 429 1473 τοιαῦτα
477 1426 769 1491 τρέποιτο,
826 1416 980 1473 τοῦτ’
1035 1424 1188 1474 ἔστιν
1236 1424 1318 1484 εἰς
1368 1424 1499 1483 τοὺς
1544 1423 1894 1491 καταράτους
1944 1424 2150 1483 Γέτας,
2204 1420 2286 1480 εἰς

2325 831 2357 880 5

195 1504 405 1574 μηδένα
445 1504 504 1557 δὲ
542 1513 652 1558 τῶν
690 1505 874 1558 ἄλλων
912 1514 1022 1559 τῶν
1050 1508 1359 1574 ὁμοεθνῶν.
1422 1509 1480 1558 τί
1503 1508 1607 1577 γὰρ
1635 1508 1701 1557 ἂν
1740 1505 1824 1576 εἴη
1865 1513 1964 1576 τῆς
2000 1508 2277 1576 ἡμετέρας
2318 1507 2350 1558 6

199 1588 505 1659 ἐπιδημίας
532 1590 752 1662 ὄφελος,
790 1594 841 1643 εἰ
877 1595 950 1663 μὴ
992 1596 1137 1662 πρὸς
1174 1594 1242 1643 τὰ
1282 1599 1514 1644 τοιαῦτα
1542 1593 1925 1658 πειθομένους
1961 1592 2102 1657 ὑμᾶς
2128 1593 2282 1658 ἄγοι-

193 1691 309 1739 μεν,
350 1673 526 1742 λόγων
565 1678 652 1728 ἀεὶ
692 1685 1022 1745 συναγωγῶν
1062 1679 1328 1744 ὁμονοίας
1365 1680 1458 1729 καὶ
1486 1675 1682 1748 φιλίας
1711 1679 2099 1746 συναράμενοι,
2136 1668 2276 1727 καθ’

195 1761 326 1810 ὅσον
365 1759 480 1811 οἷοί
516 1765 577 1812 τέ
613 1764 796 1828 ἐσμεν,
835 1764 1046 1828 ἔχθραν
1087 1761 1145 1814 δὲ
1182 1766 1276 1814 καὶ
1312 1765 1428 1833 ἔριν
1465 1766 1559 1814 καὶ
1590 1760 1911 1833 φιλονικίαν
1949 1759 2152 1828 ἄλογον
2190 1762 2283 1812 καὶ

195 1845 430 1913 ἀνόητον
468 1843 817 1916 ἐξαιροῦντες
856 1850 1041 1899 πάντα
1081 1851 1310 1918 τρόπον.
1393 1846 1562 1900 καλὸν
1608 1849 1711 1917 γὰρ
1753 1845 1816 1916 δὴ
1856 1848 1950 1898 καὶ
1990 1850 2276 1916 συμφέρον
2317 1850 2346 1898 7

196 1929 405 1993 ὁμοίως
443 1933 625 1983 ἅπασι
662 1926 849 2000 [πόλιν
878 1935 1240 2001 ὁμογνώμονα
1269 1935 1518 2003 ὁρᾶσθαι
1540 1935 1635 1985 καὶ
1662 1931 1831 2003 φίλην
1860 1935 1999 2002 αὐτῇ
2022 1934 2116 1982 καὶ
2145 1945 2277 1998 συμ-

115 2020 165 2062 20
200 2015 365 2085 παθῆ
403 2014 699 2068 κάλλιστον
738 2020 1073 2084 θεαμάτων,
1122 2018 1626 2085 εὐδαιμονέστατον
1666 2017 1723 2070 δὲ
1767 2020 2035 2069 ἁπάντων
2072 2019 2279 2087 κτημά-

111 2442 158 2483 25

191 2115 301 2149 των
349 2102 452 2165 μία
499 2105 686 2173 γνώμη
737 2106 870 2170 περὶ
908 2106 1136 2156 πάντων
1176 2099 1538 2176 φαινομένη]
1586 2108 1769 2172 ψόγον
1817 2122 1877 2155 τε
1913 2104 2006 2154 καὶ
2043 2103 2279 2153 ἔπαινον

189 2185 287 2234 ἐπὶ
335 2186 501 2235 ταύτό
554 2190 855 2256 φέροντας,
906 2192 1027 2249 τοῖς
1064 2206 1124 2239 τε
1173 2190 1418 2256 ἀγαθοῖς
1464 2190 1558 2240 καὶ
1605 2194 1726 2250 τοῖς
1779 2186 2020 2259 φαύλοις
2068 2190 2276 2258 πιστὴν

191 2271 473 2337 ἑκατέροις
509 2274 818 2340 μαρτυρίαν
859 2267 1043 2341 [καλὸν
1080 2268 1220 2343 γάρ],
1263 2275 1455 2343 ὥσπερ
1495 2275 1553 2325 ἐν
1585 2272 1737 2342 χορῷ
1776 2278 2110 2341 τεταγμένῳ,
2155 2289 2277 2325 συν-

190 2346 346 2419 ᾴδειν
385 2356 441 2406 ἓν
477 2358 570 2407 καὶ
606 2358 773 2408 ταύτὸ
811 2356 998 2424 μέλος,
1038 2357 1178 2409 ἀλλὰ
1215 2362 1289 2429 μὴ
1331 2367 1585 2430 πονηροῦ
1625 2362 1839 2429 τρόπον
1880 2361 2115 2428 ὀργάνου
2158 2357 2276 2410 δια-

197 2440 480 2507 φέρεσθαι
507 2439 743 2504 διπλοῦς
769 2445 1057 2514 φθόγγους
1082 2462 1141 2496 τε
1165 2447 1259 2496 καὶ
1283 2447 1449 2515 ἤχους
1468 2446 1899 2516 ἀποφαίνοντας
1919 2446 2035 2495 ἀπὸ
2059 2442 2277 2495 διπλῶν
2358 2495 2361 2497 ,

188 2524 282 2572 καὶ
318 2523 589 2577 ποικίλων
628 2529 788 2597 ηθῶν
841 2525 1073 2597 [τρόπον
1125 2523 1298 2581 αυλοῦ
1341 2534 1677 2598 κατεαγότος
1717 2529 1925 2592 διπλᾶς
1966 2525 2178 2600 φωνὰς]
2218 2533 2276 2581 ἐν

193 2599 237 2673 ᾦ
279 2607 471 2672 σχεδὸν
509 2613 543 2680 ἥ
581 2629 640 2663 τε
686 2617 1106 2685 καταφρόνησις
1157 2617 1251 2667 καὶ
1302 2614 1565 2681 δυστυχία
1611 2618 1704 2668 καὶ
1750 2620 1814 2668 τὸ
1852 2614 2026 2687 μηδὲν
2066 2619 2276 2683 ἰσχύειν

334 2749 346 2786 1
385 2748 465 2791 καὶ
494 2760 580 2791 om.
613 2748 660 2792 M
804 2745 1002 2807 οἷμίνους
1030 2750 1071 2795 U
1101 2765 1159 2795 m.
1191 2765 1259 2807 pr.
1427 2757 1453 2796 4
1486 2748 1573 2812 οὐχ
1613 2750 1740 2808 ἕξετε
1779 2755 1965 2812 scripsi,
2009 2759 2112 2810 πῶς
2150 2753 2278 2811 ἕξετε

185 2812 308 2866 libri;
344 2819 568 2873 χαλεπῶς
597 2818 715 2863 delet
743 2820 1011 2866 Herwerden
1181 2827 1205 2866 5
1235 2824 1569 2908 λοιδρρίσεσθε
1603 2823 1639 2868 U
1668 2837 1726 2869 m.
1755 2838 1826 2881 pr.
1997 2820 2277 2874 ἐλεύσεσθαι

183 2883 276 2929 MU
306 2898 363 2931 m.
393 2899 461 2943 pr.
588 2893 612 2932 6
644 2883 744 2936 εἷθ’
774 2885 804 2937 ά
835 2891 875 2936 U
992 2896 1015 2935 7
1047 2893 1266 2938 fortasse:
1297 2890 1389 2940 κᾶν
1418 2909 1539 2940 ποτε
1567 2894 1757 2953 γένηται
1786 2889 1952 2952 <υμῖν>
1981 2897 2189 2955 διαφορὰ

187 2958 210 2998 8
242 2951 298 3000 τὸ
331 2973 569 3017 πονηρους
607 2956 731 3017 ε’χειν
759 2963 961 3016 πολίτας
1007 2963 1196 3018 seclusi;
1235 2963 1474 3019 Emperius
1511 2960 1599 3010 έαν
1636 2980 1755 3010 ποτε
1795 2990 1850 2997 -
1888 2965 2175 3024 αἰσχύνεσθε
2203 2969 2273 3012 in-

185 3025 389 3071 ducenda
417 3032 561 3084 putat,
592 3030 711 3086 quod
740 3030 849 3076 ferri
878 3034 1033 3088 nequit
1060 3038 1248 3089 propter
1277 3034 1510 3089 sequentia
1632 3037 1703 3096 τιῦ
1732 3032 2004 3092 στασιάζειν
2034 3037 2158 3083 UBT

184 3097 209 3136 9
242 3094 546 3153 αἰσχύνεσθαι
563 3100 623 3142 Μ
765 3098 859 3159 εγὼ
895 3116 979 3160 pro
1019 3119 1170 3161 εγωγε
1198 3103 1248 3146 Μ
1389 3099 1420 3162 ἢ
1456 3100 1550 3162 μὴν
1578 3105 1618 3150 U
1780 3110 1826 3150 11
1860 3104 1914 3152 ἐν
1942 3108 1971 3166 ᾗ
2002 3134 2053 3140 —
2090 3112 2140 3153 12
2171 3106 2273 3167 δεή-

187 3169 330 3211 σεσθε
360 3167 417 3210 ab
446 3168 538 3211 alia
564 3181 701 3214 manu
730 3171 876 3227 suppl.
909 3172 955 3215 in
991 3185 1124 3227 mrg„
1165 3186 1251 3217 om.
1289 3168 1421 3229 ὑμεῖς
1461 3174 1499 3218 Τ
1674 3179 1725 3220 12
1754 3173 1938 3238 ἐχθρὸν
1967 3177 2016 3221 Μ
2159 3183 2272 3239 φησὶ

184 3234 304 3278 UBT
478 3241 529 3281 16
560 3231 710 3296 λόγον
739 3235 811 3286 οἷεὶ
844 3238 1126 3300 συναγωγὸν
1153 3242 1283 3287 UBM
1314 3240 1463 3301 λόγον
1502 3240 1574 3291 dez
1611 3244 1892 3305 συναγαγὼν
1921 3249 1980 3303 Τ,
2019 3251 2272 3295 emendavit

183 3304 511 3361 Emp.17
545 3311 838 3365 φιλονεικίαν
864 3311 971 3355 libri
1087 3315 1138 3356 19
1169 3307 1287 3370 αὐτῇ
1315 3313 1403 3356 ΒΜ
1528 3312 1668 3361 πόλιν
1689 3342 1743 3348 -
1766 3322 1815 3361 21
1849 3319 2111 3379 φαινομένη
2141 3322 2269 3367 uncis

183 3375 350 3431 saepsi‚
390 3373 646 3425 κάλλιστον
684 3405 740 3412 -
780 3381 1042 3440 φαινομένη
1081 3382 1199 3428 delet
1227 3383 1384 3440 Emp.;
1422 3384 1618 3431 fortasse
1653 3389 1846 3443 genuina
1884 3395 2010 3444 sunt,
2056 3392 2134 3436 sed
2163 3397 2270 3437 ante

180 3441 332 3491 καλὸν
372 3463 465 3507 γαρ
501 3444 552 3507 δὴ
583 3449 612 3492 l.
648 3454 671 3493 5
707 3452 1065 3508 transponenda,
1104 3457 1153 3496 ut
1189 3453 1414 3498 scribatur
1450 3456 1594 3502 πόλιν
1631 3454 1806 3544 <γὰρ>ς
1845 3460 2040 3506 fortasse
2076 3462 2268 3520 duplicis

180 3517 450 3563 recensionis
478 3521 725 3576 vestigium,
756 3526 808 3566 ut
835 3523 865 3567 l.
890 3526 943 3567 26
1059 3527 1111 3567 23
1143 3521 1371 3584 ἑκατέρας
1391 3525 1429 3569 Τ
1514 3525 1667 3575 καλὸν
1694 3526 1788 3589 γὰρ
1818 3532 1998 3588 seclusi,
2027 3534 2267 3589 repetitum

178 3591 364 3644 propter
382 3591 738 3636 antecedentium
758 3593 916 3637 turbas
1032 3597 1084 3639 25
1107 3588 1468 3653 ἀποφαίνοντος
1486 3598 1603 3653 libri,
1626 3613 1740 3646 corr.
1763 3601 1933 3648 Reiske
2049 3608 2102 3649 26
2132 3600 2269 3664 ἠθῶν

181 3655 429 3714 Selden.,’'
398 3677 530 3718 ηχων
557 3661 658 3706 libri
830 3661 1018 3723 τρόπον
1047 3691 1100 3697 -
1133 3663 1297 3724 φωνὰς
1325 3666 1408 3711 del.
1440 3667 1619 3725 Reiske‚
1651 3671 1711 3716 cf.
1742 3673 1800 3717 ad
1828 3674 1858 3718 l.
1893 3678 1945 3718 19
2095 3679 2146 3720 27
2179 3692 2269 3722 τον

150 3759 153 3762 Δ
178 3738 260 3782 pro
281 3724 338 3774 τὸ
368 3728 418 3772 Μ
