2684 4140
850 319 853 323 ,
923 275 963 316 9.
1009 272 1212 320 DIONIS
1241 274 1660 324 PHILOSOPHIA.
2230 285 2331 334 373

301 408 522 465 victoriis,
563 423 680 466 quas·
712 411 767 456 de
795 412 945 458 Persis
976 414 1272 461 Athenienses
1371 425 1507 473 σκοῖς
1534 422 1782 480 προσῆκον
1807 416 1930 482 ἤπερ
1960 420 2143 481 ἰατροῖς
2171 433 2223 463 τε
2251 418 2333 463 καὶ

298 483 645 536 reportaverunt
673 495 738 527 or.
770 483 880 527 XIII
909 487 934 538 ξ
952 487 1134 531 23—26.
1368 487 1677 550 κυβερνήταις
1704 488 1734 550 ἤ
1753 488 1870 538 ἄλλο
1891 508 1936 538 τι
1957 484 2334 544 σπουδαιότερον

233 545 406 604 ''E-‘Jove
452 547 688 610 ἐγκώμιον
734 553 780 607 (i.
819 567 858 599 e.
896 558 994 601 τιῦν
1038 550 1272 615 οἷγροῖφων
1370 556 1660 618 πράττουσιν
1687 561 1845 617 11211,
1863 566 1928 608 11.

301 617 483 678 νόμων)
514 623 809 679 soph1sticum
833 628 878 669 et
897 637 924 668 a
943 625 1103 671 Dionis
1122 627 1269 683 philo·
1316 628 1454 676 Φιλία
1483 643 1614 687 quam
1650 631 1773 677 utilis
1808 632 1869 677 sit
1907 646 2008 678 cum
2043 633 2200 679 ceteris
2236 638 2331 678 tum

299 691 460 747 sophia
503 692 698 738 alienum
742 694 903 750 legitur
949 708 1014 740 or.
1066 695 1269 743 LXXVI.
1368 701 1559 746 maxime
1580 702 1672 758 regi
1708 715 1771 748 or.
1795 703 1861 747 111
1881 707 1905 758 ξ
1928 706 2035 748 86-
2044 707 2121 748 132
2143 704 2202 749 cf.
2224 717 2290 749 or.
2312 704 2336 749 I

298 759 345 804 11
375 763 472 806 205.
1370 772 1395 825 ξ
1419 774 1527 815 30—
1533 775 1601 817 32.

240 822 449 890 Εκπύρω
463 848 535 885 σις
578 828 770 889 κόσμου
813 836 1034 892 quomodo
1078 837 1160 882 fiat
1203 852 1267 883 or.
1316 836 1554 900 Φρόνησις
1583 843 1731 888 studia
1759 844 1987 888 hominum
2026 856 2141 889 vana
2170 843 2332 898 omnia,

304 900 502 947 XXXVI
524 905 548 956 ξ
570 907 620 947 51
641 916 706 960 sq.
737 906 958 962 μείζονος
981 900 1145 967 χώρας
1173 912 1268 968 δεη-
1368 911 1455 956 nisi
1474 917 1608 957 antea
1628 913 1943 969 quaesiverint,
1973 914 2079 971 quid
2098 913 2207 959 utile
2227 913 2332 970 quid

299 974 442 1030 θηναι
457 990 571 1020 τοτε
592 972 900 1033 (τὸνκόσμον
914 976 1268 1037 ἐκπυρωθέντα)
1368 995 1459 1027 non
1490 996 1555 1028 or.
1586 983 1748 1028 XXIV.
1794 983 1949 1028 11276.

298 1042 342 1086 11
378 1047 441 1097 15,
470 1047 495 1087 2
525 1044 604 1088 ubi
641 1041 905 1104 ἐκπύρωσις
944 1049 1146 1106 perfecta
1185 1055 1267 1104 est,
1315 1048 1441 1110 Φυγή
1475 1043 1548 1098 ὅτι
1579 1049 1845 1111 ἀδιάφορον
1874 1067 1939 1099 or.
1969 1054 2079 1097 XIII
2110 1057 2282 1109 §2-8,

298 1117 422 1159 totus
451 1114 644 1161 mundus
673 1116 810 1161 animi
848 1123 894 1163 et
930 1120 1091 1164 mentis
1127 1120 1270 1165 instar

299 1187 383 1239 est,
412 1186 493 1230 sed
522 1187 673 1231 Statim
701 1186 760 1232 ad
781 1191 1146 1249 παλιγγενεσίαν
1173 1205 1267 1237 ver·
1312 1165 1470 1217 Γλαῦξ
1484 1165 1859 1222 cumphilosopho
1873 1168 2158 1223 comparatur
2170 1180 2232 1211 or.
2244 1167 2332 1210 XII

298 1256 413 1300 titur
441 1256 548 1302 ibid·
581 1262 621 1302 5·
1369 1234 1395 1288 ᾗ
1417 1237 1513 1288 Isq.
1530 1233 1657 1277 LXX
1675 1238 1698 1289 ξ
1721 1240 1769 1279 13
1786 1249 1850 1293 sq.
1869 1239 1926 1294 τῇ
1944 1236 2114 1298 Ἀθηνᾷ
2129 1253 2330 1296 προσφί·

242 1320 507 1388 Ἐλευθερία
545 1322 846 1386 (αύτονομία)
890 1343 1022 1376 verae
1049 1331 1269 1376 libertatis
1368 1298 1463 1360 ³⁵⁷va
1493 1316 1521 1346 a
1541 1303 1701 1348 Phidia
1726 1304 1851 1349 iuna
1879 1305 2021 1362 ipsam
2051 1306 2176 1351 deam
2205 1307 2332 1350 affin'

300 1397 442 1442 nescii
470 1398 674 1443 homines
704 1399 759 1443 de
788 1399 980 1454 Solonis,
1010 1401 1268 1455 Dracontis‚
1369 1373 1488 1429 gum·
1521 1378 1616 1431 ¹56’
1651 1378 1718 1421 14

301 1467 493 1526 Numae,
521 1468 707 1514 Zaleuci
726 1469 855 1514 malis
876 1470 1045 1527 legibus
1074 1472 1192 1516 inter
1220 1484 1269 1516 se
1311 1473 1535 1518 Homerus
1553 1474 1778 1532 φυσικούς
1799 1491 1929 1528 τινας
1949 1470 2191 1528 ἐνόντας’
2167 1491 2219 1520 εν
2234 1483 2333 1528 τοῖς

299 1538 678 1595 pugnant11223‚
696 1542 804 1585 2.-
824 1543 905 1587 καὶ
921 1543 1106 1589 δουλεία
1125 1543 1269 1588 falsae
1364 1540 1536 1600 μύθοις
1567 1543 1738 1603 λόγους
1769 1545 1890 1591 κατὰ
1933 1541 2016 1603 τὴν
2056 1543 2169 1591 τότε
2199 1543 2331 1603 συνή-

299 1609 584 1655 definitiones
629 1609 904 1656 refutantur:
959 1612 1015 1659 τὸ
1068 1613 1269 1673 μηδενός
1366 1618 1506 1661 θειαν
1549 1614 1799 1674 παρεδίδου
1836 1623 1937 1669 τοῖς
1973 1608 2249 1674 οἷνθρώποις
2287 1616 2331 1659 II

295 1673 514 1738 ὑπήκοον
543 1675 679 1735 εἶναι,
709 1675 828 1729 αλλά
855 1679 1084 1743 πράττειν
1103 1679 1162 1731 τὰ
1193 1688 1266 1731 δο·
1368 1689 1462 1738 110,
1493 1689 1561 1731 20.

295 1752 474 1796 κοῦντα
467 1747 647 1832 ἑαυτῳ
662 1765 726 1797 or.
743 1752 1149 1811 X1V§4—8(11p.
1168 1758 1266 1808 227)
1310 1754 1524 1800 Homines
1568 1752 1625 1802 τὸ
1672 1749 1980 1813 ἀνθρώπινον
2022 1754 2159 1813 γένος
2202 1747 2331 1802 ἅπαν

292 1815 415 1877 υπὲρ
448 1812 566 1867 ότου
585 1817 647 1868 όίν
667 1839 736 1877 τις
755 1817 985 1883 οἷργύριον
1004 1817 1266 1884 καταβάλῃ,
1367 1821 1556 1881 ἔντιμον
1593 1828 1672 1871 καὶ
1717 1820 1951 1882 ὁμότιμον
1987 1821 2079 1872 υπὸ
2122 1830 2207 1872 τοῦ
2249 1823 2328 1884 φύ-

297 1889 469 1946 δοῦλός
498 1890 628 1938 ἐστιν
657 1895 682 1947 §
708 1897 812 1937 11—
819 1898 870 1938 12
903 1886 1000 1957 ότῳ
1031 1891 1207 1949 ἔξεστιν
1239 1889 1266 1940 ὃ
1316 1937 1318 1939 ,
1367 1911 1542 1949 σαντος
1571 1898 1691 1942 θεοῦ
1727 1891 1874 1942 ταύτὰ
1914 1903 2079 1954 σημεῖα
2109 1899 2189 1942 καὶ
2218 1889 2331 1953 σύμ-

297 1958 525 2021 βούλεται
555 1955 797 2023 πράττειν,
826 1961 1187 2024 ελευθεροςξιὸ
1202 1978 1266 2020 sq
1366 1969 1490 2024 βολα
1522 1961 1634 2024 έχον
1663 1970 1748 2010 etc.
1779 1970 1876 2021 215,
1907 1970 1975 2011 28.

297 2058 351 2065 ““
394 2049 479 2091 ουκ
520 2030 628 2079 υἱον
668 2050 721 2080 ²⁸
765 2043 989 2093 γενναῖον
1025 2035 1113 2093 μὲν
1151 2032 1270 2082 εἶναι
1312 2065 1517 2121 Iuppiter
1545 2065 1691 2119 regiae
1713 2065 1945 2120 potestatis
1969 2066 2192 2121 exemplar
2213 2070 2330 2121 7,14

295 2120 426 2158 τινα,
468 2121 531 2162 μη
590 2100 755 2163 εὐγενῆ
807 2106 856 2152 δὲ
907 2109 1106 2160 τοῦτον,
1162 2100 1269 2189 ρῦδ
1370 2135 1633 2190 cognomina
1663 2139 1704 2190 7
1735 2138 1803 2179 23
1861 2134 1929 2179 Cf
1951 2148 1985 2179 S
2009 2150 2048 2180 v·
2082 2132 2208 2189 Ζεύς

301 2168 468 2257 εὐγενῆ
491 2170 610 2220 ὄντα
630 2171 693 2234 μὴ
709 2172 967 2235 ἐλεύθερον
987 2172 1124 2222 εἶναι·
1147 2168 1270 2222 ω’στε

300 2247 382 2291 καὶ
413 2240 502 2291 τὸν
533 2240 707 2305 ἀγεννῆ
737 2247 870 2293 πᾶσα
890 2240 1073 2306 ανάγκη
1103 2250 1273 2293 δοῦλον
1318 2248 1475 2293 Κακία
1506 2247 1670 2291 bellum
1700 2246 1895 2292 omnium
1924 2250 2082 2292 contra
2111 2260 2260 2292 omncs
2290 2248 2335 2291 II

303 2311 422 2363 εἶναι
451 2316 497 2361 11
518 2320 616 2373 241,
633 2321 674 2363 3.
1376 2321 1470 2372 193,
1501 2321 1569 2362 22.

243 2381 507 2442 Ἐπίπνοια,
535 2382 563 2446 ἦ
593 2387 725 2447 παρὰ
757 2390 854 2434 τῶν
882 2390 1013 2435 θεῶν
1044 2392 1109 2443 10,
1140 2391 1210 2434 29.
1318 2389 1560 2433 Κολακεία
1591 2388 1867 2444 vituperatur
1898 2401 1961 2432 or.
1992 2387 2059 2430 III
2096 2391 2120 2441 ξ
2155 2391 2332 2432 16-24,

241 2454 502 2516 Ἔρως-τῆ
518 2455 638 2514 μετὰ
654 2453 857 2511 καλλους
871 2460 951 2504 καὶ
967 2450 1099 2517 (ἕρας
1116 2475 1274 2518 γιγνο·
1320 2455 1518 2516 Κόσμος
1545 2459 1768 2517 διοίκησις
1806 2462 1843 2512 8,
1866 2461 1970 2514 Ssq.
2009 2454 2335 2516 διαπορεύεται

302 2527 419 2586 μένη
448 2528 583 2586 φιλία
614 2531 683 2583 50,
718 2532 784 2574 18.
1374 2526 1462 2575 τὸν
1491 2525 1691 2587 ἄπειρον
1721 2528 1869 2574 αἰῶνα
1901 2531 2104 2586 συνεχῶς
2123 2526 2174 2574 ἐν
2203 2523 2333 2574 οἷπεί-

244 2595 539 2656 Εύδαιμονία
570 2589 647 2645 ὅτι
677 2594 829 2656 μόνος
871 2593 897 2645 ὃ
940 2594 1096 2659 σοφὸς
1126 2593 1274 2646 εύδαί-
1377 2617 1479 2660 ροις
1527 2595 1767 2658 περιόδοις
1813 2599 1919 2644 ibid.
1964 2603 2014 2642 10
2065 2597 2184 2657 ψυχὴ
2234 2600 2335 2651 (τοῦ

300 2686 406 2726 μων
435 2682 500 2715 01¹·
530 2668 699 2713 XXIII·
728 2669 774 2713 ῙῙ
793 2673 892 2715 273·
1373 2667 1601 2727 κόσμου),
1641 2666 1870 2726 πρόνοια,
1909 2665 2080 2725 νόμος,
2119 2668 2332 2713 πολιτεία

238 2735 403 2798 Ἡδονή
444 2739 501 2786 τὸ
540 2740 628 2797 μὲν
667 2742 750 2797 τῆς
785 2735 953 2799 ἡδονῆς
990 2743 1071 2787 καὶ
1100 2736 1157 2787 τὸ
1189 2746 1276 2787 τοῦ
1373 2741 1483 2786 ibid.
1514 2766 1569 2772 -—-
1598 2761 1652 2776 =
1683 2739 1838 2792 πόλιςε
1876 2739 1993 2795 μίαν
2030 2737 2122 2796 γάρ
2160 2732 2334 2794 ταύτην

304 2803 461 2857 πόνου
485 2813 602 2857 πᾶσι
617 2807 786 2858 κοινόν
803 2835 861 2844 -
881 2813 938 2858 τὸ
962 2812 1011 2858 δὲ
1031 2814 1112 2870 τῆς
1140 2808 1276 2869 δόξης
1375 2812 1603 2868 καθαρῶς
1652 2804 1907 2865 εὐδαίμονα
1950 2808 2194 2854 πολιτείαν
2239 2803 2332 2852 εἴτε

303 2878 542 2939 ἀνόμοιον
552 2885 632 2928 καὶ
650 2876 706 2929 ού
719 2876 867 2929 ταύτὸ
881 2886 997 2929 πᾶσι
1009 2895 1073 2927 or.
1085 2882 1275 2926 LXVIII
1371 2883 1452 2926 καὶ
1481 2876 1621 2925 πόλιν
1637 2875 1727 2938 χρὴ
1756 2882 1929 2931 καλεῖν,
1958 2872 2044 2934 τὴν
2061 2879 2190 2922 θεῶν
2211 2873 2334 2934 πρὸς

303 2955 329 3007 ξ
347 2953 656 2998 2.11172.-
679 2953 1008 3010 prosopopoeia
1031 2952 1077 2995 II
1093 2955 1189 3004 225,
1204 2954 1271 2995 24.
1373 2945 1600 3006 οἷλλήλους
1627 2949 1901 3001 κοινωνίαν,
1939 2942 2025 2993 ἐάν
2061 2963 2113 2992 τε
2151 2942 2333 3002 ξύμπαν

230 3013 634 3080 ‘'Haaogzbvq'hov
645 3025 754 3082 περὶ
766 3023 914 3080 μέσην
929 3019 1274 3078 ἐνίοτεὴμέραν
1371 3016 1428 3065 τὸ
1458 3014 1653 3077 λογικὸν
1681 3013 1912 3077 περιλάβῃ
1942 3033 2031 3070 τις,
2060 3011 2333 3076 ἀνθρώπων

303 3088 709 3176 ἐπισκοτούμενον
747 3090 940 3149 σελήνης
975 3085 1273 3147 ὖποδραμού·
1372 3086 1457 3135 σὺν
1492 3093 1626 3141 θεοῖς
1655 3081 2039 3146 ἀριθμουμένων,
2079 3086 2144 3139 (εἷς
2173 3089 2333 3138 παῖδες

305 3177 401 3221 σης,
431 3163 459 3220 ᾖ
480 3161 538 3208 τὸ
560 3178 664 3219 φως
685 3157 829 3215 αὐτὸς
850 3162 1023 3207 δίδωσι.
1055 3159 1100 3203 11
1115 3162 1269 3214 56,19.
1370 3154 1456 3204 σὺν
1475 3152 1671 3216 οἷνδράσι
1691 3157 1906 3216 λέγονται
1920 3156 2133 3215 μετέχειν
2149 3151 2333 3208 πόλεως

1371 3240 1437 3273 or.
1468 3227 1640 3272 XXXV
1670 3230 1695 3282 ς·
1718 3230 1786 3272 22.
1813 3230 1880 3272 23.
1913 3251 1970 3259 -
2009 3239 2090 3271 cur
2119 3239 2147 3270 a
2175 3226 2333 3270 Stoicis

247 3302 450 3348 Fabulae
466 3315 620 3348 earum
634 3302 944 3359 interpretatio
960 3300 1272 3359 philosophica
1370 3293 1508 3350 πόλις
1553 3297 1725 3341 dicatur
1762 3297 1966 3354 idemque
2001 3298 2127 3357 ζῷον
2164 3296 2207 3339 11
2236 3300 2277 3351 9,
2311 3300 2329 3339 1

306 3378 377 3430 79,
397 3376 462 3419 13.
482 3399 534 3405 -
552 3385 580 3417 a
595 3372 740 3417 Dione
756 3376 990 3417 enarratae
1011 3371 1064 3416 de
1079 3370 1273 3415 Hercule
1373 3368 1486 3412 illud
1505 3366 1564 3411 ad
1584 3365 1892 3426 διακόσμησιν
1910 3370 2083 3412 tantum
2112 3366 2333 3422 pertinere

306 3445 595 3490 adulescente
625 3456 689 3488 or.
722 3443 745 3486 I
766 3444 792 3499 ξ
810 3445 979 3487 50-84
1009 3456 1055 3499 p.
1077 3446 1117 3496 9,
1139 3444 1193 3484 24
1205 3454 1269 3497 sq.
1370 3437 1473 3483 ibid.
1489 3442 1511 3481 7
1532 3439 1729 3493 quamvis
1744 3439 1790 3482 in
1800 3438 1962 3482 multas
1979 3438 2142 3481 formas
2155 3436 2332 3488 divisus,

307 3521 352 3561 et
382 3516 496 3560 aliae
526 3514 585 3559 cf.
615 3513 714 3558 Ind.
735 3512 779 3557 X
809 3525 844 3558 s.
866 3527 908 3558 v.
940 3511 1109 3557 fabula.
1371 3521 1488 3552 unus
1516 3510 1666 3553 tamen
1696 3512 1765 3553 est
1792 3510 1877 3570 μιᾷ
1906 3509 2030 3566 ψυχῇ
2048 3509 2129 3551 καὶ
2148 3498 2334 3560 δυνάμει

254 3583 448 3640 Φθόνος
479 3579 700 3642 ούκοῦνῆ
727 3583 982 3642 ζηλοτυπία
1000 3585 1080 3628 καὶ
1101 3576 1127 3628 ὃ
1149 3577 1271 3639 φθό-
1372 3574 1650 3635 διεπόμενος
1677 3577 1784 3622 ibid.
1803 3577 2089 3634 ‘syllogismus
2126 3589 2212 3631 quo
2251 3573 2333 3619 κό-

308 3674 392 3712 νος
413 3683 466 3689 -
487 3651 764 3716 μαγειρικόν
785 3670 836 3700 τε
856 3655 936 3699 καὶ
954 3647 1166 3712 βαφικὸν
1193 3653 1274 3697 καὶ
1372 3666 1492 3707 σμος
1519 3650 1738 3706 probatur
1766 3648 1903 3700 πόλις
1931 3659 2028 3691 esse
2057 3658 2120 3690 or.
2143 3643 2334 3688 XXXVI

305 3724 652 3789 κεραμευτικὸν
688 3728 767 3772 καὶ
805 3728 989 3783 μᾶλλον
1033 3726 1273 3782 πορνοβο-
1373 3722 1399 3775 ξ
1432 3724 1500 3765 37.
1533 3745 1586 3752 ——
1615 3721 1711 3765 tota
1749 3718 1845 3763 fere
1875 3717 2123 3762 Stoicorum
2165 3725 2332 3758 cosmo-
