2684 4140
391 299 493 348 174
713 282 717 288 “
1116 287 1321 333 moms
1351 287 1436 331 DE
1467 285 1738 332 VIRTUTE

388 438 667 506 πλεούσης
703 443 800 505 τῆς
837 435 1000 496 νεώς,
1027 434 1108 483 ,ἂν
1148 432 1293 481 οὕτω
1332 432 1493 499 τύχῃ,
1533 436 1627 481 νῦν
1667 428 1726 480 δὲ
1767 428 2210 502 ἀποκλινούσης,
2257 434 2352 483 καὶ
2385 438 2479 484 νῦν

384 525 484 588 μὲν
524 521 712 589 οὐρίου
755 521 1065 589 φερομένου
1105 522 1208 566 τοῦ
1243 517 1580 580 πνεύματος,
1618 513 1792 566 πάλιν
1834 514 1892 566 δὲ
1931 518 2203 568 ἐναντίου.
2275 519 2376 588 χρὴ
2420 515 2479 568 δὲ

388 607 578 672 ὥσπερ
628 605 686 654 ἐν
735 600 873 672 λύρᾳ
903 589 1017 652 ’τὸν
1064 605 1238 667 μέσον
1290 601 1546 671 φθόγγον
1594 602 2047 670 καταστήσαντες
2096 603 2296 654 ἔπειτα
2336 605 2481 672 πρὸς

383 696 579 740 τοῦτον
618 683 959 758 ἁρμόζονται
996 688 1127 748 τοὺς
1167 683 1402 747 ἀλλουςέ
1439 687 1491 736 εἰ
1532 682 1590 736 δὲ
1628 687 1725 756 μή,
1766 683 2031 752 οὐδεμίαν
2073 685 2346 738 οὐδέποτε
2385 689 2480 757 ἁρ-

384 775 585 840 μονίαν
623 770 1054 836 ἀποδείξουσιν·
1096 773 1273 833 οὕτως
1311 773 1369 822 ἐν
1407 770 1488 839 τῷ
1523 771 1628 839 βίῳ
1671 769 1930 835 ξυνέντας
1967 775 2030 823 τὸ
2056 771 2349 840 βέλτιστον
2381 774 2476 824 καὶ
2512 781 2538 821 5

382 865 545 909 τοῦτο
596 855 1011 921 ἀποδείξαντας
1059 861 1240 927 πέρας
1288 859 1433 926 πρὸς
1484 863 1649 907 τοῦτο
1688 854 1864 907 τᾶλλα
1914 862 2133 909 ποιεῖν’
2186 860 2238 910 εἰ
2288 857 2347 910 δὲ
2386 862 2480 930 μή,

384 945 737 1013 ἀνάρμοστον
777 945 969 1005 αὐτοῖς
1005 945 1100 995 καὶ
1136 940 1334 1010 ἐκμελῆ
1374 944 1471 994 τὸν
1509 943 1635 1010 βίον
1675 945 1823 1004 εἰκός
1860 945 1984 994 ἐστι
2021 944 2337 1012 γίγνεσθαι.

981 1340 1103 1405 (52)
1150 1336 1407 1403 Imm
1453 1337 1887 1405 ΑΡΕΤΗΣ.

1347 1482 1517 1490 ...--

521 1572 771 1649 Ἄπορόν
807 1597 908 1646 μοι
947 1579 1107 1633 δοκεῖ
1136 1581 1284 1633 εἶναι
1319 1584 1408 1633 ὅτι
1448 1583 1504 1632 οἱ
1529 1583 1838 1652 ἅνθρωποι
1864 1580 2005 1633 ἄλλα
2039 1584 2140 1648 μὲν
2179 1586 2482 1637 ἐπαινοῦσι

383 1666 477 1715 καὶ
514 1662 923 1730 θαυμάζουσιν,
963 1664 1147 1718 ἄλλων
1188 1665 1246 1718 δὲ
1287 1669 1544 1737 ἐφίενται
1583 1670 1677 1718 καὶ
1716 1670 1848 1735 περὶ
1874 1665 2015 1718 ἄλλα
2041 1667 2477 1721 ἐσπουδάκασιν.

385 1751 687 1802 ἐπαινοῦσι
733 1753 835 1817 μὲν
872 1754 1002 1820 γάρ,
1055 1754 1131 1814 ὡς
1171 1754 1311 1814 ἔπος
1349 1754 1559 1816 εἰπεῖν,
1611 1755 1821 1814 πάντες
1865 1755 1960 1804 καὶ
1995 1754 2134 1804 θεῖα
2170 1756 2264 1806 καὶ
2303 1757 2475 1820 σεμνά
2515 1761 2562 1802 10

388 1851 563 1907 φασιν
602 1835 863 1907 ἀνδρείαν
887 1839 981 1889 καὶ
1008 1835 1368 1908 δικαιοσύνην
1394 1840 1487 1889 καὶ
1514 1840 1790 1908 φρόνησιν
1814 1839 1908 1889 καὶ
1937 1836 2248 1909 συλλήβδην
2282 1840 2482 1910 ἀρετὴν

386 1929 592 1973 πᾶσαν.
667 1924 761 1973 καὶ
800 1925 896 1984 οὓς
933 1925 1000 1974 ἂν
1038 1927 1286 1994 ἡγῶνται
1323 1926 1617 1985 τοιούτους
1656 1922 1803 1975 εἶναι
1841 1924 1871 1994 ἢ
1911 1927 2197 1991 γεγονέναι
2233 1925 2266 1994 ἢ
2307 1926 2482 1992 ἐγγύς,

386 2003 747 2074 θαυμάζουσι
783 2011 876 2061 καὶ
901 2010 1165 2075 ὑμνοῦσι·
1204 2011 1298 2060 καὶ
1324 2011 1456 2071 τοὺς
1481 2013 1582 2075 μέν
1609 2026 1767 2071 τινας
1793 2010 1985 2073 θεούς,
2025 2011 2156 2071 τούς
2197 2007 2256 2061 δὲ
2294 2011 2484 2080 ἥρωας

387 2096 838 2164 ἀποφαίνουσιν,
900 2095 1021 2146 οἷον
1064 2088 1336 2164 Ἡρακλέα
1387 2097 1481 2146 καὶ
1536 2096 1923 2165 Διοσκούρους
1981 2096 2076 2146 καὶ
2141 2095 2332 2165 Θησέα
2390 2096 2484 2146 καὶ

381 2174 636 2245 Ἀχιλλέα
674 2182 767 2231 καὶ
806 2183 1024 2242 πάντας
1062 2183 1193 2242 τοὺς
1218 2182 1498 2251 ἡμιθέους
1527 2178 1870 2248 λεγομένους.
1934 2177 2080 2248 <οἶς>
2106 2181 2167 2231 ὃν
2195 2182 2262 2231 ἂν
2289 2183 2486 2247 ὅμοιον
2525 2190 2572 2232 15

386 2264 883 2333 ὑπολαμβάνωσιν,
922 2267 1144 2331 ἕτοιμοί
1181 2267 1326 2316 εἰσιν
1365 2267 1612 2326 ἅπαντες
1650 2266 1838 2333 ἐκείνῳ
1869 2266 2196 2316 πείθεσθαι
2219 2267 2313 2316 καὶ
2337 2267 2480 2335 ὑπη-

387 2356 582 2421 ρετεῖν,
622 2354 728 2415 ό,τι
766 2352 833 2402 ἂν
873 2353 1226 2420 προστάττῃ,
1265 2352 1359 2402 καὶ
1395 2348 1634 2417 βασιλέα
1671 2353 1765 2402 καὶ
1801 2352 2041 2420 ἄρχοντα
2081 2348 2484 2402 ἀποδεικνύναι

389 2441 600 2488 ἑαυτῶν
637 2437 835 2487 καὶτὰ
877 2440 1122 2506 σφέτερα
1161 2438 1520 2506 ἐπιτρέπειν,
1573 2436 1634 2487 ὃν
1684 2437 1750 2486 ἂν
1805 2438 2073 2506 σώφρονα
2122 2437 2216 2486 καὶ
2266 2433 2483 2486 δίκαιον

390 2525 483 2573 καὶ
511 2525 787 2592 φρόνιμον
815 2524 989 2583 ὅντως
1015 2519 1464 2588 ὑπολαμβάνωσι
1488 2523 1582 2572 καὶ
1607 2519 1805 2583 ἁπλῶς
1831 2520 2006 2590 ἄνδρα
2034 2522 2270 2589 ἀγαθόν.
2340 2521 2484 2571 ὥστε

390 2610 560 2677 ταύτῃ
599 2610 700 2674 μὲν
742 2609 837 2658 οὐκ
875 2609 941 2659 ἄν
980 2626 1067 2669 τις
1107 2608 1298 2668 αὐτοῖς
1333 2611 1629 2674 μέμψαιτο
1670 2609 1746 2668 ὡς
1786 2608 1882 2657 οὑκ
1910 2608 2354 2674 αἰσθανομένοις
2391 2608 2479 2656 ὅτι
2515 2616 2565 2659 20

393 2696 593 2759 σεμνόν
632 2711 686 2744 τι
723 2695 818 2744 καὶ
854 2694 1042 2758 τίμιον
1079 2694 1173 2744 καὶ
1210 2699 1313 2742 τοῦ
1348 2694 1562 2753 παντὸς
1601 2689 1760 2755 ἄξιον
1805 2700 1989 2762 χρῆμα
2030 2694 2226 2763 ἀρετή·
2277 2693 2484 2743 ἐπιθυ-

389 2781 564 2846 μοῦσί
600 2796 660 2846 γε
697 2781 805 2850 μὴν
845 2781 1073 2830 πάντων
1111 2776 1324 2844 μᾶλλον
1374 2779 1405 2847 ἢ
1458 2779 1672 2844 ἀγαθοὶ
1709 2779 1981 2845 γενέσθαι
2026 2779 2120 2829 καὶ
2168 2780 2485 2844 πράττουσι

392 2868 577 2916 πάντα
618 2867 894 2934 πρότερον
931 2865 962 2934 ἢ
1005 2866 1162 2925 ὅπως
1203 2865 1641 2934 σωφρονήσουσι
1676 2865 1770 2913 καὶ
1810 2866 2079 2933 φρόνιμοι
2129 2864 2357 2913 ἔσονται
2393 2863 2487 2912 καὶ

2656 1972 2666 2019 5

538 3050 556 3088 1
595 3040 707 3103 νηὸς
736 3044 780 3088 Η
896 3038 1270 3102 ἀποκλεινούσης
1301 3043 1348 3085 Μ
1464 3047 1488 3086 2
1520 3043 1813 3100 φαινομένου
1845 3042 1931 3086 ΡΜ
2061 3046 2085 3086 3
2115 3038 2485 3100 καταστήσαντα

392 3117 428 3160 Β
451 3113 848 3174 καταστήσαντας
868 3115 905 3160 U
930 3129 986 3158 m.
1007 3128 1076 3172 pr.
1157 3120 1184 3159 4
1206 3112 1317 3168 τοὺς
1338 3109 1508 3168 αὐλοὺς
1529 3115 1564 3158 Ρ
1640 3110 1867 3161 οὐδέποτε
1891 3108 2112 3170 οὐδεμίαν
2132 3114 2235 3166 (hoc
2257 3112 2369 3165 ord.)
2385 3112 2429 3156 H

395 3192 418 3231 5
452 3181 765 3241 ἀποδείξωσιν
794 3187 876 3233 BU
906 3200 962 3230 m.
995 3200 1064 3243 pr.
1210 3186 1422 3242 ξυνέντες
1453 3187 1487 3229 Ρ
1660 3189 1685 3230 6
1717 3181 2032 3240 ἀποδείξαντα
2064 3185 2102 3228 Β
2247 3182 2304 3232 τὸ
2337 3185 2486 3243 πέρας

393 3257 524 3302 UBM
697 3257 821 3317 πρὸς
850 3261 993 3305 τοῦτο
1025 3272 1112 3303 om.
1144 3258 1192 3302 M
1365 3255 1514 3305 τᾶλλα
1548 3258 1594 3301 Μ
1625 3250 1724 3313 ἅμα
1757 3258 1833 3302 BU
1865 3250 2022 3304 πάντα
2053 3256 2133 3301 PH
2308 3260 2331 3298 7
2363 3256 2486 3314 γίνε-

393 3333 509 3375 σθαι
537 3328 580 3372 Η
697 3333 721 3373 8
752 3330 1057 3375 scribendum:
1093 3322 1181 3384 3,ss
1211 3331 1280 3375 vel
1313 3323 1400 3384 δ’,τι
1433 3328 1734 3383 <παθόντες>
1879 3333 1905 3373 9
1935 3325 2235 3385 θαυμάζουσι
2265 3326 2354 3370 ΒΜ
2437 3388 2455 3395 „

393 3398 578 3459 ἐφίεται
609 3406 651 3452 (ν
680 3405 922 3456 superscr.)
954 3402 988 3444 P
1164 3406 1215 3445 15
1250 3397 1321 3455 οἷς
1354 3395 1412 3447 ὃν
1442 3399 1503 3448 ἄν
1532 3401 1715 3455 Jacobs,
1749 3395 1806 3447 ὃν
1837 3396 1898 3448 o‘c'v
1928 3400 2059 3444 PHM
2090 3390 2159 3444 ὧν
2191 3394 2249 3446 ἂν
2280 3396 2383 3452 UB3
2416 3398 2485 3440 ὠν

395 3467 452 3518 ὃν
482 3467 540 3517 ἂν
574 3471 690 3515 Seld.
719 3475 799 3517 καὶ
831 3466 888 3518 ὃν
917 3468 977 3520 ἄν
1008 3471 1170 3527 Pfiugk
1277 3477 1328 3517 16
1358 3469 1781 3531 ὑπολαμβάνουσιν
1813 3472 1859 3515 Μ
1949 3475 2001 3515 19
2033 3462 2186 3523 οὕτως
2213 3481 2297 3526 pro
2331 3462 2485 3519 ὅντως

396 3543 432 3588 U
462 3557 520 3586 m.
553 3556 620 3599 pr.
736 3539 1130 3602 ὑπολαμβάνουσι
1160 3543 1204 3586 Η
1232 3557 1288 3586 m.
1321 3557 1387 3600 pr.
1515 3547 1569 3587 20
1600 3540 1775 3602 ταύτην
1806 3543 1853 3586 Μ
1960 3545 2009 3585 21
2043 3543 2124 3587 καὶ
2153 3534 2332 3595 σεμνὸν
2362 3537 2396 3579 Ρ

394 3612 542 3673 άρετῆ
562 3615 596 3656 Ρ
620 3613 740 3666 (Sicl)
773 3607 947 3671 ἀρετὴν
978 3618 1042 3664 (at
1075 3627 1102 3657 a
1129 3627 1196 3670 pr.
1229 3627 1288 3660 m.
1320 3619 1372 3659 ut
1399 3615 1575 3660 videtur
1596 3607 1784 3673 ἀρετῆς)
1807 3614 1854 3658 Μ
1875 3609 2051 3673 ἀρετὴν
2070 3613 2268 3668 τιμῶσιν
2291 3607 2370 3651 UB

393 3683 678 3741 ἐπιθυμοῦσί
706 3701 760 3742 γε
789 3681 882 3742 μὴν
911 3684 976 3740 Μ,
1005 3685 1111 3728 item
1141 3686 1304 3730 omisso
1336 3703 1391 3744 γε
1421 3686 1500 3729 PH
1532 3680 1588 3732 οὐ
1617 3681 1710 3743 μὴν
1739 3683 2022 3741 ἐπιθυμοῦσι
2052 3682 2134 3727 ΠΒ
2239 3683 2291 3724 22
2323 3675 2481 3724 πάντα

395 3753 657 3816 πράττουσι
689 3755 792 3808 (hoc
823 3756 935 3810 ord.)
966 3756 1007 3799 H
1124 3759 1177 3800 23
1209 3757 1559 3816 σωφρονήσωσι
1591 3757 1630 3801 U
1661 3770 1718 3800 m.
1750 3769 1817 3812 pr.
1849 3755 1885 3798 B
