2684 4140
433 291 496 339 68
1152 266 1355 315 DIONIS
1385 260 1744 309 GRATITUDO

429 425 591 488 αὐτὸς
626 426 751 489 ὑμῖν
789 414 1049 488 ὀφείλειν,
1088 413 1179 462 καὶ
1217 410 1446 473 εὔχομαι
1483 409 1604 465 τοῖς
1631 405 1795 463 θεοῖς
1823 402 2014 460 ἱκανὸς
2051 398 2322 465 γενέσθαι
2349 399 2492 448 ἀπο-

425 514 606 563 τίνειν.
690 498 903 553 πολλοῦ
943 499 1043 562 μὲν
1090 495 1191 561 γάρ
1241 492 1554 555 ἐπίσταμαι
1602 487 1887 546 κάκείνους
1935 485 2263 551 γενομένους
2302 477 2494 543 ἀξίους

423 594 512 644 καὶ
548 588 773 646 δικαίως
809 584 1072 632 ἁπάντων
1111 578 1398 642 τυχόντας,
1438 575 1589 638 ὅμως
1630 569 1688 621 δὲ
1728 572 1785 620 ἐν
1826 571 2042 619 ἅπασιν
2079 562 2423 634 ὑπερέβαλεν
2461 569 2493 633 ἡ

425 672 601 733 πόλις.
662 670 753 719 καὶ
788 667 888 734 γὰρ
927 667 1029 715 ὅσα
1071 655 1167 712 οὐκ
1204 657 1559 728 ἐδυνήθησαν
1597 652 1974 724 βουληθέντες
2014 649 2107 702 διὰ
2146 651 2312 718 τύχην
2350 652 2492 714 τινά,
2517 659 2684 704 (196121

359 764 388 811 5
425 759 513 809 καὶ
559 756 766 805 τούτων
804 741 993 808 αὐτοῖς
1035 748 1198 814 χάριν
1237 740 1510 793 ἀπεδίδου
1548 744 1579 810 ή
1631 739 1853 809 πατρίς.
1929 738 1961 787 ὁ
1996 741 2125 803 γοῦν
2174 737 2421 798 πάππος
2459 736 2491 785 ὁ
2526 746 2550 786 5
2669 736 2670 739 ’

421 843 576 905 ἐμός,
626 838 676 887 εί
725 835 823 885 ἐπὶ
860 829 1031 882 πλέον
1073 830 1339 879 ἀπώνατο
1379 833 1478 896 τῆς
1518 822 1732 895 φιλίας,
1753 829 1855 873 τοῦ
1890 824 2018 872 τότε
2069 813 2496 891 αὐτοκράτορος,

421 921 556 974 ἀλλὰ
592 923 664 990 μὴ
703 919 906 987 βραχύς
932 911 1219 973 παντελῶς
1245 913 1459 978 ἐγένετο
1487 904 1579 975 <ὁ>
1604 910 1821 977 χρόνος,
1868 904 2158 967 διενοεῖτο,
2199 907 2276 966 ὥς
2304 921 2497 976 φασιν,

419 1005 741 1074 ἐλευθερίαν
786 1009 854 1071 τῇ
892 997 1056 1050 πόλει
1107 995 1295 1063 λαβεῖν
1342 997 1436 1045 καὶ
1483 991 1587 1063 ἤδη
1643 994 1779 1062 περὶ
1829 993 2031 1042 τούτου
2080 992 2365 1061 πεποίητο
2403 995 2499 1043 τὸν

423 1091 596 1159 λόγον.
679 1090 740 1139 ού
793 1085 885 1138 δεῖ
925 1083 983 1136 δὲ
1035 1077 1395 1143 ἀπελπίζειν,
1447 1082 1553 1141 ἕως
1602 1079 1669 1129 ἂν
1722 1078 1982 1146 ἀγαθούς
2029 1077 2124 1127 καὶ
2163 1074 2501 1146 φιλοτίμους

424 1174 628 1245 ἄνδρας
663 1178 694 1244 ή
735 1169 901 1232 πόλις
941 1173 1079 1240 φέρῃ
1120 1167 1357 1227 ὁποίους
1392 1167 1488 1216 καὶ
1524 1166 1656 1226 τούς
1693 1170 1802 1215 νῦν.
1867 1163 1973 1231 ἐγὼ
2013 1163 2116 1231 γὰρ
2156 1163 2214 1212 έν
2253 1159 2495 1225 πολλαῖς
2529 1170 2580 1213 10

419 1260 653 1329 γεγονὼς
678 1254 908 1307 πόλεσιν
937 1254 1029 1304 οὐκ
1067 1249 1194 1302 οἶδα
1220 1248 1476 1318 βελτίους
1513 1247 1722 1319 ἄνδρας
1760 1254 1870 1299 τῶν
1899 1238 2041 1317 παρ’
2085 1248 2231 1313 ὑμῖν.
2309 1244 2498 1315 ἔλεγον

424 1339 479 1396 δ’
520 1345 586 1395 ἂν
623 1344 719 1393 ἐπὶ
755 1338 924 1390 πλέον
960 1330 1098 1388 καθ’
1141 1338 1401 1399 ἕκαστον,
1455 1336 1506 1386 εἰ
1555 1337 1629 1405 μὴ
1689 1331 1883 1399 σχεδὸν
1923 1335 2181 1394 ἅπαντας
2222 1337 2500 1400 συγγενεῖς

425 1430 584 1488 ὄντας
622 1428 823 1477 ὤκνουν
861 1425 1128 1484 ἐπαινεῖν,
1167 1422 1261 1472 καὶ
1300 1421 1493 1490 ὥσπερ
1534 1421 1732 1489 ἔρανόν
1771 1436 1898 1470 τινα
1926 1416 2240 1479 ἀποδιδούς
2266 1424 2377 1469 τῶν
2417 1420 2499 1480 εἰς

357 1513 387 1563 6
426 1513 658 1579 ἐμαυτὸν
704 1513 856 1561 ἕνεκα
903 1512 1094 1573 τιμῶν.
1192 1507 1553 1576 ἠκροασάμην
1614 1505 1717 1574 γὰρ
1769 1502 1831 1574 δὴ
1891 1506 1985 1555 καὶ
2039 1506 2252 1555 τούτων
2309 1505 2498 1555 καίτοι
2523 1514 2661 1556 (mou

425 1594 641 1666 σφόδρα
681 1592 1006 1659 αἰδούμενος
1042 1594 1192 1658 ὅμως
1232 1588 1326 1642 διὰ
1365 1592 1496 1652 τούς
1525 1588 1782 1658 λέγοντος
1813 1590 2031 1652 αὐτούς,
2071 1591 2347 1658 ἀγάμενος
2384 1596 2495 1642 τῶν
2535 1598 2581 1639 15
2674 1613 2681 1675 3

423 1678 635 1749 ἀνδρῶν
680 1682 744 1729 τό
788 1695 846 1729 τε
883 1678 1144 1747 ἄφθονον
1181 1677 1276 1727 καὶ
1312 1678 1411 1746 τὴν
1461 1676 1821 1745 προθυμίαν,
1877 1676 1962 1725 ἔτι
2013 1672 2072 1726 δὲ
2118 1678 2217 1746 τὴν
2267 1677 2499 1745 περὶτὰ

422 1766 601 1816 εἰπεῖν
640 1762 884 1829 δύναμιν.
948 1763 1009 1812 ού
1052 1759 1115 1832 δὴ
1157 1762 1509 1826 θαυμαστόν,
1549 1762 1601 1811 εἰ
1627 1761 1734 1827 ἐγὼ
1775 1758 2024 1828 πατρίδα
2051 1762 2316 1830 τοιαύτην
2356 1763 2500 1811 οὕτω
2669 1757 2680 1819 ἓ

427 1846 643 1918 σφόδρα
680 1850 936 1917 ἠγάπηκα
977 1847 1119 1897 ὥστε
1159 1839 1278 1896 οὔτ’
1337 1847 1404 1896 ἂν
1437 1838 1687 1915 Ἀθήνας
1740 1844 1865 1895 οὔτε
1895 1837 2095 1913 Ἄργος
2144 1846 2269 1896 οὔτε
2315 1848 2502 1896 Λακε-
2670 1825 2679 1908 ξ

426 1932 675 1999 δαίμονα,
715 1933 881 2001 αἴπερ
920 1933 1031 1983 εἰσὶ
1069 1937 1294 2001 πρῶται
1317 1932 1410 1982 καὶ
1435 1927 1807 1994 ἐνδοξόταται
1831 1935 1943 1981 τῶν
1974 1922 2321 2000 Ἑλληνίδων,
2362 1923 2511 1981 εἱλό-ν
2531 1940 2610 1982 (197
2624 1920 2681 1980 Bi

423 2036 529 2088 μην
565 2019 631 2069 ἂν
668 2017 814 2069 εἶναί
846 2034 945 2084 μοι
983 2014 1262 2085 πατρίδας
1299 2018 1411 2085 πρὸ
1451 2017 1682 2086 ταύτης·
1720 2017 1814 2067 καὶ
1850 2021 2015 2066 τοῦτο
2055 2016 2194 2086 ἔργῳ
2224 2013 2498 2086 ἐδήλωσα.
2537 2023 2586 2064 20
2672 2026 2679 2099 ff

428 2100 647 2153 πολλῶν
682 2104 783 2171 γὰρ
823 2099 1074 2172 πολλαχῇ
1116 2099 1592 2171 παρακαλούντων
1628 2118 1698 2167 με
1736 2102 1831 2152 καὶ
1879 2104 2067 2166 μένειν
2103 2103 2197 2152 καὶ
2234 2103 2508 2170 προΐστα-
2671 2099 2677 2109 ’

430 2188 572 2238 σθαι
606 2193 715 2238 τῶν
750 2193 948 2238 κοινῶν
988 2188 1048 2237 οὐ
1086 2194 1178 2238 νῦν
1214 2190 1403 2253 μόνον,
1443 2183 1584 2237 ἀλλὰ
1621 2188 1716 2238 καὶ
1753 2189 2047 2256 πρότερον,
2086 2189 2178 2238 ὅτε
2216 2188 2361 2256 ἤμην
2403 2204 2505 2257 φυ-

433 2274 532 2338 γάς
573 2272 680 2334 (καὶ
716 2274 1058 2342 ψηφίσματα
1097 2273 1363 2339 ἔπεμψάν
1401 2289 1550 2334 τινες
1588 2273 1734 2342 πρὸς
1783 2273 1880 2323 τὸν
1930 2272 2311 2342 αὐτοκράτορα
2345 2275 2510 2342 χάριν

438 2354 646 2417 εἰδότες
682 2364 778 2427 τῆς
816 2359 895 2418 εἰς
934 2359 1028 2423 ἐμὲ
1067 2359 1276 2428 τιμῆς),
1332 2350 1461 2408 οὐδὲ
1500 2359 1739 2408 πώποτε
1778 2358 1908 2426 ἄχρι
1948 2354 2111 2425 λόγου
2150 2359 2214 2408 τὸ
2253 2363 2510 2408 τοιοῦτον

434 2441 775 2510 ὑπεσχόμην,
825 2436 947 2491 ἀλλ’
1003 2434 1124 2493 οἷδ’
1179 2444 1359 2493 οἰκίαν
1406 2443 1438 2512 ἢ
1475 2443 1684 2509 χωρίον
1723 2443 2041 2512 ἐκτησάμην
2090 2435 2231 2514 παρ’
2275 2445 2505 2512 ἑτέροις,
2542 2450 2590 2491 25
2668 2427 2671 2434 Δ

372 2525 401 2573 7
440 2525 515 2584 ὡς
538 2523 707 2594 μηδὲν
731 2511 766 2594 ᾗ
792 2543 889 2591 μοι
918 2530 1143 2596 σημεῖον
1171 2525 1416 2593 ἀλλαχοῦ
1440 2525 1733 2597 πατρίδος.
1796 2529 1891 2579 καὶ
1914 2528 2018 2598 γὰρ
2041 2523 2171 2595 (ἂν)
2197 2526 2282 2597 εἴη
2311 2525 2510 2590 δεινόν,

436 2608 485 2657 εἰ
524 2609 578 2657 οἱ
613 2610 914 2679 ἄνθρωποι
951 2609 1281 2681 ἀδικώτεροι
1319 2613 1549 2664 ἔσονται
1586 2618 1698 2663 τῶν
1735 2609 2030 2678 μελιττῶν.
2097 2605 2371 2664 οὐδέποτε
2408 2613 2511 2682 γὰρ

436 2692 654 2743 ἐκείνων
688 2696 789 2759 μία
826 2693 1210 2747 καταλιποῦσα
1249 2699 1312 2747 τὸ
1355 2699 1524 2768 αὐτῆς
1565 2704 1774 2768 σμῆνος
1815 2698 1897 2758 εἰς
1935 2699 2123 2767 ἕτερον
2170 2701 2408 2767 μετέστη
2448 2699 2511 2748 τὸ

435 2772 619 2840 μεῖζον
654 2780 685 2847 ἢ
723 2777 931 2844 μᾶλλον
969 2774 1256 2859 εὐθενοῦν,
1309 2779 1450 2832 ἀλλὰ
1502 2784 1599 2833 τὸν
1648 2780 1795 2833 ἴδιον
1846 2783 2018 2847 ἑσμὸν
2068 2779 2287 2852 πληροῖ
2325 2800 2384 2833 τε
2421 2784 2514 2833 καὶ

439 2858 614 2925 αὔξει,
660 2864 759 2914 κᾶν
795 2868 1136 2935 ψυχρότερον
1182 2860 1214 2936 ᾖ
1257 2869 1319 2918 τὸ
1365 2868 1575 2937 χωρίον
1612 2869 1706 2918 καὶ
1756 2868 1816 2917 αἱ
1867 2868 2035 2933 νομαὶ
2073 2868 2297 2936 χείρους
2342 2869 2436 2918 καὶ
2472 2871 2503 2936 ἡ
2543 2875 2592 2917 30

443 2941 639 3012 δρόσος
675 2946 916 2999 ἐλάττων
952 2951 1051 3001 κᾶν
1091 2949 1504 3021 δυσκολώτερον
1541 2954 1605 3003 τὸ
1646 2953 1805 3022 ἔργον
1832 2953 1896 3003 τὸ
1937 2953 2070 3021 περὶ
2106 2952 2175 3002 τὰ
2212 2953 2376 3021 κηρία
2414 2952 2514 3002 κᾶν

583 3152 602 3191 1
634 3143 903 3199 ἀποτείνειν
931 3154 981 3198 Μ
1124 3160 1147 3200 2
1177 3161 1359 3205 πολλοῦ
1389 3158 1596 3213 casaub„
1627 3155 1837 3213 πολλοὺς
1864 3159 1970 3204 libri
2122 3156 2218 3221 γὰρ
2247 3173 2336 3206 om·
2367 3160 2403 3203 Β

445 3219 470 3259 6
499 3213 575 3262 ἐπὶ
602 3218 746 3266 πλέον
774 3222 944 3279 scripsi,
972 3222 1050 3271 ἐπὶ
1079 3230 1244 3274 πλεῖον
1270 3228 1375 3274 libri
1405 3229 1462 3274 of.
1491 3230 1524 3276 l.
1560 3233 1611 3275 12
1728 3234 1752 3274 7
1785 3225 1812 3277 ὃ
1845 3230 1950 3275 add.
1982 3229 2152 3277 Reiske
2297 3234 2323 3275 8
2353 3234 2520 3291 λαβεῖν

446 3288 503 3342 ῖῇ
531 3285 667 3333 πόλει
694 3289 794 3342 (1²00
822 3292 932 3347 ord„
959 3298 1006 3337 at
1035 3298 1093 3353 τῇ
1122 3290 1258 3345 πόλει
1279 3302 1522 3355 superscr.)
1542 3301 1581 3345 B
1670 3296 1759 3347 τὸν
1787 3313 1876 3347 om.
1898 3301 1980 3347 ΠΤ
2067 3305 2094 3347 9
2124 3300 2333 3359 ἐλπίζειν
2354 3300 2434 3346 UT

453 3358 507 3436 lq
531 3355 650 3415 φέθη
677 3370 702 3402 e
728 3359 860 3419 φέρει
890 3374 1005 3408 corr.
1036 3365 1073 3408 T
1248 3373 1297 3413 15
1329 3362 1460 3426 ὅμως
1489 3370 1538 3418 δὲ
1567 3371 1605 3415 Τ
1784 3376 1834 3417 17
1867 3371 1929 3421 ου’
1959 3368 2012 3433 δὴ
2043 3372 2221 3430 Pfiugk,
2251 3367 2360 3420 οὐδὲ
2390 3371 2522 3416 UBM

450 3424 584 3471 ουδὲν
611 3426 649 3470 Τ
762 3429 826 3483 εἰς
856 3444 936 3487 pro
967 3429 1008 3479 εὶ
1035 3434 1085 3478 Μ
1174 3441 1223 3482 18
1253 3434 1442 3497 Ἀθῆναι
1471 3441 1523 3486 Μ
1608 3446 1662 3487 20
1694 3438 1811 3503 ἔργα
1841 3443 1930 3489 ΜΤ
2039 3446 2093 3488 22
2123 3446 2208 3490 νῦν
2237 3456 2323 3489 om.
2354 3441 2434 3487 UT

452 3496 521 3573 ²3,
533 3500 740 3551 “Specto
766 3501 847 3544 καὶ
874 3497 1026 3561 (γὰρ)
1052 3504 1100 3548 in
1126 3509 1383 3562 parenthesi
1485 3515 1540 3556 26
1570 3508 1633 3560 ἀν
1662 3525 1747 3558 om.
1781 3513 1930 3568 UBM,
1959 3513 2099 3559 habet
2129 3513 2168 3558 Τ
2284 3516 2336 3558 27
2366 3515 2524 3570 μελισ-

452 3577 550 3607 σων
577 3563 655 3608 UT
770 3570 822 3611 28
851 3573 1002 3615 καταλ
1019 3588 1273 3623 εειεπουσα
1304 3578 1343 3623 U
1371 3582 1405 3631 (ι
1432 3579 1647 3639 interpos.
1678 3597 1738 3629 m.
1770 3586 1879 3639 sec.)
1996 3578 2055 3630 τὸ
2087 3577 2232 3643 αὐτῆς
2258 3583 2380 3629 UBT
2411 3578 2522 3630 ταύ-

452 3648 532 3690 της
558 3632 621 3685 Μ,
648 3647 761 3681 corr.
790 3636 920 3695 Emp.
1004 3642 1210 3713 μεθίστη
1239 3646 1289 3692 Μ
1315 3649 1492 3710 μετέβη
1515 3652 1553 3696 Β
1641 3657 1695 3699 29
1725 3647 1991 3702 εὐσθενοῦν
2018 3654 2102 3701 UT
2188 3650 2340 3711 ἐσμὸν
2360 3652 2440 3698 UT

456 3717 507 3747 τε
538 3715 624 3750 om.
659 3704 778 3751 UBT
891 3712 943 3752 31
975 3713 1116 3770 κηρία
1143 3713 1292 3772 Emp.‚
1318 3722 1477 3778 χωρία
1504 3721 1609 3767 libri
