2684 4140
1066 275 1293 322 ORAT10
1322 276 1496 322 xxlx.
2217 265 2320 322 289

12 430 211 483 (54131'1)
231 424 394 492 μήκει
441 429 543 473 τοῦ
581 424 799 490 χρόνου.
877 422 961 472 ἔτι
1012 419 1070 472 δὲ
1117 423 1211 473 καὶ
1248 419 1376 472 τόδε
1415 423 1482 472 ἄν
1520 438 1607 483 τις
1650 421 1822 471 αὐτοῦ
1854 416 2204 489 κατεπλάγη,
2252 421 2316 470 τὸ

228 509 366 577 μήτε
404 509 714 572 παιόμενον
753 499 923 557 αὐτὸν
959 507 1097 575 μήτε
1137 508 1383 558 παίοντα
1421 512 1598 557 νικᾶν·
1637 511 1873 556 τοσοῦτο
1915 511 1983 574 τῇ
2020 506 2178 574 ῥώμῃ
2219 515 2315 554 πε·-

230 599 354 662 ριῆν
390 593 484 642 καὶ
519 590 598 658 τῷ
640 589 925 642 δύνασθαι
963 594 1174 641 πονεῖν.
1252 589 1526 653 πολλάκις
1561 591 1664 660 γὰρ
1705 583 1783 641 δι’
1826 587 1957 659 ὅλης
1982 596 2080 660 τῆς
2103 592 2314 658 ἡμέρας
2337 584 2404 643 12

231 677 545 745 ἠγωνίσατο
573 677 631 726 ἐν
657 682 725 744 τῇ
753 672 1111 744 σφοδροτάτῃ
1143 676 1260 744 ὥρᾳ
1285 682 1388 726 τοῦ
1418 676 1592 738 ἔτους,
1630 677 1724 726 καὶ
1763 673 2067 740 δυνάμενος
2103 674 2317 725 θᾶττον

170 769 195 811 5
235 762 302 809 ἂν
340 759 747 827 περιγενέσθαι
785 761 972 810 παίων
1025 761 1120 810 οὐκ
1158 757 1446 826 ἐβούλετο,
1497 756 1736 826 νομίζων
1773 762 1837 810 τὸ
1875 761 1977 824 μὲν
2014 756 2199 828 πληγῇ
2237 772 2317 809 m>-

228 851 398 913 κῆσαι
433 845 526 894 καὶ
563 850 666 894 τοῦ
691 841 1046 913 φαυλοτάτου
1086 835 1221 894 ἔσθ’
1265 847 1355 896 ὅτε
1383 843 1530 897 εἶναι
1567 847 1662 895 τὸν
1693 842 2002 912 βέλτιστον,
2042 845 2093 894 εἰ
2130 845 2316 908 τύχοι·

226 931 328 998 τὴν
368 926 426 979 δὲ
465 926 861 998 ἀληθεστάτην
899 931 1067 999 νίκην,
1107 932 1240 980 ὅταν
1267 931 1518 999 ἄτρωτον
1551 931 1831 998 ἀναγκάσῃ
1870 931 1967 980 τὸν
2005 925 2316 980 ἀντίπαλον

232 1014 518 1064 ἀπειπεῖν.
597 1014 658 1064 οὐ
696 1014 799 1083 γὰρ
838 1020 940 1063 τοῦ
974 1016 1309 1083 τραύματος,
1351 1008 1478 1064 ἀλλ’
1522 1018 1726 1064 ἑαυτοῦ
1758 1015 2060 1084 ἡττῆσθαι.
2122 1015 2215 1065 καὶ
2250 1013 2315 1064 τῦ

232 1095 341 1163 ὅλῳ
381 1098 506 1148 τινὰ
545 1096 623 1165 τῷ
665 1100 885 1164 σώματι
923 1099 1209 1162 ἀπειπεῖν,
1250 1096 1390 1148 ἀλλὰ
1428 1101 1502 1168 μὴ
1543 1098 1624 1166 τῷ
1662 1096 1929 1168 πληγέντι
1964 1102 2138 1168 μέρει,
2180 1095 2315 1164 λαμ*

153 1192 200 1234 10
237 1184 397 1249 πρόν.
472 1185 568 1233 τὸν
608 1180 666 1233 δὲ
705 1184 1068 1249 ἐπειγόμενον
1096 1184 1172 1243 ὡς
1199 1182 1319 1233 οἷόν
1345 1200 1404 1233 τε
1432 1185 1667 1248 τάχιστα
1694 1191 1917 1254 νικῆσαι
1951 1185 2045 1234 καὶ
2070 1183 2315 1234 παίοντα

230 1270 324 1318 καὶ
364 1265 815 1333 συμπλεκόμενον
856 1267 1022 1316 αὐτὸν
1058 1268 1345 1335 ἡττῆσθαι
1382 1273 1484 1316 τοῦ
1517 1269 1799 1333 καύματος
1835 1269 1928 1319 καὶ
1964 1273 2067 1318 τοῦ
2094 1269 2313 1333 χρόνου.

227 1355 277 1403 εἰ
328 1351 389 1403 δέ
435 1370 522 1413 τις
573 1353 635 1402 οὐ
684 1354 855 1420 ταύτῃ
905 1349 1316 1417 ὑπολαμβάνει,
1366 1354 1623 1403 ἐννοείτω
1669 1355 1756 1403 ὅτι
1797 1355 1924 1414 σύες
1958 1353 2052 1403 καὶ
2089 1349 2312 1421 ἔλαφοι,
2337 1356 2402 1407 13
2473 1387 2475 1390 <

224 1441 387 1503 μέχρι
434 1439 535 1502 μὲν
586 1437 777 1496 αὐτοῖς
814 1437 854 1505 (ἡ
897 1436 1053 1500 ἰσχύς
1092 1437 1392 1504 πάρεστιν,
1445 1437 1569 1487 οὔτε
1618 1437 1953 1506 ἀνθρώποις
1999 1437 2123 1487 οὔτε
2159 1437 2316 1487 κυσὶν

228 1524 397 1587 ὁμόσε
431 1527 740 1589 χωροῦσιν·
780 1523 912 1571 ὅταν
953 1518 1011 1570 δὲ
1048 1521 1271 1590 ἡττηθῇ
1305 1522 1398 1571 καὶ
1433 1523 1596 1590 κάμῃ,
1635 1519 1894 1591 τηνικάδε
1923 1519 2315 1587 συμπλέκεται,
2366 1562 2376 1579 ,

146 1615 193 1657 15
227 1608 322 1658 καὶ
359 1603 571 1672 μᾶλλον
597 1603 789 1656 ἐθέλει
815 1606 1235 1674 τιτρώσκεσθαι
1258 1607 1351 1656 καὶ
1377 1600 1765 1674 ἀποθνῄσκειν
1790 1608 1821 1676 ἢ
1854 1610 2048 1657 πονεῖν
2075 1607 2160 1657 ἔτι
2186 1604 2316 1657 διω-

225 1694 449 1757 κόμενα.
516 1691 727 1756 ὁμοίως
767 1687 825 1739 δὲ
864 1692 957 1741 καὶ
997 1688 1194 1758 ἄνδρες
1222 1692 1279 1740 ἑν
1308 1688 1554 1758 πολέμῳ,
1592 1693 1778 1742 καίτοι
1804 1690 2017 1753 εἰδότες
2054 1694 2142 1742 ὅτι
2177 1689 2316 1756 μᾶλ-

229 1774 324 1827 λον
363 1777 430 1827 ἂν
462 1776 726 1826 παίοιντο
757 1777 1055 1845 φεύγοντες
1080 1776 1111 1844 ἢ
1140 1779 1417 1840 μένοντες,
1461 1774 1553 1826 διὰ
1580 1778 1643 1826 τὸ
1678 1779 1750 1847 μὴ
1780 1775 2096 1843 βούλεσθαι
2134 1773 2312 1826 πλείω

223 1863 423 1930 χρόνον
470 1862 698 1925 κάμνειν
746 1860 956 1909 ἀπίασι
1006 1858 1356 1928 παραδόντες
1406 1862 1606 1921 αὐτούς
1653 1866 1774 1922 τοῖς
1813 1863 2061 1913 ὄπισθεν
2105 1861 2313 1912 παίειν.

230 1947 374 1995 οὕτω
413 1947 478 1995 τό
516 1961 574 2012 γε
614 1946 945 2013 τραυμάτων
981 1949 1356 2014 καταφρονεῖν
1396 1946 1491 1995 οὐκ
1517 1943 1777 2014 ἀνδρείας
1802 1947 1971 2009 ἐστίν,
2011 1943 2151 1996 ἀλλὰ
2190 1947 2315 1996 τού-

0 2023 11 2150 ,Ῑ
150 2041 198 2081 20
224 2032 462 2082 ναντίον.
612 2029 773 2095 οἶμαι
812 2028 875 2099 δὴ
917 2031 974 2079 ἐν
1011 2028 1194 2096 ταύτῷ
1235 2032 1420 2080 πάντα
1459 2031 1729 2099 εἰρῆσθαι
1764 2032 1857 2081 καὶ
1883 2032 2015 2100 περὶ
2052 2029 2311 2100 ἀνδρείας
2335 2034 2402 2084 14

1 2128 210 2177 .3(542R11)
226 2117 320 2166 καὶ
357 2117 489 2182 περὶ
527 2116 799 2181 εὐψυχίας
834 2115 928 2164 καὶ
967 2116 1098 2182 περὶ
1135 2117 1455 2183 ἐγκρατείας
1501 2117 1595 2165 καὶ
1632 2117 1763 2183 περὶ
1803 2118 2186 2185 σωφροσύνης.
2262 2117 2312 2166 εί

0 2185 5 2243 ¹÷
226 2202 298 2270 μὴ
339 2201 442 2269 γὰρ
470 2202 736 2269 ἐγκρατής
762 2217 821 2250 τε
846 2201 940 2250 καὶ
978 2201 1221 2268 σώφρων
1259 2197 1341 2268 ἧν,
1384 2201 1478 2249 οὐκ
1505 2201 1571 2250 ἂν
1600 2199 1759 2254 οἶμαι
1784 2207 2021 2251 τοσοῦτο
2047 2204 2117 2271 τῇ
2153 2203 2310 2270 ῥώμῃ

55 2297 135 2339 (296
156 2297 207 2337 M>
233 2286 536 2353 ὑπερέσχεν
577 2282 703 2334 οὐδὲ
743 2286 794 2334 εἰ
834 2287 1005 2354 φύσει
1044 2286 1406 2353 ἰσχυρότατος
1442 2286 1701 2355 ὑπῆρχεν.
1775 2287 1868 2336 καὶ
1905 2286 2073 2352 ἔγωγε
2113 2278 2208 2336 οὐκ
2245 2287 2312 2336 ἂν

226 2371 523 2439 ὀκνήσαιμι
572 2370 755 2420 εἰπεῖν
804 2371 892 2420 ὅτι
939 2371 1032 2420 καὶ
1079 2375 1189 2419 τῶν
1240 2367 1499 2420 παλαιῶν
1537 2371 1762 2439 ἡρώων,
1811 2372 1904 2431 οὓς
1932 2372 2178 2432 ἅπαντες
2213 2371 2313 2436 ύμ-

139 2465 189 2506 25
226 2461 444 2517 νοῦσιν,
498 2452 722 2515 οὐδενὸς
771 2452 1041 2505 ἐλάττονα
1081 2455 1281 2524 ἀρετὴν
1321 2453 1478 2518 εἶχεν,
1521 2454 1645 2503 οὔτε
1683 2459 1792 2504 τῶν
1831 2455 1887 2504 ἐν
1931 2455 2107 2524 Τροίᾳ
2147 2453 2312 2505 πολε-

224 2541 523 2609 μησάντων
575 2539 699 2589 οὔτε
749 2545 859 2589 τῶν
909 2541 1140 2608 ὕστερον
1191 2541 1249 2590 ἐν
1287 2547 1355 2609 τῇ
1395 2533 1612 2589 Ἑλλάδι
1650 2541 1779 2599 τοὺς
1820 2539 2138 2608 βαρβάρους
2176 2540 2311 2604 ἀμυ-

225 2628 492 2690 ναμένων.
567 2626 660 2674 καὶ
711 2623 768 2674 εἴ
798 2640 857 2690 γε
895 2626 1021 2674 τότε
1061 2626 1303 2691 ἐγένετο,
1354 2626 1498 2693 ἅπερ
1544 2626 1746 2674 ἐκεῖνοι
1783 2620 2022 2692 ἔπραξεν
2060 2625 2143 2674 ἄν.
2216 2624 2310 2674 καὶ
2334 2627 2396 2676 15

224 2707 476 2759 καθόλου
529 2707 586 2759 δὲ
638 2710 806 2776 ἔγωγε
856 2715 1021 2759 τοῦτο
1071 2717 1169 2779 τῆς
1207 2711 1264 2759 ἐν
1304 2714 1425 2769 τοῖς
1464 2706 1737 2773 πολέμοις
1775 2709 1974 2778 ἀρετῆς
2011 2709 2311 2778 προκρίνω,

226 2798 314 2846 ὅτι
354 2800 580 2863 πρῶτον
620 2797 720 2859 μὲν
761 2796 817 2844 οἱ
843 2793 1051 2845 ἐνθάδε
1091 2796 1317 2862 ἄριστοι
1353 2795 1515 2844 κάκεῖ
1547 2791 1871 2862 διαφέροιεν
1909 2794 2002 2843 ἄν’
2043 2793 2199 2862 ὁγὰρ
2229 2794 2311 2842 ἰσ-

152 2886 200 2928 30
231 2882 530 2949 χυρότερος
577 2879 657 2946 τῷ
707 2882 926 2945 σώματι
973 2882 1067 2930 καὶ
1105 2877 1283 2930 πλείω
1316 2882 1516 2947 χρόνον
1560 2882 1754 2928 πονεῖν
1793 2876 2110 2943 δυνάμενος,
2151 2876 2314 2938 οὗτος

229 2963 389 3030 οἶμαι
424 2966 518 3015 καὶ
555 2966 683 3015 ἄνευ
724 2963 915 3015 ὅπλων
952 2966 1046 3015 καὶ
1085 2967 1181 3014 σύν
1220 2962 1421 3024 ὅπλοις
1457 2964 1720 3032 κρείττων
1759 2964 1936 3013 ἐστίν·
1977 2963 2176 3027 ἔπειτα
2217 2964 2312 3029 οὐχ

231 3050 428 3113 ὅμοιον
467 3051 611 3117 πρὸς
650 3047 884 3110 ἰδιώτας
922 3045 1303 3116 ἀγωνίζεσθαι
1328 3049 1421 3098 καὶ
1446 3046 1524 3114 τῴ
1564 3048 1736 3098 παντὶ
1762 3044 2142 3117 φαυλοτέρους
2177 3049 2209 3118 ἢ
2251 3045 2309 3110 ἐξ

228 3135 456 3202 ἁπάσης
494 3141 591 3203 τῆς
631 3135 955 3203 οἰκουμένης
998 3135 1129 3195 τοὺς
1173 3134 1504 3202 κρατίστους
1541 3133 1685 3200 ἔχειν
1723 3129 2081 3193 ἀντιπάλους.
2155 3133 2320 3184 κάκεῖ

226 3220 326 3283 μὲν
366 3215 525 3280 ἅπαξ
564 3220 594 3267 ὁ
629 3221 910 3288 κρατήσας
947 3221 1042 3270 τὸν
1081 3219 1495 3287 ἀνταγωνιστὴν
1541 3218 1879 3281 ἀπέκτεινεν,
1921 3219 2064 3268 ὥστε
2100 3220 2173 3288 μὴ
2216 3219 2309 3269 αὖ·

369 3387 394 3426 6
425 3382 723 3441 φαυλοτέρου
752 3381 792 3426 U
905 3382 1157 3442 βέλτιστον
1186 3378 1246 3429 ἂν
1274 3382 1324 3426 Μ
1439 3385 1463 3426 8
1494 3384 1564 3443 τῷ
1591 3395 1675 3438 pro
1704 3382 1762 3428 τὸ
1793 3381 1875 3427 UB
2012 3385 2062 3426 10
2095 3377 2203 3428 οἶόν
2232 3398 2310 3428 ται

226 3452 268 3498 U
300 3450 484 3499 οἴονται
514 3453 564 3498 Μ
701 3457 750 3495 17
785 3453 998 3499 παίειντο
1030 3452 1079 3495 Μ
1221 3449 1484 3508 βούλεσθαι
1511 3465 1598 3497 om.
1628 3452 1710 3498 UT
1856 3455 1909 3497 18
1941 3449 2116 3500 ὄπισθε
2147 3452 2196 3497 Μ

228 3527 281 3568 22
312 3528 547 3570 τοσοῦτωι
578 3524 697 3580 (sicl)
728 3523 767 3568 U
911 3526 966 3568 23
995 3519 1174 3582 ὑπῆρχε
1203 3523 1284 3568 UB
1399 3527 1453 3567 26
1485 3518 1792 3580 ἀμυνομένων
1821 3523 1860 3569 Β
1963 3526 2015 3568 28
2047 3519 2104 3570 τὸ
2136 3518 2310 3570 τούτου

224 3607 307 3652 pro
329 3598 473 3642 τοῦτο
495 3595 734 3639 Jacobsius
839 3595 1086 3650 πολεμίοις
1107 3594 1196 3638 ΒΜ
1312 3598 1365 3638 29
1386 3588 1526 3641 κάκεῖ
1543 3593 1691 3651 Emp.‚
1711 3592 1811 3640 ἐκεῖ
1828 3593 1932 3638 libri
2037 3594 2309 3654 διαφέροιεν

27 3672 33 3718 l
233 3662 294 3712 ἂν
323 3667 372 3710 Μ
401 3665 680 3725 διαφέροιαν
712 3665 792 3711 UB
965 3661 1275 3725 ἰσχυρότερος
1306 3665 1436 3722 Emp.
1469 3661 1784 3724 ἰσχυρότατος
1812 3664 1915 3710 libri
2088 3668 2138 3709 31
2174 3661 2309 3722 οἶμαι

30 3726 33 3749 ’
228 3736 376 3793 Emp.,
407 3733 468 3784 ἄν
495 3754 579 3793 μοι
607 3737 711 3781 libri
824 3737 1044 3794 κρεῖττον
1072 3735 1114 3780 U
1143 3749 1200 3780 m.
1230 3748 1300 3792 pr.

311 3813 405 3849 DIO.
430 3814 479 3849 II.
1919 3810 1970 3851 19
