2684 4140
371 245 476 294 324
1201 241 1521 287 APPENDIX
1550 242 1634 289 111.

368 391 431 439 τὸ
480 385 676 438 δοκοῦν
715 381 1190 463 ἀπαυθαδιάζειν.
1274 388 1369 438 καὶ
1407 378 1453 454 ᾧ
1492 384 1551 438 δὲ
1590 390 1827 459 Νέστωρ
1867 393 1899 458 ή
1938 392 2258 462 ἐπιγραφή,
2308 396 2466 457 ὅπως

366 471 678 541 κεχρῆσθαι
726 477 975 540 προσῆκε
1021 476 1090 539 τῇ
1138 471 1284 539 πρὸς
1320 473 1453 534 τούς
1490 470 1749 539 βασιλεῖς
1799 479 2136 544 παραινέσει
2188 476 2464 545 περιλαμ-

365 558 611 622 βάνεται.
676 555 707 604 6
744 552 803 604 δὲ
830 551 1050 624 ἐφεξῆς,
1083 547 1368 620 Ἀχιλλεὺς
1407 557 1469 606 οὐ
1509 558 1861 623 πειθόμενος
1898 557 1977 627 τῷ
2015 562 2286 630 Χείρωνι,
2328 579 2466 632 προ-

366 642 493 709 νοίᾳ
539 641 633 690 καὶ
669 642 856 708 τέχνῃ,
907 636 1049 690 ἀλλά
1086 641 1159 710 μὴ
1200 640 1415 710 θράσει
1451 643 1546 694 καὶ
1578 649 1783 712 χειρῶν
1823 645 1981 709 ἰσχύϊ
2029 645 2468 712 συμβουλεύοντι

305 739 330 779 5
365 720 862 793 μεταχειρίζεσθαι
903 722 1179 791 πόλεμον,
1230 726 1464 794 ὕστερον
1517 728 1615 779 οὐκ
1671 729 1942 781 ἀπώνατο
1991 738 2089 802 τῆς
2140 733 2464 796 ἀπειθείας.

364 811 457 860 καὶ
506 811 537 859 6
588 807 937 880 Φιλοκτήτης
987 807 1045 861 δὲ
1095 812 1470 881 παράφρασίς
1529 814 1652 864 ἐστι
1711 821 1815 865 τοῦ
1857 809 1985 865 κατ’
2041 817 2208 868 αὐτὸν
2271 820 2466 889 ἀτυχή-

364 911 557 962 ματος.
621 887 721 965 ἐφ’
766 894 853 956 οἷς
892 897 923 946 6
947 898 1172 958 Νέσσος
1209 897 1583 967 ἢΔηιάνειρα
1611 904 1722 949 τῶν
1757 899 2066 961 ἀπιθάνως
2094 903 2226 970 περὶ
2265 903 2466 965 αὐτούς

366 978 782 1046 πεπλασμένων
822 978 916 1032 διά
954 998 1109 1043 τινος
1135 982 1456 1047 θεραπείας
1484 984 1565 1045 εἰς
1603 985 1797 1053 εἱρμόν
1835 1002 1961 1035 τινα
1998 986 2092 1036 καὶ
2117 983 2276 1049 τάξιν
2316 985 2475 1039 δοκεῖ

366 1068 429 1117 τὸ
470 1066 764 1118 ἀπίθανον
802 1063 1295 1136 μεταρρυθμίζειν.
1381 1069 1476 1119 καὶ
1516 1070 1547 1118 6
1584 1070 1841 1138 Χρυσηὶς
1880 1070 2117 1131 ἔπαινός
2154 1072 2279 1122 ἐστι
2314 1073 2466 1142 Χρυ-

286 1163 332 1205 10
371 1150 580 1222 σηίδος.
669 1153 701 1202 6
738 1149 797 1203 δὲ
837 1154 971 1222 περὶ
1006 1150 1302 1219 βασιλείας
1338 1155 1433 1205 καὶ
1482 1152 1812 1224 τυραννίδος
1861 1156 1995 1224 περὶ
2034 1155 2215 1206 αὐτῶν
2253 1158 2466 1207 τούτων

368 1235 754 1304 διαλαμβάνει.
817 1238 912 1288 καὶ
951 1238 1007 1287 οἱ
1043 1234 1248 1308 ἐφεξῆς
1288 1235 1347 1289 δὲ
1385 1236 1441 1306 γ’
1484 1240 1616 1308 περὶ
1653 1241 1819 1308 τύχης
1860 1236 2016 1306 λόγοι
2036 1239 2301 1307 χαρίεντά
2341 1257 2466 1292 τινα

365 1325 459 1375 καὶ
497 1320 853 1393 φιλοσοφίας
891 1324 1005 1389 ἅμα
1045 1324 1279 1389 ἐχόμενα
1317 1324 1666 1393 θεωρήματα
1719 1322 2107 1376 διατυποῦσιν.
2197 1326 2468 1387 ὡσαύτως

367 1410 461 1459 καὶ
499 1409 556 1458 οἱ
591 1409 732 1474 μετὰ
769 1409 1004 1470 τούτους
1033 1410 1166 1478 περὶ
1193 1406 1358 1479 δόξης
1383 1403 1443 1476 γ’
1484 1406 1639 1476 λόγοι
1669 1407 2112 1477 συμβουλεύουσι
2137 1412 2230 1461 καὶ
2260 1426 2467 1480 παραι-

369 1499 530 1544 νοῦσι
565 1490 778 1563 μηδένα
830 1490 992 1560 λόγον
1041 1500 1139 1563 τῆς
1183 1499 1295 1544 τῶν
1345 1491 1573 1545 πολλῶν
1627 1491 1793 1564 δόξης
1842 1496 2175 1546 ποιεῖσθαι·
2226 1493 2367 1545 καλὰ
2409 1493 2466 1546 δὲ

286 1591 332 1632 15
367 1580 462 1629 καὶ
499 1575 760 1648 ὠφέλιμα
800 1585 869 1647 τῇ
908 1582 1245 1644 παραινέσει
1273 1576 1741 1630 συνδιαπλέκεται
1766 1580 2131 1649 θεωρήματα.
2207 1581 2238 1630 6
2277 1578 2334 1630 δὲ
2375 1579 2465 1646 νβ’

370 1665 502 1733 περὶ
539 1665 739 1733 ἀρετῆς
775 1664 869 1714 καὶ
894 1665 1277 1733 ἐπιγράφεται
1301 1664 1395 1714 καὶ
1422 1661 1610 1714 δίεισι.
1675 1665 1809 1732 περὶ
1837 1662 2189 1734 φιλοσοφίας
2217 1662 2279 1715 δέ
2314 1667 2468 1716 ἐστιν

371 1751 400 1799 6
436 1742 496 1816 y'
532 1750 627 1799 καὶ
664 1746 737 1799 ν’.
822 1749 853 1798 6
903 1745 960 1798 δὲ
1001 1745 1092 1798 νδ’
1135 1749 1268 1817 περὶ
1306 1754 1409 1798 τοῦ
1446 1745 1800 1818 φιλοσόφου·
1853 1750 1884 1798 6
1924 1746 1981 1799 δὲ
2023 1747 2072 1799 ε’
2113 1750 2207 1799 καὶ
2243 1745 2297 1799 ν’
2340 1751 2471 1817 περὶ

370 1841 473 1884 τοῦ
510 1835 792 1904 σχήματος
829 1834 1311 1900 ἐπιγεγραμμένος
1350 1830 1628 1884 δείκνυσιν
1668 1835 1744 1894 ὡς
1786 1834 1848 1883 ού
1882 1839 2082 1898 χιτῶνι
2131 1834 2224 1883 καὶ
2259 1831 2470 1902 ὑποδή-

369 1938 507 1987 ματι
548 1917 886 1990 φιλοσόφων
926 1920 957 1968 6
992 1922 1581 1989 κατεσχηματισμένος
1605 1916 1710 1988 ἤδη
1738 1920 1833 1970 καὶ
1870 1920 1966 1969 τὸν
1993 1919 2118 1985 βίον
2150 1914 2472 1987 φιλόσοφός

286 2018 334 2059 20
371 2010 540 2058 ἐστιν.
605 2007 635 2055 6
663 2002 721 2056 δὲ
753 2002 806 2068 ς’
846 2005 941 2055 καὶ
976 1998 1031 2055 ν’
1071 2005 1204 2073 περὶ
1231 2005 1482 2065 πίστεως
1508 2006 1832 2075 ἐπιγραφῆς
1858 2006 2054 2069 τυχών,
2093 2004 2187 2053 καὶ
2214 2004 2245 2052 6
2269 2000 2473 2073 ἐφεξῆς

373 2093 506 2161 περὶ
544 2091 848 2153 ἀπιστίας,
889 2093 1314 2158 προτρέπονται
1355 2086 1763 2159 φυλάσσεσθαι
1800 2091 1863 2139 τὸ
1903 2090 2143 2158 θαρρεῖν
2179 2089 2272 2138 καὶ
2308 2105 2475 2137 κατα-

375 2178 665 2227 πιστεύειν
702 2176 797 2225 καὶ
833 2178 955 2236 τοῖς
991 2171 1241 2239 μάλιστα
1284 2171 1472 2244 φιλεῖν
1513 2171 1769 2224 δοκοῦσι·
1821 2170 2060 2234 πολλοῖς
2098 2173 2201 2241 γὰρ
2243 2173 2471 2222 πιστεύ-

380 2274 514 2312 σασι
561 2263 662 2326 μὲν
710 2257 919 2328 μεγάλη
961 2260 1250 2328 ἀπήντησε
1302 2260 1596 2328 συμφορά,
1656 2259 1901 2326 ἀπιστίᾳ
1962 2255 2020 2308 δὲ
2086 2254 2469 2327 φραξαμένοις

381 2345 611 2416 λαμπρά
652 2348 975 2414 περιγέγονε
1017 2345 1282 2413 σωτηρία.
1371 2341 1512 2393 ἀλλὰ
1561 2349 1736 2394 ταῦτα
1785 2345 1885 2408 μὲν
1938 2345 1969 2393 6
2019 2345 2152 2411 περὶ
2200 2343 2474 2402 ἀπιστίας

293 2444 341 2485 25
380 2430 569 2500 λόγος·
611 2433 641 2481 6
679 2428 738 2481 δὲ
779 2431 891 2499 πρὸ
933 2430 1107 2480 αὐτοῦ
1130 2426 1396 2492 διέξεισιν
1425 2430 1501 2490 ὡς
1525 2430 1620 2479 καὶ
1648 2431 1711 2479 τὸ
1741 2429 2126 2479 πιστεύεσθαι
2154 2429 2229 2488 ὡς
2256 2428 2473 2477 ἐπίπαν
2499 2441 2535 2483 (8
2552 2440 2602 2481 R)

376 2515 588 2586 μεγάλα
637 2517 768 2577 τοὺς
818 2518 1260 2581 πιστευομένους
1308 2510 1631 2584 ἐζημίωσεν.
1720 2517 1751 2583 ή
1806 2507 1859 2564 6'
1920 2514 2206 2574 ὑπόθεσις
2244 2517 2347 2561 τοῦ
2383 2502 2477 2580 νη’

381 2602 561 2671 λόγου,
604 2603 796 2671 ὥσπερ
835 2602 928 2651 καὶ
965 2604 996 2671 ή
1038 2601 1346 2670 ἐπιγραφή,
1387 2601 1519 2668 περὶ
1544 2601 1715 2665 νόμου
1744 2599 1924 2649 ἐστίν·
1966 2599 2042 2659 ὡς
2066 2599 2215 2667 καὶὴ
2246 2602 2350 2646 τοῦ
2372 2594 2472 2646 νθ’

383 2690 517 2758 περὶ
554 2688 745 2750 ἔθους,
787 2686 817 2736 ὃ
856 2687 1126 2755 πράττειν
1152 2687 1253 2751 μὲν
1280 2687 1385 2735 ὅσα
1415 2686 1445 2734 6
1471 2686 1642 2750 νόμος
1669 2681 2054 2746 ἀποδείκνυσι,
2093 2675 2231 2748 μεθ’
2274 2679 2478 2750 ἡδονῆς

382 2773 439 2824 δὲ
488 2775 581 2824 καὶ
631 2772 878 2832 πειθοῦς
925 2767 1133 2836 μᾶλλον
1181 2771 1212 2840 ἢ
1264 2770 1420 2836 βίας,
1468 2770 1562 2819 καὶ
1612 2765 2053 2838 ἀσφαλέστερον.
2157 2765 2254 2817 δύο
2309 2764 2367 2816 δέ
2422 2769 2478 2816 οἱ

292 2869 340 2911 30
378 2856 581 2929 ἐφεξῆς
622 2859 753 2926 περὶ
792 2857 1016 2926 φθόνου
1058 2852 1522 2921 διαλαμβάνουσι.
1586 2855 1680 2904 καὶ
1706 2854 1737 2903 6
1760 2851 1818 2918 β’
1847 2854 1941 2903 καὶ
1969 2847 2022 2914 ξ’
2053 2853 2185 2920 περὶ
2212 2848 2476 2913 πλούτου,

378 2947 441 2995 τὸ
484 2941 716 3013 ὀχληρὸν
757 2942 931 2992 αὐτοῦ
974 2942 1068 2991 καὶ
1115 2937 1419 3006 ἐπίβουλον
1473 2936 1838 3008 στηλιτεύων,
1887 2939 1980 2988 καὶ
2018 2933 2211 3002 πολλῷ
2264 2932 2477 2984 λυσιτε-

383 3029 646 3099 λεστέραν
687 3029 860 3078 αὐτοῦ
896 3031 1191 3095 παριστῶν
1229 3026 1327 3094 τὴν
1365 3024 1506 3090 μετὰ
1548 3021 1908 3092 δικαιοσύνης
1947 3023 2163 3072 πενίαν.
2241 3021 2271 3068 6
2311 3017 2368 3068 δὲ
2419 3016 2473 3085 γ’

379 3117 474 3166 καὶ
511 3112 566 3177 ξ’
608 3115 991 3183 ἐπιγράφεται
1027 3116 1138 3162 τῶν
1188 3112 1245 3161 ἐν
1285 3107 1517 3177 Κιλικίᾳ
1568 3109 1701 3177 περὶ
1749 3105 2107 3175 ἐλευθερίας,
2160 3106 2367 3154 ἐκεῖνον
2421 3100 2478 3152 δὲ

383 3198 683 3268 ἐλεύθερον
712 3196 983 3266 παριστᾷ,
1024 3197 1086 3258 ὃς
1112 3202 1222 3247 τῶν
1249 3197 1307 3247 ἐν
1336 3194 1487 3262 αὐτῷ
1524 3196 1716 3263 κύριος
1755 3191 1838 3262 εἴη
1882 3192 2109 3254 παθῶν,
2148 3191 2248 3240 κᾶν
2286 3189 2481 3257 μυρίοι

301 3295 348 3337 35
387 3283 602 3348 ἔξωθεν
642 3284 813 3333 αὐτοῦ
849 3289 951 3332 τοῦ
989 3283 1251 3347 σώματος
1290 3280 1400 3331 ὦσι
1440 3278 1745 3342 δεσπόται,
1783 3279 1878 3328 καὶ
1917 3274 2115 3327 δοῦλον
2154 3277 2379 3336 ἐκεῖνον,
2420 3273 2482 3333 ὃς

387 3366 744 3439 ἀνδράποδόν
783 3370 906 3419 ἐστι
943 3369 1182 3431 παθῶν,
1233 3368 1283 3417 εἰ
1319 3367 1413 3417 καὶ
1454 3366 1756 3433 συμπάσης
1793 3353 1982 3431 ἄρχειν
2020 3368 2118 3432 τῆς
2158 3361 2482 3425 οἰκουμένης

389 3453 554 3505 δοκεῖ.
632 3454 713 3514 εἰς
751 3455 849 3522 τὴν
889 3453 1057 3522 αὐτὴν
1098 3445 1151 3502 6'
1195 3453 1541 3522 ἀναφέρεται
1580 3447 1837 3500 διάνοιαν
1873 3449 1967 3499 καὶ
2005 3449 2036 3497 6
2071 3442 2300 3516 ἐφεξῆς,
2351 3443 2482 3509 περὶ

390 3537 646 3600 δουλείας
681 3539 776 3588 καὶ
813 3535 1142 3606 ἐλευθερίας
1179 3538 1502 3606 ἐπιγραφὴν
1529 3536 1684 3600 ἔχων,
1727 3535 1918 3602 ὥσπερ
1945 3533 2038 3583 καὶ
2063 3532 2093 3581 6
2118 3527 2320 3600 ἐφεξῆς
2362 3525 2479 3577 δεύ-

534 3723 557 3762 7
589 3714 617 3776 ἢ
648 3717 906 3776 Δηϊάνειρα
935 3719 976 3762 A
1005 3718 1086 3762 καὶ
1115 3711 1141 3774 ἡ
1175 3716 1432 3775 Δηϊάνειρα
1466 3715 1603 3760 ceteri
