2684 4140
1034 263 1262 317 ORATIO
1292 267 1455 316 XLIX.
2214 263 2283 319 9¹7

198 422 227 491 ἢ
268 421 401 490 ἀρχὴ
443 419 781 488 ἀνθρώπων.
855 419 1011 477 ὅστις
1050 414 1107 466 δὲ
1149 418 1306 467 ὀκνεῖ·
1333 418 1430 487 τὴν
1481 418 1654 467 αὐτοῦ
1690 410 1859 466 πόλιν
1909 419 2142 467 ἑκοῦσαν
2190 418 2285 467 καὶ

196 502 637 572 ἐπικαλουμένην
665 500 911 564 διοικεῖν,
942 502 1003 551 οὐ
1034 503 1264 571 φάσκων
1288 503 1474 563 ἱκανὸς
1496 500 1657 564 εἶναι,
1686 502 1882 566 ὅμοιός
1907 502 2061 552 ἐστιν
2089 501 2280 571 ὥσπερ

197 587 256 639 εἴ
285 607 372 650 τις
409 590 471 639 τὸ
510 590 611 653 μὲν
650 591 852 637 ἑαυτοῦ
900 591 1059 651 σῶμα
1099 586 1443 655 θεραπεύειν
1492 588 1565 657 μὴ
1617 583 1812 648 θέλοι,
1864 583 2039 648 ἀξιῶν
2089 586 2282 654 ἰατρὸς

199 671 360 735 εἶναι,
399 669 601 732 ἄλλους
640 669 698 720 δὲ
737 666 1084 738 ἀνθρώπους
1111 671 1361 739 ἰατρεύοι
1388 671 1706 739 προθύμως
1742 671 2004 739 ἀργύριον
2041 671 2073 740 ἢ
2114 670 2282 735 τιμὰς

135 766 160 807 5
200 753 511 823 λαμβάνων,
553 755 744 822 ὥσπερ
783 751 996 803 ἐλάττω
1034 755 1253 818 μισθὸν
1292 756 1423 804 ὄντα
1451 758 1640 824 ἑτέρου
1669 755 1892 819 μισθοῦ
1914 756 2011 824 τὴν
2048 755 2279 821 ὑγίειαν,

195 842 226 910 ἢ
268 840 325 891 εἴ
355 859 441 901 τις
479 837 651 903 ἀξιῶν
691 839 878 898 ἱκανὸς
917 837 1062 888 εἶναι
1102 836 1476 909 παιδοτρίβης
1512 840 1543 909 ἢ
1573 841 1912 907 γραμμάτων
1942 835 2279 899 διδάσκαλος

194 920 522 994 ἀλλοτρίους
549 925 650 990 μὲν
676 916 889 982 παῖδας
915 919 1084 972 θέλοι
1112 917 1413 986 διδάσκειν,
1441 925 1573 984 τοὺς
1599 916 1657 973 δὲ
1687 924 1860 973 αὑτοῦ
1885 925 2110 987 πέμποι
2136 924 2280 990 πρὸς

193 1006 361 1060 ἄλλον
399 1009 524 1060 τινὰ
564 1007 674 1058 τῶν
714 1001 1093 1076 φαυλοτέρων,
1131 1004 1163 1075 ἢ
1205 1005 1368 1068 εἴτις
1396 1004 1682 1072 ἀμελήσας
1709 1008 1819 1057 τῶν
1846 1010 2051 1057 ἑαυτοῦ
2071 1011 2279 1072 γονέων

193 1088 521 1162 ἀλλοτρίους
539 1083 734 1143 ἐθέλοι
755 1090 1050 1158 προτιμᾶν,
1075 1091 1170 1151 οὓς
1190 1090 1257 1140 ἂν
1280 1085 1558 1160 αἴσθηται
1581 1088 2037 1159 πλουσιωτέρους
2055 1091 2278 1141 ἐκείνων

0 1176 97 1258 ’ξυΒ
115 1187 162 1230 10
195 1176 227 1250 ἢ
265 1176 476 1245 μᾶλλον
514 1172 786 1238 ἐνδόξους.
851 1174 976 1224 οὔτε
1014 1174 1116 1243 γὰρ
1158 1169 1507 1243 ’δικαιότερον
1547 1174 1672 1225 οὔτε
1708 1175 1787 1240 μοὶ
1815 1175 1929 1224 Δία
1967 1172 2127 1243 ἥδιον
2165 1176 2276 1226 τῶν
2299 1178 2365 1227 14

193 1263 505 1330 ἀναγκαίων
524 1255 863 1327 ὑπεριδόντα
890 1262 1012 1319 τοῖς
1037 1255 1210 1328 μηδὲν
1238 1254 1620 1328 προσήκουσιν
1649 1252 1937 1328 ὠφέλιμον
1964 1259 2278 1325 γίγνεσθαι.

193 1347 402 1399 ζοὐκοῦν
432 1347 496 1396 τό
521 1360 583 1412 γε
621 1340 938 1393 ἀκόλουθόν
965 1343 1089 1393 ἐστι
1115 1346 1236 1403 τοῖς
1265 1336 1453 1410 λόγοις
1491 1343 1715 1404 τούτοις
1742 1343 1931 1408 ἄρχειν
1959 1340 2126 1393 αὐτὸν
2151 1342 2279 1409 βου-

192 1428 435 1498 λομένων
471 1422 657 1499 ήμῶν’.
734 1418 866 1477 ἀλλ’
912 1422 975 1477 εὖ
1011 1422 1131 1477 ἴστε
1170 1430 1257 1478 ὅτι
1295 1428 1347 1477 εἰ
1382 1427 1457 1497 μή
1507 1439 1565 1478 τι
1613 1421 1678 1497 ἧν
1726 1421 2028 1490 ἀδύνατον,
2079 1427 2175 1477 οὐκ
2213 1428 2280 1478 ἂν

188 1520 516 1586 περιέμενον
566 1513 709 1563 ὥστε
759 1513 903 1578 ὑμᾶς
952 1508 1171 1575 ἀξιοῦν,
1223 1504 1353 1562 ἀλλ’
1410 1513 1577 1574 αὐτὸς
1625 1509 1692 1563 ἂν
1740 1507 1931 1582 ἠξίουν
1976 1513 2070 1562 καὶ
2107 1528 2279 1579 παρε-

99 1603 148 1651 15
181 1598 397 1652 κάλουν.
474 1594 531 1648 ἒν
568 1599 670 1666 γάρ
712 1613 770 1647 τι
806 1598 899 1648 καὶ
936 1600 1101 1647 τοῦτό
1128 1598 1251 1648 ἐστι
1277 1603 1388 1649 τῶν
1413 1595 1596 1648 καλῶν
1620 1598 1714 1648 καὶ
1742 1599 2070 1667 σωφρόνων,
2111 1598 2278 1648 αὐτὸν

188 1679 641 1752 παραγγέλλοντα
679 1683 773 1734 καὶ
804 1684 970 1752 χάριν
997 1680 1187 1733 εἰδότα
1226 1690 1325 1754 τῆς
1357 1684 1710 1752 χειροτονίας
1737 1684 1926 1752 ἄρχειν
1965 1687 2076 1732 τῶν
2114 1678 2278 1732 πολι-

186 1770 322 1834 τῶν,
375 1766 515 1819 ἀλλὰ
562 1770 636 1838 μὴ
687 1768 1073 1837 καθαιροῦντα
1129 1762 1270 1838 μηδὲ
1320 1769 1522 1834 ἄτιμον
1566 1768 1629 1818 τὸ
1670 1772 1901 1836 πρᾶγμα
1940 1763 2276 1836 ποιήσαντα.

186 1856 244 1907 τί
280 1855 375 1906 οὖν
413 1856 536 1904 ἐστι
573 1855 636 1903 τὸ
678 1850 952 1904 ἀδύνατον
991 1854 1049 1903 ἐν
1087 1846 1166 1920 τῷ
1207 1854 1478 1922 παρόντι;
1516 1853 1622 1920 ἐγὼ
1650 1854 1751 1918 μὲν
1788 1853 1882 1903 καὶ
1919 1847 2094 1901 τᾶλλα
2132 1847 2271 1914 ἀξιῶ
2298 1851 2363 1902 15

187 1940 593 2001 πιστεύεσθαι,
643 1931 741 2008 ἐφ’
795 1933 871 1988 ὦν
912 1935 1077 2005 λέγω·
1129 1934 1402 1988 οὐδέποτε
1449 1938 1552 2007 γὰρ
1601 1939 1742 2002 ὑμᾶς
1789 1934 2150 2006 ἐξηπάτησα,
2201 1937 2278 1997 ὡς

94 2033 142 2075 2ο
178 2026 283 2093 ἐγὼ
337 2020 571 2091 νομίζω,
625 2024 767 2092 ὑπὲρ
820 2015 1068 2084 οὐδενός·
1138 2020 1264 2074 οὐδὲ
1317 2025 1592 2093 πρότερον
1642 2020 1826 2083 ἄλλως
1878 2018 2278 2086 διανοούμενος

183 2107 372 2172 εἷπον,
423 2102 550 2158 ἀλλ’
594 2108 682 2159 ἀεὶ
731 2102 963 2169 πλείους
1015 2101 1278 2172 ἀσχολίαι
1315 2109 1343 2140 *
1379 2104 1713 2158 καταλιπεῖν
1762 2108 1925 2175 μέχρι
1974 2103 2138 2156 τοῦδε
2177 2099 2275 2171 οὐχ

184 2196 377 2246 ἑκόντα
424 2206 493 2259 με
538 2194 884 2262 κατέσχηκεν.
974 2193 1037 2244 τὸ
1093 2188 1152 2243 δὲ
1204 2195 1298 2243 νῦν
1348 2193 1533 2243 οὐκέτι
1581 2193 1819 2261 ἐγχωρεῖ
1862 2188 2071 2256 σχεδόν.
2152 2189 2276 2241 οὔτε

183 2280 284 2349 γὰρ
334 2280 460 2345 ἐμοὶ
511 2277 637 2328 οὔτε
687 2276 826 2339 ἴσως
875 2278 1005 2343 ὑμῖν
1054 2276 1284 2343 ἄμεινόν
1332 2279 1486 2328 ἐστιν
1534 2279 1630 2343 ἐμὲ
1688 2274 1998 2343 διατρίβειν
2049 2273 2274 2327 ἐνθάδε.

16 2345 94 2428 {241}
108 2344 162 2431 ii}
187 2365 329 2414 ὥστε
366 2369 753 2433 παραιτοῦμαι
790 2365 888 2433 τὴν
927 2367 1141 2433 ψῆφον.
1216 2364 1532 2428 ἐπίσταμαι
1557 2361 1660 2431 γὰρ
1699 2365 1788 2413 ὅτι
1827 2362 1923 2412 οὐκ
1960 2362 2027 2411 ἂν
2064 2357 2273 2430 ἐδεήθη

98 2456 148 2498 25
185 2446 515 2511 ἐξετάσεως,
566 2443 705 2498 ἀλλὰ
758 2446 950 2518 ὥσπερ
989 2448 1265 2517 πρότερον
1303 2449 1361 2499 ἐν
1399 2445 1477 2516 τιῖ
1531 2442 1756 2518 φανερᾷ
1805 2449 2014 2506 πάντες
2062 2444 2276 2515 ἐψηφί-

189 2528 392 2591 σασθε,
429 2529 604 2582 ὁπότε
628 2548 697 2596 με
723 2532 1074 2602 ΰπενοήσατε
1111 2528 1445 2599 βούλεσθαι,
1485 2534 1548 2583 τὸ
1579 2532 1712 2583 αὐτὸ
1739 2532 1834 2583 καὶ
1859 2538 1952 2583 νῦν
1981 2531 2048 2581 ἂν
2079 2528 2274 2599 ἐποιή-

190 2630 337 2667 σατε.
413 2610 536 2666 ἀλλ’
583 2614 677 2666 οὐκ
714 2617 820 2682 ἔχω
851 2612 1042 2680 οὕτως,
1082 2610 1208 2668 ἀλλ’
1255 2618 1343 2668 ἴνα
1369 2620 1471 2684 μὲν
1498 2615 1667 2688 ἄρξω,
1707 2617 2024 2682 ἐπίσταμαι
2050 2618 2139 2666 ὅτι
2179 2616 2275 2665 οὐκ

186 2696 253 2752 ἂν
301 2692 417 2751 ἔδει
462 2716 531 2767 με
578 2699 949 2771 παρακαλεῖν,
1001 2703 1090 2753 ἵνα
1131 2698 1189 2753 δὲ
1229 2704 1462 2773 ἀφεθῶ,
1510 2702 1652 2772 ὑπὲρ
1692 2704 1892 2753 τούτου
1932 2698 2273 2770 παρακαλῶν

187 2787 282 2837 οὐκ
320 2787 669 2852 αἰσχύνομαι.

328 2927 349 2969 1
381 2918 647 2983 ἀνθρώπου
677 2923 798 2970 UBT
906 2918 1055 2970 αὐτοῦ
1083 2923 1201 2979 libri,
1234 2933 1349 2969 corr.
1379 2924 1514 2980 Emp.
1630 2926 1655 2966 2
1687 2918 1853 2975 ἱκανὸς
1883 2921 2075 2973 Samen..
2107 2920 2274 2978 ἰατρὸς

183 2994 289 3039 libri
402 2998 427 3038 3
458 2988 605 3049 άξιῶν
630 3007 717 3039 om.
748 2994 791 3037 M
906 2997 934 3038 4
964 2993 1014 3041 δὲ
1043 2986 1274 3054 ἀργύριον
1294 2993 1414 3038 UBT
1514 2997 1539 3037 5
1571 2989 1739 3051 ἑτέρου
1766 2994 1946 3048 μισθοῦ
1975 2995 2190 3047 suspecta

182 3058 346 3123 ὓγείαν
373 3062 475 3108 libri
619 3068 642 3107 7
673 3061 834 3110 ἐθέλοι
865 3065 902 3107 Β
1046 3059 1196 3110 αὐτοῦ
1226 3063 1264 3107 Τ
1420 3067 1444 3108 8
1477 3057 1624 3109 αὐτοῦ
1653 3059 1719 3120 M¹
1863 3066 1888 3106 9
1919 3062 2161 3118 προτιμᾶν
2191 3055 2275 3115 οὓς

186 3128 395 3186 casaub„
426 3132 769 3191 προκειμένους
798 3129 901 3178 libri
1016 3130 1214 3192 αἶ’σθητε
1234 3133 1285 3177 Μ
1398 3131 1598 3179 ἐκείνων
1629 3125 1811 3188 Reiske,
1842 3130 2055 3185 ἐκείνους
2086 3131 2189 3176 libri

192 3207 240 3247 10
269 3201 338 3259 μοὶ
369 3204 460 3248 Δία
482 3202 629 3260 Emp.,
658 3207 844 3259 μᾶλλον
862 3202 964 3248 libri
1055 3207 1104 3247 12
1135 3197 1286 3250 αὐτὸν
1306 3203 1354 3247 Μ
1387 3194 1448 3250 αὖ
1477 3199 1565 3250 τὸν
1595 3202 1631 3246 Β
1664 3199 1815 3249 αὑτοῦ
1843 3203 2044 3260 (spiritus
2073 3205 2120 3246 et
2143 3223 2194 3235 —·-
2217 3204 2273 3249 οὗ

184 3285 213 3317 a
242 3275 511 3327 correctore)
539 3269 628 3319 τὸν
656 3273 697 3318 U
729 3269 876 3320 αὑτοῦ
904 3289 993 3319 τον
1021 3273 1060 3318 Τ
1204 3273 1514 3333 βουλομένων
1543 3274 1666 3328 wil„
1697 3272 2000 3333 βουλόμενον
2028 3273 2132 3318 libri

187 3347 238 3386 13
268 3338 402 3401 ἡμῶν
430 3342 608 3398 scripsi,
637 3338 769 3399 ὑμῶν
797 3343 899 3388 libri
1041 3340 1166 3390 εἷ’στε
1195 3344 1245 3388 Μ
1274 3342 1383 3390 ἔσθε
1414 3345 1450 3387 Β
1599 3348 1647 3388 15
1679 3341 1939 3405 σοφρόνων
1969 3344 2008 3389 Τ
2124 3338 2274 3390 αὐτὸν

182 3413 412 3468 Reiskius,
444 3409 532 3459 τὸν
559 3414 663 3458 libri
780 3417 830 3458 18
861 3411 1063 3461 δύνατον
1092 3414 1140 3458 Μ
1226 3414 1314 3471 μὲν
1343 3428 1427 3459 om.
1458 3408 1580 3460 UBT
1642 3450 1645 3452 .
1682 3409 1821 3462 τᾶλλ’
1852 3408 1893 3460 U
2013 3418 2062 3459 19
2093 3409 2170 3473 ἐφ’
2204 3405 2273 3459 ὧν

183 3484 390 3537 casaub„
419 3478 507 3542 ὑφ’
537 3475 606 3530 ὧν
625 3484 728 3528 libri
899 3488 950 3529 21
983 3487 1193 3530 lacunam
1223 3489 1328 3541 post
1357 3479 1580 3544 ἀσχολίαι
1608 3486 1768 3531 statuit
1796 3486 1904 3531 Wil.
2050 3488 2103 3529 22
2134 3485 2273 3532 κατέ-

180 3570 321 3614 σχηνε
352 3554 390 3598 Τ
495 3559 549 3599 24
578 3553 747 3614 ἐδεήθη
777 3556 937 3613 scripsi
966 3556 1075 3610 (scil.
1097 3550 1123 3614 ἦ
1147 3559 1338 3615 ψῆφος),
1367 3555 1565 3616 ἐδεήθην
1583 3556 1688 3602 libri
1794 3560 1849 3602 26
1877 3552 2116 3617 βούλεσθε
2136 3555 2187 3600 Μ

183 3629 235 3670 28
256 3629 640 3685 παρακαλεῖσθαι
668 3626 787 3683 libri,
819 3630 1115 3687 παρακαλεῖν
1142 3626 1272 3684 Emp.

265 3801 360 3837 mo.
383 3801 432 3837 11.
1896 3800 1919 3838 7
