2684 4140
1102 284 1328 332 ORATIO
1356 285 1483 332 XXI.
2228 279 2332 331 269

237 429 596 502 ἀνευρίσκεις,
638 434 781 483 ὥστε
821 429 1107 500 διασύρειν
1145 431 1214 480 τὰ
1242 430 1352 482 τῶν
1380 431 1725 500 ἀνθρώπων,
1762 431 1855 480 καὶ
1881 435 1974 480 νῦν
2000 425 2062 491 ἐξ
2088 426 2331 495 οὐδενός,

238 517 314 577 ὡς
341 517 541 580 εἰπεῖν,
581 519 679 567 ἐπὶ
718 522 893 567 ταῦτα
931 512 1122 585 ἦλθες.
1187 515 1219 564 ὃ
1258 513 1317 565 δὲ
1357 512 1667 583 ἐβουλόμην
1694 514 1950 583 ἐρέσθαι,
1992 514 2088 564 οὐκ
2113 514 2327 578 εἴασας.

236 627 306 636 -
341 602 409 652 A.
425 593 587 662 Ἴσως
623 603 725 669 γάρ
774 616 881 665 μου
917 604 1292 670 καταφρονεῖς
1327 601 1420 650 καὶ
1456 603 1561 669 ἡγῇ
1596 615 1665 664 με
1706 595 1918 668 ληρεῖν,
1969 600 2057 650 ὅτι
2097 601 2158 650 οὐ
2197 604 2331 672 περὶ
2353 601 2415 651 11

4 683 5 692 ’
56 699 138 741 (272
159 698 211 740 M)
236 686 424 753 Κύρου
461 686 556 735 καὶ
587 678 943 750 Ἀλκιβιάδου
986 682 1153 751 λέγω,
1207 685 1398 752 ὥσπερ
1440 684 1496 733 οἱ
1536 684 1734 752 σοφοὶ,
1787 683 1873 733 ἔτι
1908 685 2002 734 καὶ
2038 690 2148 749 νῦν,
2189 683 2330 736 ἀλλὰ

0 796 21 835 Ι,
179 781 204 820 5
240 771 504 836 Νέρωνος
539 771 634 819 καὶ
670 771 942 819 τοιούτων
992 770 1337 837 πραγμάτων
1375 771 1661 837 νεωτέρων
1710 784 1769 817 τε
1815 768 1910 817 καὶ
1956 765 2175 831 ἀδόξων
2213 764 2328 838 [ὧν]

231 854 575 921 μνημονεύω.
639 854 839 902 τούτου
882 851 940 903 δὲ
986 852 1169 904 αἴτιον
1208 855 1271 903 τὸ
1311 855 1383 923 μὴ
1426 855 1573 903 πάνυ
1616 850 1803 922 φιλεῖν
1841 854 1972 913 τούς
2010 853 2331 923 τραγῳδούς

230 934 370 1007 μηδὲ
410 933 634 1006 ζηλοῦν·
685 939 814 988 ἐπεὶ
852 936 985 988 οἶδα
1036 940 1124 988 ὅτι
1173 939 1404 1007 αἰσχρόν
1454 939 1608 988 ἐστιν
1649 939 1706 988 έν
1745 935 2029 1006 τραγῳδίᾳ
2066 941 2198 1001 τούς
2235 946 2329 992 νῦν

232 1023 394 1082 ὄντας
433 1018 743 1087 ὀνομάζειν,
783 1015 910 1072 ἀλλ’
959 1024 1193 1092 ἀρχαίου
1233 1025 1387 1084 τινὸς
1426 1020 1519 1073 δεῖ
1538 1024 1869 1091 πράγματος
1893 1024 1987 1073 καὶ
2014 1021 2141 1075 οὐδὲ
2181 1027 2329 1076 πάνυ

230 1112 453 1157 πιστοῦ.
549 1109 740 1172 οἱμὲν
790 1108 884 1158 οὖν
934 1109 1269 1176 ἔμπροσθεν
1309 1108 1405 1157 οὐκ
1455 1098 1765 1176 ᾐσχύνοντο
1816 1109 1947 1168 τοὺς
1995 1111 2123 1159 τότε
2163 1111 2329 1171 ὄντας

153 1199 200 1242 10
234 1187 528 1256 ὀνομάζειν
563 1194 658 1243 καὶ
695 1190 946 1259 λέγοντες
982 1194 1076 1243 καὶ
1111 1195 1448 1262 γράφοντες
1491 1193 1547 1241 οἱ
1587 1189 1645 1242 δὲ
1673 1198 1766 1242 νῦν
1794 1192 2037 1253 ἐκείνους
2063 1191 2124 1256 ἐξ
2149 1196 2329 1245 ἀπαν-

228 1293 325 1338 τος
363 1273 655 1342 ὀνομάζειν
696 1273 969 1347 ζητοῦσιν.
1032 1270 1186 1346 ᾗτινι
1225 1275 1283 1327 δὲ
1323 1283 1391 1346 τῇ
1434 1277 1613 1346 σοφίᾳ
1654 1278 2002 1343 πράττουσιν
2043 1278 2176 1326 αὐτὸ
2216 1279 2322 1344 ἐγώ
2350 1281 2414 1330 12

232 1374 324 1412 σοι
361 1363 469 1430 ἐρῶ
497 1389 567 1398 --
591 1364 685 1413 καὶ
720 1364 794 1432 μὴ
836 1364 1023 1413 πάντα
1054 1359 1323 1432 φλυαρεῖν
1349 1378 1418 1427 με
1448 1368 1586 1431 φῇς·
1626 1354 1755 1411 ἀλλ’
1800 1360 1938 1422 ἴσως
1966 1359 2184 1411 πολλοῦ
2221 1359 2328 1412 δέω

229 1474 298 1483 --
325 1449 553 1508 πάντως
583 1450 686 1516 γάρ
719 1465 832 1498 τινι
858 1453 969 1498 τῶν
1008 1444 1411 1514 βιβλιοπωλῶν
1450 1450 1856 1516 προσέσχηκας.
1911 1473 1971 1481 -
2012 1446 2128 1496 Διὰ
2167 1447 2225 1496 τί
2255 1444 2326 1517 δὴ

227 1535 393 1583 τοῦτό
429 1550 498 1598 με
537 1532 753 1602 ἐρωτᾷς
763 1551 782 1595 ,·
821 1560 888 1568 -
914 1535 982 1583 Δ.
1001 1526 1126 1583 Ὅτι
1165 1530 1378 1594 εἰδότες
1416 1533 1485 1583 τὰ
1514 1533 1718 1598 ἀρχαῖα
1746 1538 1856 1583 τῶν
1883 1529 2119 1599 βιβλίων
2154 1544 2329 1582 σπου-

150 1624 198 1667 15
235 1613 527 1685 δαζόμενα,
567 1620 644 1679 ὡς
682 1620 911 1684 ἄμεινον
949 1622 1299 1687 γεγραμμένα
1336 1619 1430 1669 καὶ
1454 1619 1524 1668 ’ἐν
1550 1619 1833 1687 κρείττοσι
1858 1615 2129 1684 βυβλίοις,
2172 1617 2228 1666 οἱ
2267 1614 2327 1666 δε

228 1702 297 1752 τὰ
339 1700 666 1772 φαυλότατα
717 1708 828 1753 τῶν
882 1708 975 1753 νῦν
1012 1703 1357 1763 καταθέντες
1397 1704 1478 1764 εἰς
1520 1707 1692 1766 σῖτον,
1733 1705 1892 1764 ὅπως
1929 1705 1994 1752 τό
2032 1718 2092 1769 γε
2126 1707 2326 1770 χρῶμα

228 1789 396 1853 ὅμοια
436 1792 663 1857 γένηται
700 1791 822 1848 τοῖς
860 1785 1149 1851 παλαιοῖς,
1188 1789 1283 1838 καὶ
1321 1786 1918 1858 προσδιαφθείροντες
1949 1784 2328 1837 ἀποδίδονται

231 1874 307 1933 ὡς
345 1870 580 1923 παλαιά.
657 1871 798 1923 ἀλλὰ
837 1874 895 1924 τί
928 1870 1012 1942 ἦν,
1052 1873 1083 1922 ὃ
1122 1871 1304 1924 πάλαι
1343 1871 1406 1944 δὴ
1447 1874 1688 1943 ἐρέσθαι
1729 1871 2024 1934 σπεύδεις,·
2071 1899 2142 1906 -
2178 1871 2325 1938 Περὶ
2348 1867 2413 1918 13

13 1944 392 2041 ἰ(5οδΒΙΙ)τοῦδε
442 1963 545 2008 τοῦ
589 1959 905 2021 νεανίσκου,
955 1960 1112 2020 ὅστις
1160 1962 1222 2009 τέ
1269 1960 1394 2009 ε’στι
1442 1960 1536 2009 καὶ
1587 1957 1807 2019 οὗτινος
1855 1953 2043 2026 [υἱός]·
2097 1959 2173 2018 ὡς
2218 1957 2326 2023 ἐγὼ

13 2044 15 2058 “
150 2051 198 2091 20
235 2036 433 2093 οὐδένα
473 2045 711 2093 πώποτε
736 2038 974 2110 <οὔτως>
998 2041 1326 2113 ἐξεπλάγην.
1384 2048 1415 2114 η
1445 2046 1546 2109 μὲν
1572 2045 1675 2113 γὰρ
1702 2041 1891 2114 ἡλικία
1931 2039 2115 2092 παῖδα
2158 2034 2326 2091 αὐτὸν

227 2125 565 2178 ἐνδείκνυσιν
615 2126 903 2179 ἑκκαίδεκα
951 2127 1090 2189 ἴσως
1136 2130 1167 2198 ἢ
1211 2127 1586 2179 ἑπτακαίδεκα
1636 2131 1804 2179 ἐτῶν·
1856 2131 1919 2178 τὸ
1974 2126 2032 2178 δὲ
2081 2127 2327 2193 μέγεθος

12 2274 14 2279 ,
229 2205 456 2274 οὐδενὸς
503 2213 670 2283 ἦττον
718 2219 829 2264 τῶν
879 2211 1123 2281 ἀνδρῶν·
1174 2217 1206 2282 ἠ
1259 2211 1317 2264 δὲ
1370 2211 1545 2275 αἰδὼς
1594 2216 1837 2283 τοσαύτη
1898 2215 2041 2263 ὥστε
2090 2213 2184 2262 καὶ
2228 2213 2324 2262 τὸν

11 2281 14 2342 ἶ
222 2300 541 2366 προσιόντα
581 2295 881 2349 αἰδεῖσθαι
907 2291 1081 2359 εὐθὺς
1107 2302 1281 2349 ποιεῖ.
1343 2300 1437 2350 καὶ
1477 2292 1573 2349 οὐκ
1610 2300 1764 2350 ἔστιν
1802 2300 1903 2349 ἐπὶ
1940 2295 2114 2348 πλέον
2154 2289 2329 2347 αὐτοῦ

229 2384 311 2444 εἰς
348 2385 411 2433 τὸ
452 2386 767 2452 πρόσωπον
808 2385 966 2453 ὀροῖν,
1018 2385 1069 2434 εἰ
1104 2386 1179 2454 μὴ
1220 2385 1315 2435 καὶ
1354 2378 1522 2446 αὐτὸς
1560 2382 1946 2452 ἀποβλέψειεν
1986 2384 2102 2432 ἀπὸ
2141 2383 2323 2452 τύχης.

10 2344 15 2538 Ι
148 2473 197 2516 25
235 2460 417 2529 οὐδεὶς
453 2470 555 2538 γὰρ
597 2470 775 2530 οὕτως
813 2467 1047 2540 ἀναιδὴς
1086 2462 1214 2520 οὐδὲ
1256 2467 1480 2531 λίθινός
1518 2472 1672 2522 ἐστιν
1721 2473 1878 2531 ὅστις
1927 2471 2207 2534 ὑπομενεῖ
2234 2468 2328 2517 καὶ

10 2539 15 2625 ἰ
226 2553 623 2623 ἀντιστήσεται
661 2555 804 2623 ὁρῶν
845 2547 1030 2618 αὐτόν,
1071 2547 1195 2604 ἀλλ’
1241 2548 1418 2616 εὐθὺς
1459 2553 1664 2626 ἀνάγκη
1705 2562 1992 2625 τραπῆναι
2028 2555 2123 2604 καὶ
2158 2570 2325 2618 μετα-

10 2627 15 2642 ³
225 2635 513 2703 βαλέσθαι
550 2639 627 2688 τὼ
669 2637 972 2709 ὀφθαλμώ.
1045 2645 1210 2690 τοῦτο
1252 2637 1311 2690 δὲ
1352 2642 1458 2708 ἐγώ
1498 2643 1562 2691 τὸ
1604 2635 1802 2702 πάθος
1841 2639 1989 2691 πάνυ
2028 2634 2323 2704 θαυμάζω,

226 2723 315 2772 ὅτι
352 2724 414 2772 τὸ
453 2718 685 2787 κάλλος,
734 2725 831 2775 ἐὰν
868 2725 1009 2790 μετὰ
1050 2722 1244 2786 αἰδοῦς
1292 2708 1355 2795 ᾗ,
1404 2727 1498 2777 καὶ
1547 2728 1677 2787 τούς
1727 2723 1979 2786 ἀναιδεῖς
2028 2727 2227 2792 τρέπει
2264 2739 2323 2772 τε

0 2769 16 2939 j
223 2808 317 2858 καὶ
355 2802 650 2876 ἀναγκάζει
699 2808 1012 2862 αἰδεῖσθαι.
1063 2838 1132 2846 -—
1169 2812 1238 2861 A.
1267 2803 1430 2872 Ἴσως
1467 2812 1570 2881 γὰρ
1612 2806 1674 2862 οὗ
1724 2813 2116 2880 προσενόησας
2164 2810 2227 2857 τὸ
2267 2809 2325 2858 έν
2345 2812 2409 2860 14

366 3045 391 3084 2
423 3038 649 3101 εὕρεσθαι
680 3043 719 3088 U
750 3040 947 3103 ἔρεσθαι
977 3045 1066 3089 ΒΜ
1203 3049 1227 3088 5
1260 3036 1329 3090 ὧν
1358 3045 1544 3089 seclusit
1573 3045 1783 3089 Reiskius
1923 3048 1947 3087 6
1979 3046 2123 3089 τοῦτο
2157 3043 2207 3086 Μ

226 3114 248 3153 7
280 3111 452 3155 malim:
487 3107 558 3166 οἷς
587 3106 639 3159 εὖ
670 3109 762 3160 οἶδ’
796 3107 872 3161 ὅτι
989 3119 1014 3159 8
1045 3111 1165 3162 ἀλλα
1196 3113 1278 3159 UB
1365 3119 1435 3161 δεῖ
1463 3115 1692 3170 ReiskiUS,
1723 3112 1814 3162 ἔδει
1843 3114 1946 3159 libri
2033 3106 2320 3174 πράγματος

226 3179 314 3223 ΒΜ
343 3184 732 3241 παραδείγματος
762 3185 801 3229 U
891 3189 944 3228 10
973 3188 1054 3231 καὶ
1084 3185 1305 3244 λέγοντες
1335 3212 1389 3218 -
1419 3183 1472 3240 ἐξ
1498 3177 1715 3240 ἅπαντος
1747 3181 2004 3242 ὀνομάζειν
2033 3198 2121 3230 om.
2154 3184 2233 3229 UB

228 3254 277 3295 11
311 3259 413 3305 τοῖς
443 3254 662 3310 ζητοῦσιν
691 3254 772 3299 UB
890 3250 921 3313 ἢ
950 3272 1042 3301 τινι
1067 3255 1116 3297 Μ
1229 3256 1280 3302 δὲ
1310 3269 1396 3301 om.
1428 3255 1477 3299 M
1633 3261 1683 3300 12
1714 3259 1796 3303 καὶ
1825 3257 1942 3310 libri,
1972 3252 2039 3310 ὡς
2066 3256 2235 3300 Jacobs

225 3325 409 3368 πολλοῦ
438 3323 613 3380 scripsi,
647 3318 771 3380 ὁμοῦ
798 3325 849 3369 Μ
881 3317 1007 3371 ὅπου
1036 3326 1131 3381 UB,
1162 3322 1338 3383 ὁμοίου
1367 3326 1500 3383 Emp.
1669 3327 1758 3373 δέω
1790 3327 1964 3384 scripsi,
1996 3327 2075 3385 δέῃ
2103 3327 2207 3371 libri

229 3396 278 3436 15
299 3393 518 3452 βυβλίοις
535 3393 743 3449 casaub„
764 3396 972 3454 βιβλίοις
991 3395 1094 3440 libri
1184 3399 1234 3440 16
1251 3396 1483 3451 καθέντες
1502 3397 1558 3451 U,
1578 3397 1697 3441 idem
1717 3397 2044 3443 commendavit
2065 3397 2261 3442 Cobetus

225 3470 364 3510 σῖτον
395 3464 454 3509 cf.
485 3465 629 3509 David
659 3465 707 3509 in
739 3465 929 3511 Aristot.
961 3469 1101 3522 categ.
1133 3466 1201 3513 ed.
1232 3468 1400 3514 Brand.
1430 3468 1453 3512 I
1483 3482 1527 3524 p.
1546 3472 1684 3525 28,13
1830 3466 1888 3515 τό
1929 3486 1984 3529 γε
2016 3468 2226 3523 casaub„
2258 3461 2320 3515 τό

225 3550 278 3580 τε
300 3533 402 3579 libri
495 3539 542 3579 17
564 3534 775 3595 γένοιται
795 3535 835 3580 U
926 3541 978 3581 19
998 3533 1100 3591 υἱὸς
1120 3538 1300 3590 seclusi,
1332 3539 1389 3582 cf.
1413 3553 1457 3595 p.
1480 3542 1578 3593 270,
1605 3544 1668 3585 ιο.
1694 3544 1743 3584 11
1770 3553 1872 3584 cum
1892 3540 1996 3585 adn.
2087 3542 2139 3583 20
2165 3531 2319 3593 οὕτως

224 3605 327 3651 add.
359 3606 553 3651 Casaub.
700 3611 752 3651 23
784 3602 934 3654 αὐτοῦ
960 3611 1067 3664 post
1095 3608 1366 3668 πρόσωπον
1394 3611 1651 3667 transponit
1679 3611 1720 3656 U
1898 3614 1953 3654 24
1984 3613 2136 3670 ψυχῆς
2164 3611 2202 3654 Β

224 3678 279 3719 29
310 3685 572 3736 προσνοεῖν
601 3679 776 3724 videtur
804 3679 880 3723 hic
912 3676 1187 3726 csse=vbv
1216 3682 1330 3726 νοῦν
1361 3682 1631 3739 προσέχειν,
1670 3694 1800 3738 quem
1829 3695 1961 3726 usum
1991 3681 2206 3737 exemplis
2235 3679 2311 3724 fir-

223 3758 346 3792 mare
374 3761 465 3793 non
495 3763 705 3807 possum3
739 3747 873 3797 οὔπω
903 3747 1160 3811 ἐνενόησας
1191 3751 1323 3808 Emp.
1356 3751 1583 3806 dubitans,
1617 3746 1673 3799 οὗ
1702 3744 2097 3812 προσενενόησας
2126 3751 2234 3796 Wil.
