2684 4140
11 1224 87 1267 m)
99 1221 146 1264 10

103 1644 150 1687 15

17 2104 52 2148 Ι)
50 2061 150 2113 320

104 2496 152 2538 25

1055 304 1281 350 ORATIO
1310 305 1412 351 XX.
2165 309 2264 358 261

180 455 279 519 τῆς
309 440 571 510 Ἑλλάδος
605 449 700 500 καὶ
735 455 833 519 τῆς
852 440 1090 511 Ἰταλίας
1128 450 1311 501 ἔνεστι
1348 453 1413 501 τό
1448 467 1508 501 τε
1534 452 1721 521 ἀργεῖν
1758 453 1942 504 καὶτὸ
1969 455 2267 524 ῥᾳθυμεῖν,

179 535 273 584 καὶ
311 534 407 584 οὐκ
445 534 726 603 ἀπορήσει
763 535 1126 603 προφάσεως,
1166 536 1310 585 ὅπου
1350 536 1417 586 ἀν
1455 537 1585 606 τύχῃ
1627 538 1719 601 ὤν,
1761 530 1840 588 δι’
1882 538 1948 607 ἢν
1984 536 2268 606 βλακεύων

180 636 240 669 τε
275 620 369 670 καὶ
407 616 816 683 ἀσχολούμενος
853 616 1134 670 ἀναλώσει
1168 620 1263 670 καὶ
1299 622 1446 671 πάνυ
1486 618 1665 672 πολὺν
1707 624 1936 689 χρόνον,
1982 625 2050 675 ἂν
2090 625 2268 686 οὕτως

179 705 328 771 τύχῃ.
391 705 463 773 μή
507 703 602 754 οὖν
638 700 898 773 βελτίστη
936 688 1032 773 (ff)
1066 706 1160 756 καὶ
1197 702 1623 776 λυσιτελεστάτη
1663 713 1865 758 πασῶν
1901 711 1933 778 ἠ
1975 709 2056 769 εἰς
2096 709 2263 759 αὐτὸν
2301 707 2333 759 8

183 789 535 856 ἀναχώρησις
581 789 675 838 καὶ
722 789 785 838 τὸ
836 792 1134 854 προσέχειν
1181 794 1303 851 τοῖς
1349 792 1519 841 αὑτοῦ
1567 793 1919 861 πράγμασιν,
1969 794 2065 844 ἐάν
2112 786 2167 843 τ’
2209 795 2268 844 ἐν

178 869 478 939 Βαβυλῶνι
514 874 646 942 τύχῃ
685 890 773 935 τις
810 875 887 924 ὢν
934 875 1031 925 ἐάν
1078 868 1131 924 τ’
1178 865 1489 945 Ἀθήνησιν
1538 878 1634 927 ἐάν
1684 870 1738 927 τ’
1791 879 1849 928 ἐν
1900 876 2265 947 στρατοπέδῳ

180 957 277 1007 ἐάν
315 949 369 1007 τ’
412 958 469 1008 ἐν
507 959 655 1028 νήσῳ
694 957 868 1027 μικρᾷ
903 960 996 1009 καὶ
1039 956 1229 1024 μόνος.
1322 961 1383 1009 αἱ
1429 960 1532 1029 γὰρ
1580 967 1840 1012 τοιαῦται
1887 963 2269 1033 ἀναχωρήσεις

179 1043 274 1092 καὶ
310 1040 632 1113 ἀποδημίαι
677 1045 879 1112 μικράν
927 1061 1052 1094 τινα
1102 1044 1291 1109 ἔχουσι
1338 1047 1522 1114 ῥοπὴν
1571 1048 1715 1113 πρὸς
1762 1048 1825 1096 τὸ
1876 1045 2077 1117 σχολὴν
2114 1049 2268 1115 ἄγειν

180 1128 275 1177 καὶ
322 1129 385 1177 τὸ
435 1129 705 1197 πράττειν
753 1128 822 1178 τά
874 1126 1100 1179 δέοντα·
1152 1130 1343 1197 ὥσπερ
1391 1133 1513 1190 τοῖς
1551 1131 1895 1181 ἀσθενοῦσιν
1932 1124 2029 1200 ἐφ’
2073 1134 2268 1200 ἑτέρας

180 1213 276 1262 καὶ
323 1215 518 1282 ἑτέρας
562 1210 754 1274 κλίνας
799 1210 1241 1263 κατακλίνεσθαι
1291 1217 1453 1283 φέρει
1498 1218 1600 1278 μέν
1646 1231 1772 1264 τινα
1831 1215 2008 1265 ἐνίοτε
2068 1215 2269 1284 μικρὰν

181 1298 530 1360 ἀνάπαυσιν,
581 1298 643 1347 οὐ
691 1299 799 1367 μὴν
849 1299 1038 1366 ἱκανήν
1075 1313 1135 1364 γε
1176 1295 1274 1347 οὐδ
1288 1290 1303 1309 ²
1348 1298 1491 1347 ὥστε
1529 1295 1883 1360 ἀπαλλάξαι·
1921 1325 1992 1332 -—
2029 1296 2169 1349 ἰδεῖν
2206 1315 2265 1348 τε
2303 1301 2337 1351 9

182 1383 307 1433 ἔστι
341 1383 435 1433 καὶ
471 1383 530 1432 ἐν
567 1380 645 1448 τῷ
685 1383 834 1440 πάνυ
874 1379 1071 1448 πολλῷ
1095 1381 1327 1450 θορύβῳ
1358 1399 1417 1432 τε
1454 1383 1548 1432 καὶ
1586 1379 1803 1452 πλήθει
1832 1383 1893 1431 οὐ
1918 1377 2269 1447 κωλυόμενον

181 1470 453 1537 πράττειν
501 1469 734 1517 ἕκαστον
779 1467 843 1516 τὸ
894 1467 1067 1516 αὐτοῦ
1113 1467 1302 1536 ἔργον,
1351 1458 1476 1516 ἀλλ’
1521 1469 1551 1517 6
1586 1483 1648 1518 τε
1698 1465 1879 1517 αὐλῶν
1916 1457 1950 1536 ἢ
1991 1464 2270 1518 διδάσκων

183 1550 370 1603 αὐλεῖν
406 1557 572 1602 τοῦτο
610 1555 778 1602 ποιεῖ
807 1549 1081 1613 πολλάκις
1118 1545 1215 1602 ἐπ’
1260 1552 1429 1623 αὐτῆς
1466 1559 1564 1622 τῆς
1603 1549 1740 1601 ὁδοῦ
1774 1553 1837 1601 τὸ
1879 1549 2270 1603 διδασκαλεῖον

187 1637 327 1702 ἔχων
372 1638 467 1687 καὶ
518 1634 677 1688 οὐδὲν
729 1637 895 1687 αὐτὸν
943 1634 1198 1705 ἐξίστησι
1245 1639 1308 1687 τὸ
1358 1634 1588 1706 πλῆθος
1638 1635 1764 1687 οὐδὲ
1805 1638 1836 1686 ὁ
1871 1634 2124 1706 θόρυβος
2161 1642 2271 1687 τῶν

181 1719 534 1792 παριόντων,
584 1724 616 1772 6
664 1739 725 1773 τε
772 1723 1106 1790 ὀρχούμενος
1155 1723 1366 1788 ὁμοίως
1412 1712 1446 1792 ἢ
1499 1718 2079 1791 ὀρχηστοδιδάσκαλος
2127 1722 2273 1790 πρὸς

177 1809 359 1875 ,τούτῳ
400 1808 581 1871 ἐστίν,
631 1805 915 1876 ἀμελήσας
962 1813 1074 1858 τῶν
1118 1810 1448 1873 μαχομένων
1486 1824 1545 1857 τε
1582 1808 1676 1857 καὶ
1713 1803 2143 1871 ἀποδιδομένων
2179 1806 2273 1855 καὶ

182 1890 324 1943 ἄλλα
364 1894 754 1962 πραττόντων,
796 1895 825 1943 6
862 1910 922 1944 τε
958 1893 1299 1962 κιθαριστής
1337 1894 1367 1942 6
1403 1909 1462 1942 τε
1502 1888 1824 1961 ζωγράφος·
1875 1891 1905 1941 ὃ
1946 1888 2003 1941 δὲ
2044 1891 2273 1940 πάντων

185 1975 575 2048 σφοδρότατόν
613 1979 901 2029 ἐστιν·οἱ
946 1979 1048 2046 γὰρ
1088 1984 1198 2028 τῶν
1235 1979 1576 2047 γραμμάτων
1617 1973 1949 2027 διδάσκαλοι
1984 1975 2123 2040 μετὰ
2162 1980 2274 2024 τῶν

186 2060 411 2113 παίδων
449 2081 507 2114 εν
544 2067 670 2124 ταῖς
709 2060 863 2123 ὁδοῖς
899 2063 1209 2132 κάθηνται,
1256 2063 1350 2113 καὶ
1389 2059 1548 2112 οὐδὲν
1589 2062 1779 2122 αὐτοῖς
1817 2058 2082 2127 ἐμποδών
2121 2061 2273 2109 ἐστιν

185 2149 244 2199 ἐν
280 2149 530 2215 τοσούτῳ
571 2145 789 2217 πλήθει
825 2154 929 2197 τοῦ
964 2145 1248 2198 διδάσκειν
1285 2164 1344 2197 τε
1381 2148 1474 2198 καὶ
1504 2147 1834 2212 μανθάνειν.
1895 2143 1999 2215 ἤδη
2030 2142 2091 2194 δέ
2129 2159 2269 2193 ποτε
2293 2141 2358 2191 10

185 2231 336 2285 εἶδον
375 2233 481 2300 ἐγὼ
523 2230 617 2283 διά
655 2238 759 2283 τοῦ
796 2230 1160 2301 ἱπποδρόμου
1199 2228 1443 2298 βαδίζων
1482 2228 1729 2291 πολλοὺς
1767 2232 1824 2281 ἐν
1874 2228 1952 2297 τῷ
1994 2226 2142 2295 αὐτῷ
2183 2229 2274 2277 ἀν-

181 2319 460 2388 θρώπους
498 2315 668 2369 ἄλλον
714 2315 851 2368 ἄλλο
900 2334 957 2368 τι
1005 2319 1385 2387 πράττοντας,
1435 2318 1531 2367 τὸν
1578 2318 1680 2381 μὲν
1731 2312 2030 2378 αὐλοῦντα,
2080 2315 2176 2364 τὸν
2217 2311 2274 2363 δὲ

185 2405 520 2473 ὀρχούμενον
533 2442 548 2466 ,
597 2405 694 2454 τὸν
734 2401 793 2454 δὲ
831 2404 1030 2469 θαῦμα
1070 2400 1513 2468 ἀποδιδόμενον,
1561 2403 1655 2452 τὸν
1698 2398 1756 2451 δὲ
1796 2401 2016 2469 ποίημα
2057 2399 2277 2465 ἀναγιγ-

188 2490 501 2552 νώσκοντα,
549 2490 646 2539 τὸν
686 2486 745 2539 δὲ
785 2480 1022 2556 ᾄδοντα,
1066 2489 1163 2539 τὸν
1203 2485 1262 2538 δὲ
1303 2487 1557 2556 ἱστορίαν
1596 2486 1720 2536 τινὰ
1758 2486 1790 2556 ἢ
1830 2485 2017 2551 μῦθον
2057 2481 2276 2551 διηγού-

187 2585 382 2640 μενον·
430 2575 524 2625 καὶ
574 2571 700 2624 οὐδὲ
741 2573 823 2634 εἷς
859 2575 1072 2624 τούτων
1122 2571 1319 2624 οὐδένα
1370 2569 1612 2623 ἐκώλυσε
1661 2574 1960 2641 προσέχειν
2001 2567 2148 2636 αὐτῷ
2186 2568 2280 2618 καὶ

187 2661 251 2710 τὸ
291 2660 658 2728 προκείμενον
698 2660 985 2728 πράττειν.
1059 2660 1247 2710 καίτοι
1294 2660 1506 2708 τούτων
1557 2654 1716 2707 οὐδέν
1767 2658 1889 2707 ἐστι
1936 2660 2047 2705 τῶν
2086 2647 2354 2722 ἔργων,11

189 2744 220 2794 ὃ
272 2746 495 2811 συνάγει
544 2746 643 2815 τήν
689 2746 874 2815 ψυχήν
919 2746 1014 2795 καὶ
1048 2745 1362 2812 καθίστησι
1407 2744 1501 2794 καὶ
1548 2744 1923 2811 καταφρονεῖν
1972 2741 2139 2789 ποιεῖ
2167 2742 2277 2787 τῶν

190 2826 374 2880 ἄλλων
413 2831 697 2880 ἀπάντων.
774 2828 1009 2880 παιδεία
1052 2827 1138 2893 δέ,
1190 2830 1266 2890 ὡς
1305 2829 1477 2891 ἔοικε,
1525 2828 1618 2877 καὶ
1667 2823 2014 2895 φιλοσοφία,
2067 2823 2129 2872 αἳ
2173 2822 2277 2886 μά-

192 2911 355 2965 λιστα
394 2921 559 2965 τοῦτο
600 2912 1072 2985 διαπράττονται,
1122 2911 1337 2983 πολλῆς
1374 2912 1608 2981 ἐρημίας
1645 2927 1704 2960 τε
1741 2911 1835 2960 καὶ
1872 2907 2277 2975 ἀναχωρήσεως

189 3001 521 3066 τυγχάνουσι
560 2997 847 3065 δεόμεναι·
884 3001 978 3050 καὶ
1017 3000 1208 3066 ὥσπερ
1247 3001 1368 3057 τοῖς
1405 3001 1684 3057 νοσοῦσιν,
1725 2997 1776 3044 εἰ
1812 2994 1884 3062 μὴ
1916 2989 2277 3055 πανταχόθεν

192 3079 312 3135 ἐστὶ
352 3086 540 3153 σιωπή
580 3101 639 3134 τε
676 3085 770 3134 καὶ
805 3085 1034 3151 ἡσυχία,
1087 3083 1148 3133 οὐ
1189 3079 1422 3132 δυνατὸν
1469 3081 1648 3130 ὕπνου
1685 3075 2048 3144 μεταλαβεῖν,
2101 3076 2279 3135 οὕτως

336 3281 364 3320 4
395 3267 424 3334 ᾗ
453 3276 556 3321 add.
589 3275 771 3322 Geelius
887 3278 1063 3323 παθῶν
1093 3275 1131 3321 U
1160 3289 1216 3319 m.
1248 3288 1317 3332 pr.
1455 3278 1479 3318 5
1511 3269 1837 3333 ἀναχωρήσεις
1865 3273 1914 3316 Μ
2037 3289 2089 3320 τε
2109 3266 2201 3329 ‘pro
2230 3264 2280 3317 τ’

191 3346 244 3395 ἐν
273 3349 311 3393 Β
429 3352 454 3392 6
486 3343 532 3394 τ’
563 3346 615 3394 ἐν
642 3342 885 3408 Ἀθήνησιν
914 3348 964 3392 Μ
1085 3351 1133 3392 10
1162 3348 1349 3405 κλείνης
1375 3345 1424 3390 Μ
1455 3348 1693 3402 (superscr.
1714 3346 1920 3398 κλείνας)
2033 3343 2283 3389 κατακλεί-

192 3423 362 3466 νεσθαι
392 3419 441 3462 Μ
559 3422 606 3463 11
641 3418 755 3466 ἰδεῖν
783 3418 836 3465 τέ
863 3416 991 3466 ἐστιν
1010 3418 1060 3461 Μ
1091 3418 1202 3464 ἰδεῖν
1230 3418 1284 3476 γε’
1312 3415 1412 3463 ἐστι
1442 3416 1537 3469 UB,
1568 3415 1618 3463 δὲ
1647 3418 1744 3472 (pro
1775 3418 1843 3467 τε)
1875 3414 1913 3458 Τ
1943 3418 1989 3459 et
2015 3414 2198 3469 vulgata

196 3494 248 3536 12
279 3487 598 3547 κωλυαίμενον
627 3490 677 3534 Μ
795 3493 846 3535 13
879 3484 1026 3536 αὐτοῦ
1053 3489 1095 3535 U
1212 3492 1265 3533 14
1294 3495 1451 3535 ποιεῖν
1479 3486 1529 3530 Μ
1652 3490 1700 3532 15
1733 3481 1760 3533 ὁ
1792 3499 1877 3531 om.
1908 3484 1958 3528 M
2088 3489 2140 3529 16
2172 3480 2282 3531 οὔτε

195 3574 279 3618 pro
314 3553 343 3607 ὅ
373 3578 425 3608 τε
455 3561 497 3606 U
673 3555 1126 3619 ὀρχισοδιδάσκαλος
1153 3559 1193 3604 U
1375 3563 1425 3603 17
1458 3553 1815 3615 ἀποδιδομένων
1845 3555 1990 3610 UBM,
2021 3549 2285 3612 ἀποδυομέ-

199 3649 297 3678 νων
325 3632 364 3677 Τ
484 3636 534 3676 18
565 3627 655 3686 ἔξω
685 3624 874 3692 γράφος
902 3631 952 3675 Μ
1091 3635 1141 3674 19
1171 3626 1510 3689 σφοδρότατόν
1538 3629 1685 3686 Emp„
1716 3624 2069 3689 φοβερωτατόν
2096 3625 2199 3670 libri

194 3705 249 3746 20
280 3705 379 3749 τῶν
408 3715 490 3759 pro
521 3701 574 3749 ἐν
603 3703 652 3745 Μ
769 3705 821 3746 22
853 3698 956 3748 ἴδον
984 3701 1034 3745 Μ
1153 3704 1208 3746 24
1237 3699 1590 3758 exspectaveris.
1621 3702 1786 3756 θαῦμα
1816 3694 2198 3754 ἐπιδεικνύμενον

193 3766 588 3831 ἀναγινώσκοντα
619 3774 657 3818 Β
779 3777 831 3818 29
864 3770 913 3819 αἳ
942 3786 1027 3818 om.
1060 3772 1107 3816 M
1137 3785 1194 3817 m.
1225 3785 1293 3828 pr.
1411 3775 1460 3816 31
1495 3766 1715 3828 δεόμενοι
1745 3769 1796 3814 Μ
