2684 4140
461 269 528 316 32
1248 246 1452 293 moms
1485 243 1704 289 eonem

458 404 574 476 [Τῆς
611 394 847 463 πόλεως]
888 396 949 446 οὐ
987 390 1164 452 πολύς
1200 392 1322 440 ἐστι
1362 386 1523 454 λόγος
1563 383 1689 436 οὐδὲ
1716 382 2096 453 Κολοφῶνος·
2135 382 2322 432 καίτοι
2360 397 2526 451 ποιη-

454 491 550 557 τὴν
597 478 659 535 οὔ
703 483 925 549 χείρονα
968 470 1204 544 Ὁμήρου
1254 475 1561 539 παρέχεται
1610 471 1706 519 τὸν
1739 461 2087 518 Ἀπόλλωνα.
2173 461 2527 535 Πυθαγόρας

454 568 513 621 δὲ
567 570 627 618 ἐκ
680 566 868 629 Σάμου
925 561 1026 626 μὲν
1081 560 1283 627 ἔφυγεν
1338 556 1478 606 ἑκὼν
1533 556 2000 623 τυραννουμένης,
2071 551 2227 620 παρὰ
2287 548 2345 601 δὲ
2405 555 2527 612 τοῖς

451 650 642 710 ἄλλοις
690 650 903 698 ἅπασιν
950 643 1311 710 ἀνθρώποις,
1359 636 1606 705 μάλιστα
1657 636 1715 689 δὲ
1768 636 1928 703 οἶμαι
1977 637 2110 703 περὶ
2157 637 2256 706 τὴν
2288 626 2524 686 Ἰταλίαν

323 785 325 788 .
384 739 415 788 6
451 738 677 799 ἐτιμᾶτο
716 732 793 791 ὡς
829 725 983 788 θεός.
1042 727 1101 776 τί
1137 725 1262 787 οὗν,·
1300 722 1481 775 πάλαι
1517 740 1605 785 τις
1629 721 1732 793 ἤδη
1760 723 2013 791 κάθηται
2040 718 2228 788 λέγων,
2271 721 2337 770 σύ
2375 723 2520 790 πρὸς
2554 730 2579 770 5

435 815 674 886 Ὅμηρον
727 815 820 864 καὶ
867 805 1217 879 Πυθαγόραν
1276 811 1370 860 καὶ
1428 810 1661 879 Ζήνωνα
1721 804 2109 877 παραβάλλεις
2164 797 2365 868 >αὖτόν,·
2420 807 2524 856 Μὰ

444 895 543 952 Δί’
587 893 681 949 οὐκ
717 899 912 965 ἔγωγε,
952 893 1097 966 πλὴν
1141 897 1229 946 ὅτι
1266 899 1409 944 πᾶσι
1444 898 1566 955 τοῖς
1605 889 1953 964 φιλοσόφοις
1988 888 2148 954 ἔδοξε
2180 887 2431 955 χαλεπὸς
2467 893 2526 943 ἐν

444 993 510 1055 τῇ
536 980 769 1052 πατρίδι
795 983 826 1032 ὁ
847 982 988 1048 βίος.
1047 981 1175 1031 ἐπεὶ
1200 981 1258 1030 τί
1283 979 1480 1030 οἴεσθε
1491 998 1511 1042 ;
1539 972 1659 1045 οὐχὶ
1686 977 1874 1050 φιλεῖν
1899 978 2001 1038 τὰς
2028 973 2310 1045 πατρίδας
2321 994 2341 1038 ,·
2379 973 2519 1026 ἀλλὰ
2545 986 2671 1023 (223R

442 1072 536 1120 τὸν
572 1062 813 1136 Ὅμηρον
861 1067 1003 1135 ὑπὲρ
1056 1067 1157 1131 μὲν
1199 1058 1513 1126 Ὀδυσσέως
1563 1062 1879 1134 ὀδύρεσθαι
1925 1065 2020 1114 καὶ
2069 1064 2308 1133 φάσκειν
2357 1055 2525 1113 αὐτὸν

441 1150 659 1205 ἐθέλειν
706 1151 802 1201 τὸν
847 1151 1061 1201 καπνὸν
1114 1147 1305 1200 ἰδόντα
1354 1151 1450 1200 τὸν
1498 1151 1556 1199 ἑκ
1603 1156 1702 1219 τῆς
1732 1141 1957 1218 Ἰθάκης
1996 1154 2336 1218 παραχρῆμα
2376 1148 2519 1197 ἀπο·
2558 1152 2605 1194 10

442 1241 654 1301 θανεῖν,
692 1236 860 1286 αὐτὸν
891 1232 950 1285 δὲ
975 1236 1049 1305 μη
1082 1238 1328 1304 στέργειν
1354 1237 1452 1306 τὴν
1480 1236 1653 1285 αὑτοῦ
1685 1232 1871 1298 πόλιν,
1912 1227 2037 1284 ἀλλ’
2083 1234 2145 1284 οὐ
2185 1235 2281 1284 τὸν
2321 1234 2527 1284 οἰκεῖον

443 1326 620 1394 ἔρωτα
656 1322 749 1372 καὶ
784 1322 882 1390 τήν
920 1320 1238 1385 ἐπιθυμίαν
1279 1317 1600 1387 ὁμολογεῖν,
1650 1321 1715 1390 ἢν
1766 1319 1877 1386 εἶχε
1925 1327 2023 1390 τῆς
2074 1316 2377 1387 πατρίδος,
2427 1311 2522 1368 ἐπ’

379 1407 408 1458 7
447 1411 678 1474 ὀνόματι
724 1411 826 1456 τοῦ
855 1398 1199 1467 Ὀδυσσέως;
1247 1405 1310 1466 ὃς
1361 1403 1420 1456 δὲ
1472 1408 1658 1457 πάντα
1709 1408 1805 1457 τὸν
1853 1408 2054 1474 χρόνον
2105 1406 2318 1471 ἔμεινεν
2362 1405 2421 1454 ἑν
2458 1409 2528 1472 τῇ

443 1490 702 1562 πατρίδι,
751 1492 1018 1560 πράττων
1067 1492 1173 1553 ὅ,τι
1224 1488 1415 1560 δοκοίη
1455 1495 1576 1552 τοῖς
1614 1489 1880 1553 πολίταις
1915 1493 2009 1542 καὶ
2045 1495 2166 1551 τοῖς
2203 1492 2424 1555 νόμοις,
2475 1489 2528 1538 εἰ

440 1582 538 1644 μέν
575 1595 631 1627 τι
666 1579 804 1643 μέγα
831 1576 1014 1644 ὤνησε
1037 1575 1169 1635 τοὺς
1189 1567 1549 1644 Ἀθηναίους,
1590 1577 1686 1626 οὐκ
1712 1577 1818 1641 ἔχω
1846 1579 2056 1627 εἰπεῖν·
2095 1577 2194 1645 τὴν
2222 1573 2281 1625 δὲ
2308 1572 2521 1643 βλάβην
2557 1578 2605 1620 15

440 1663 750 1727 ἐπίσταμαι
799 1661 896 1729 τὴν
945 1663 1243 1729 γενομένην
1294 1660 1501 1721 αὐτοῖς.
1578 1662 1662 1711 ἔτι
1711 1662 1814 1730 γάρ
1854 1667 1948 1712 νῦν
1986 1657 2358 1723 ὀνειδίζονται
2396 1660 2529 1727 περὶ

439 1747 780 1814 Σωκράτους,
819 1746 896 1806 ὡς
934 1744 1060 1795 οὔτε
1097 1742 1333 1805 δικαίως
1372 1745 1497 1795 οὔτε
1537 1747 1711 1806 ὁσίως
1738 1744 1817 1813 τῷ
1844 1743 2008 1815 ἀνδρὶ
2034 1745 2527 1815 προσενεχθέντες,

439 1831 530 1881 καὶ
577 1832 803 1880 πάντων
852 1830 1043 1890 αὐτοῖς
1090 1835 1201 1880 τῶν
1247 1830 1481 1899 ὕστερον
1530 1835 1842 1898 γενομένων
1890 1836 2073 1882 κακῶν
2131 1832 2336 1898 ταύτην
2387 1830 2531 1899 φασὶ

441 1916 715 1985 συμβῆναι
750 1916 847 1985 τὴν
884 1915 1087 1965 αἰτίαν.

373 1995 404 2047 8
580 2006 751 2050 ταῦτα
788 2002 888 2065 μὲν
925 2001 1195 2069 ἀκηκόατε
1220 1997 1405 2062 ἄλλως
1431 2001 1587 2071 παρὰ
1612 2001 1939 2071 ἀνθρώπου
1967 1999 2253 2071 πλάνητος
2276 2001 2370 2051 καὶ
2395 1995 2526 2049 ἀδο-
2561 2006 2610 2048 m

443 2082 651 2150 λέσχου.
749 2085 780 2135 ὃ
829 2078 881 2136 δ’
936 2085 1029 2136 οὖν
1078 2087 1236 2156 ἔφην,
1285 2092 1676 2156 παραιτοῦμαι
1724 2089 1869 2153 ὑμᾶς
1916 2085 2128 2158 μηδένα
2163 2088 2431 2137 ἀπαιτεῖν
2464 2085 2525 2134 ἑν
2551 2090 2681 2135 (2243

442 2168 519 2236 τῷ
557 2171 796 2239 παρόντι
833 2164 970 2239 παρ’
1013 2172 1152 2237 ἐμοῦ
1188 2168 1349 2239 λόγον
1385 2169 1781 2242 μεγαλόφρονα
1818 2173 1913 2224 καὶ
1953 2175 2161 2243 σοφόν,
2201 2163 2328 2222 ἀλλ’
2368 2167 2527 2220 ἰδιω-

442 2257 593 2305 τικὸν
638 2257 730 2306 καὶ
781 2253 1018 2325 φαῦλον,
1069 2258 1242 2307 ὁποῖα
1291 2258 1385 2308 καὶ
1428 2258 1502 2308 ’τὰ
1555 2260 1860 2326 πράγματά
1907 2259 2079 2310 ἐστιν.
2179 2257 2244 2309 εὖ
2292 2249 2345 2307 δ’
2390 2254 2527 2318 ἴστε,
2553 2263 2680 2305 (5251

442 2340 634 2406 ὥσπερ
672 2338 1010 2410 προειλόμην
1051 2347 1231 2409 σιγᾶν,
1281 2335 1388 2413 ἀφ’
1442 2341 1514 2393 οὖ
1545 2349 1640 2394 νῦν
1677 2344 1838 2415 ἧκον,
1889 2344 1986 2394 οὐκ
2030 2345 2099 2395 ἂν
2143 2339 2527 2414 ἐφθεγξάμην,

442 2425 492 2474 εἰ
527 2426 600 2494 μή
639 2442 695 2475 τι
731 2426 1026 2493 ἀναγκαῖον
1067 2428 1414 2498 συμβεβήκει.
1499 2430 1606 2497 ἐγὼ
1657 2430 1760 2499 γάρ
1810 2431 2046 2499 ἡψάμην
2085 2431 2444 2499 πράγματος,
2494 2430 2523 2478 ὅ
2559 2437 2606 2477 25

440 2525 539 2573 μοι
588 2505 809 2560 πολλῶν
856 2509 933 2578 τῷ
983 2514 1102 2563 ὄντι
1151 2516 1496 2583 πραγμάτων
1546 2514 1731 2566 αἴτιον
1792 2519 1982 2583 γέγονε
2038 2517 2133 2566 καὶ
2189 2516 2529 2583 θαυμαστῆς

442 2591 656 2661 ἀηδίας.
731 2596 873 2646 ὥστε
910 2599 1184 2667 πρότερον
1220 2601 1322 2664 μὲν
1361 2600 1459 2650 οὐκ
1494 2592 1654 2669 ᾔδειν
1693 2602 1757 2651 τὸ
1799 2607 1911 2652 τῶν
1952 2598 2252 2652 Θετταλῶν
2291 2600 2350 2650 τί
2382 2602 2530 2650 ποτέ

443 2678 566 2727 ἐστι
601 2679 663 2729 τὸ
700 2671 797 2748 ἐφ’
841 2682 1010 2743 αὐτὰς
1047 2685 1144 2753 την
1189 2681 1420 2755 σελήνην
1446 2687 1724 2753 κατάγειν,
1764 2693 1858 2738 νῦν
1887 2684 1946 2737 δὲ
1974 2683 2261 2752 ἐπιμελῶς
2297 2686 2524 2753 ἔγνωκα.

375 2758 406 2810 9
442 2763 535 2812 καὶ
571 2764 665 2813 τὸν
693 2755 1085 2837 Ἀριστοτέλην
1122 2769 1301 2819 ἐνίοτε
1338 2766 1688 2839 ἐμακάριζον,
1727 2773 1885 2832 ὅστις
1920 2773 2285 2841 Σταγειρίτης
2322 2772 2398 2822 ὤν
2437 2771 2525 2835 (τά

442 2843 500 2895 δὲ
537 2849 809 2918 Στάγειρα
845 2853 999 2921 κώμη
1038 2860 1136 2923 τῆς
1170 2849 1468 2916 Ὀλυνθίας
1503 2852 1589 2925 ῆν)
1622 2853 1871 2926 ἁλούσης
1920 2854 1980 2907 δὲ
2014 2850 2291 2908 Ὀλύνθου
2331 2870 2517 2924 συγγε-
2557 2865 2604 2905 80

440 2933 667 2995 νόμενος
709 2926 1049 3005 Ἀλεξάνδρῳ
1099 2941 1193 2990 καὶ
1232 2937 1510 3007 Φιλίππῳ
1570 2938 1916 3011 διεπράξατο
1968 2942 2301 3013 οἰκισθῆναι
2348 2938 2523 2992 πάλιν

442 3017 503 3064 τὸ
538 3018 759 3085 χωρίον,
797 3022 890 3071 καὶ
924 3025 1094 3087 μόνον
1132 3025 1300 3076 αὐτὸν
1337 3026 1587 3096 ἔφασκον
1628 3028 1927 3097 εὐτυχῆσαι
1963 3030 2063 3099 τὴν
2102 3030 2356 3094 εὐτυχίαν
2388 3030 2523 3078 ταύ-

587 3167 604 3207 Ῑ
646 3168 727 3224 τῆς
762 3171 867 3213 ante
906 3167 1092 3226 πόλεως
1132 3187 1216 3218 Om·
1249 3174 1310 3230 T,
1348 3179 1431 3235 τῆς
1467 3175 1658 3232 πόλεως
1695 3182 1910 3237 suspecta
1945 3179 2132 3225 Reiskio
2303 3182 2524 3238 κολοφῶ-

443 3246 504 3314 νο,
541 3298 553 3315 x
563 3249 585 3286 ς
612 3233 652 3278 U
764 3241 844 3284 καὶ
872 3237 961 3286 τὸν
989 3240 1189 3302 ποιητὴν
1210 3244 1302 3290 ΤΜ
1389 3252 1413 3292 5
1444 3250 1518 3303 τίς
1546 3249 1590 3295 U
1677 3253 1702 3294 6
1733 3248 2044 3311 παραβάλλης
2072 3253 2119 3296 in
2147 3269 2236 3307 -εις
2263 3254 2373 3298 mu¹3·
2396 3252 2437 3297 U

447 3317 594 3348 αυτον
622 3303 671 3347 Μ
759 3310 781 3350 7
812 3312 917 3354 ante
948 3302 1022 3357 ὅτι
1050 3325 1211 3359 rasura
1239 3316 1287 3362 in
1314 3316 1357 3363 U
1443 3322 1469 3363 8
1501 3314 1607 3379 οὐχὶ
1639 3324 1793 3379 φιλεῖν
1814 3322 1960 3379 Emp.‚
1993 3317 2081 3370 οὐκ
2108 3321 2306 3381 ἐφίλουν
2333 3322 2437 3367 libri

445 3411 504 3493 0¹:-
536 3413 619 3458 od.
656 3419 750 3499 1⁹58,
869 3424 921 3465 10
949 3396 1141 3496 tdo'afss‘bag
1168 3430 1345 3481 (acutus
1376 3435 1422 3476 et
1449 3427 1508 3479 τὰ
1534 3445 1567 3477 a
1599 3436 1734 3486 corr.)
1765 3432 1806 3479 U
1917 3439 1963 3479 11
1997 3430 2150 3482 αὐτοῦ
2178 3433 2310 3480 ΒΜΠ
2391 3427 2516 3481 -ἆλλά

447 3485 662 3567 ²0²³,(0¹=g··
693 3491 767 3540 ov)
797 3487 914 3535 UBT
1030 3498 1080 3538 12
1109 3498 1167 3554 ἠν
1193 3511 1276 3554 pro
1303 3495 1364 3559 ἢν
1392 3502 1473 3547 UT
1592 3508 1643 3548 16
1673 3507 1757 3551 νῦν
1786 3518 1875 3551 om.
1903 3504 1988 3551 m·
2123 3509 2174 3550 21
2206 3502 2298 3563 ἔφη
2327 3503 2406 3548 '1¹13

447 3554 509 3636 22¹
528 3557 650 3601 ἄλλα
680 3555 801 3602 UBT
915 3563 970 3605 23
1000 3562 1049 3610 δὲ
1078 3562 1178 3613 ἴστε
1208 3569 1258 3612 Μ
1372 3575 1428 3617 24
1457 3578 1623 3633 σειγᾶν
1650 3575 1702 3619 Μ
1790 3579 1842 3620 25
1875 3577 2172 3636 συμβέβηκεν
2198 3575 2318 3629 libri,
2349 3577 2521 3633 συμβε-

447 3625 582 3680 βηκει
610 3625 741 3706 ΕξῺΡ.
827 3633 880 3673 27
917 3635 1210 3683 Θετταλίδων
1237 3639 1510 3688 Herwerden
1540 3646 1597 3691 cf.
1626 3658 1696 3692 or.
1717 3646 1866 3692 LXVI
1896 3660 1942 3703 p.
1976 3650 2060 3692 354
2089 3646 2245 3692 Reisk.
2334 3649 2388 3690 28
2418 3643 2518 3691 ἐπι-

445 3698 599 3748 μελῶς
627 3707 700 3739 le
727 3700 965 3752 genuinum
1079 3708 1130 3750 31
1163 3708 1429 3769 οἰκισθῆναι
1457 3716 1584 3775 (ισθη
1612 3717 1658 3762 in
1688 3722 1868 3772 rasura)
1899 3718 1938 3762 U
2055 3720 2107 3761 32
2137 3720 2208 3763 τῶ
2238 3716 2278 3761 Τ
