2684 4140
1081 266 1305 313 ORATIO
1334 265 1417 311 XL
2218 266 2283 314 47

209 415 333 468 οὐδὲ
373 419 468 468 τὸν
504 418 626 467 υἱὸν
675 411 909 485 ἤλπιζον
953 411 1216 479 χαλεπῶς
1261 414 1328 463 ἂν
1376 414 1682 478 ὑπομεῖναι
1730 413 1957 478 πενίαν,
2011 415 2106 465 οὐκ
2156 414 2285 464 ὄντα

4 508 182 550 160R11)
207 504 346 567 ἐμοῦ
374 503 543 572 χείρω
583 503 679 571 τὴν
721 502 907 571 φύσιν.
991 501 1118 550 ἐπεὶ
1168 497 1226 549 δὲ
1267 500 1298 548 ό
1337 496 1498 565 λόγος
1535 501 1663 566 ἡμῖν
1701 501 1854 550 ἐστιν
1892 502 2033 569 ὑπὲρ
2073 504 2175 549 τοῦ
2208 499 2279 568 μὴ
2322 494 2353 544 3

209 588 544 654 ψεύσασθαι
586 589 684 657 τὴν
722 583 970 655 πατρίδα
1011 581 1152 654 μηδὲ
1197 585 1587 653 ἀποστερῆσαι
1635 585 1732 653 τὴν
1782 586 2089 651 ὑπόσχεσιν
2127 584 2287 649 ὑμᾶς,

208 672 272 740 ἢν
298 668 666 738 ὑπεσχόμεθα
692 668 930 740 μηδενὸς
957 665 1375 736 ἀναγκάζοντος,
1417 666 1675 734 οὐδαμῶς
1702 667 1903 739 ῥᾳδίαν
1931 666 2058 719 οὐδὲ
2088 665 2288 735 ὀλίγων

151 762 176 802 5
207 759 535 826 χρημάτων,
585 762 748 806 τοῦτο
789 754 949 820 οἶμαι
980 752 1228 819 χαλεπὸν
1265 756 1358 804 καὶ
1395 751 1609 824 πολλῆς
1648 752 1950 823 φροντίδος
1987 751 2172 816 ἄξιον·
2226 751 2294 803 οὗ

27 848 110 890 (487
130 849 182 892 Μ)
206 858 266 909 γε
293 839 451 892 οὐδέν
478 843 600 891 ἐστι
625 841 928 910 βαρύτερον
957 836 1082 889 οὐδὲ
1111 835 1479 909 ὀφειλόμενον
1507 840 1606 889 ἐπὶ
1631 837 1854 901 πλείονι
1880 836 2021 906 τόκῳ
2040 841 2288 908 χάριτος.

206 929 299 978 καὶ
334 924 498 976 τοῦτό
550 927 672 976 ἐστι
718 927 781 975 τὸ
819 925 1203 989 ,ἀναίσχυντον
1243 921 1465 974 δάνειον
1502 925 1596 974 καὶ
1634 922 1891 992 πικρόνζ,
1945 926 2077 974 ὅταν
2129 922 2290 988 οἶμαι

208 1011 288 1080 τῷ
323 1011 617 1082 βραδύνειν
654 1014 685 1078 ἡ
719 1012 882 1079 χάρις
921 1011 1002 1071 εἰς
1023 1013 1187 1076 χρέος
1212 1014 1487 1077 μεταστῇ·
1529 1007 1559 1057 ὃ
1585 1007 1663 1075 τῴ
1691 1010 1864 1059 παντὶ
1896 1005 2291 1076 χαλεπώτερον

208 1098 548 1148 ἀπαιτοῦσιν
588 1097 642 1146 οἱ
681 1100 1008 1154 σιωπῶντες
1045 1098 1155 1143 τῶν
1191 1093 1470 1159 βοώντων.
1537 1089 1696 1142 οὐδὲν
1734 1093 1836 1160 γάρ
1879 1094 2022 1142 οὕτω
2053 1090 2286 1143 δύναται
2325 1091 2358 1140 4

130 1186 176 1228 10
212 1183 342 1242 τούς
381 1178 713 1251 ὀφείλοντας
749 1180 878 1244 ὑμῖν
915 1179 983 1228 τὰ
1010 1183 1245 1227 τοιαῦτα
1283 1177 1747 1245 ὑπομιμνήσκειν,
1788 1177 1864 1237 ὡς
1889 1179 1952 1226 τὸ
1979 1178 2119 1241 ὑμᾶς
2146 1173 2292 1226 ἐκλε-

209 1264 438 1336 λῆσθαι.
504 1263 596 1316 διὰ
623 1266 724 1330 μὲν
763 1261 826 1334 δὴ
867 1269 1040 1313 ταῦτα
1069 1263 1369 1329 ἀναγκαῖον
1395 1256 1653 1326 ἐνόμιζον
1691 1260 1962 1327 γενέσθαι
2002 1263 2146 1329 πρὸς
2172 1263 2295 1321 τοῖς

207 1353 450 1416 ἐμαυτοῦ
476 1351 570 1400 καὶ
605 1346 802 1418 μηδενὶ
837 1353 948 1397 τῶν
983 1352 1186 1397 κοινῶν
1224 1350 1526 1415 προσιέναι
1563 1343 1703 1415 μηδὲ
1742 1349 1904 1414 μέχρι
1932 1343 2097 1413 λόγου
2136 1349 2293 1408 τέως,

208 1437 313 1496 ἕως
351 1436 418 1485 ἂν
458 1432 756 1498 αἴσθωμαι
792 1438 957 1482 τοῦτο
998 1429 1060 1502 δὴ
1102 1433 1164 1482 τὸ
1206 1432 1361 1500 παρὰ
1401 1429 1478 1498 τῳ
1518 1437 1730 1500 ποιητῇ
1769 1426 2094 1497 λεγόμενον·

349 1521 486 1581 ὅ,ττι
520 1534 622 1584 μοι
657 1519 716 1568 ἐν
751 1519 1050 1586 μεγάροισι
1084 1513 1253 1567 κακόν
1291 1509 1344 1566 τ’
1388 1513 1610 1583 ἀγαθόν
1647 1533 1707 1566 τε
1744 1520 2015 1566 τέτυκται.
2331 1517 2362 1566 5

131 1611 178 1653 15
215 1597 491 1672 πρότερον
527 1603 630 1672 γάρ
672 1595 792 1653 οὐδ’
835 1595 935 1652 ἐπ’
980 1599 1165 1669 ὀλίγον
1207 1598 1406 1671 σχολὴν
1444 1603 1648 1671 ἤγαγον
1688 1600 1827 1662 ἴσως
1859 1599 1953 1652 διὰ
1992 1602 2090 1671 τὴν
2129 1602 2295 1665 ἐμαυ-

211 1695 312 1738 τοῦ
365 1686 941 1756 πολυπραγμοσύνην,
1013 1687 1074 1747 ὃς
1132 1684 1257 1737 δέον
1312 1688 1555 1751 ἐντυχεῖν
1614 1687 1738 1752 ὑμῖν
1794 1687 1888 1737 καὶ
1949 1684 2296 1756 φιλοφρονή-

214 1774 434 1824 σασθαι
459 1779 696 1823 τοσοῦτο
722 1774 893 1838 μόνον
918 1773 1012 1822 καὶ
1047 1771 1229 1822 θῦσαι
1266 1775 1387 1833 τοῖς
1424 1772 1589 1832 θεοῖς
1625 1773 1718 1823 καὶ
1749 1773 1810 1841 νὴ
1838 1772 1954 1822 Δία
1982 1772 2298 1838 ἀναγνῶναι

211 1859 279 1908 τὰ
328 1861 624 1928 γράμματα
673 1858 741 1907 τὰ
795 1863 897 1907 τοῦ
953 1857 1386 1926 αὐτοκράτορος,
1447 1860 1535 1908 ὅτι
1595 1858 1894 1924 ἀναγκαῖον
1942 1853 2038 1925 ἦν,
2098 1856 2297 1906 ἔπειτα

15 1952 190 2006 161311)
215 1943 387 2004 εὐθὺς
437 1944 794 2012 ἀναχωρῆσαι
843 1943 935 1992 καὶ
983 1943 1304 2011 τρέπεσθαι
1339 1935 1479 1993 καθ’
1524 1944 1717 2006 αὐτόν,
1769 1939 1931 2009 λόγον
1969 1941 2093 1991 τινὰ
2134 1939 2298 1990 εἷπον

134 2036 185 2078 20
220 2029 361 2098 ὑπὲρ
411 2029 569 2097 ἔργου
617 2030 794 2090 τινός,
848 2028 942 2077 οὐκ
990 2028 1156 2088 αὐτὸς
1202 2029 1400 2093 μόνον,
1461 2024 1601 2077 ἀλλὰ
1650 2023 1799 2094 <καὶ>
1859 2033 1969 2077 τῶν
2017 2028 2299 2095 ἡγεμόνων

212 2110 669 2175 ἐσπουδακότων,
720 2111 858 2172 ἴσως
902 2113 1003 2176 μὲν
1041 2113 1198 2176 ὑμῖν,
1247 2111 1385 2173 ἴσως
1425 2110 1482 2163 δὲ
1520 2113 1690 2177 κάμοὶ
1722 2108 2066 2182 χαρίζεσθαι
2102 2106 2297 2177 βουλο-

211 2201 391 2262 μένων
428 2190 554 2265 [καὶ]
592 2198 690 2266 τὴν
718 2194 887 2247 πόλιν
915 2197 1144 2261 ἄμεινον
1170 2193 1599 2259 κατασκευάζειν
1623 2199 1717 2248 καὶ
1745 2201 2082 2266 σεμνοτέραν
2111 2197 2300 2245 ποιεῖν

213 2283 456 2331 ἅπασαν.
519 2283 795 2351 πρότερον
832 2281 935 2350 γὰρ
966 2280 1085 2332 ἴστε
1126 2279 1418 2351 δήπουθεν
1457 2285 1545 2333 ὅτι
1583 2287 1705 2344 τοῖς
1743 2285 2027 2342 τοιούτοις
2056 2282 2150 2331 καὶ
2186 2285 2297 2329 τῶν

212 2367 614 2433 ἀστυγειτόνων
653 2363 1020 2432 ἐλειπόμεθα.
1096 2373 1293 2418 τοῦτον
1333 2370 1472 2433 ἐμοῦ
1515 2370 1642 2419 τότε
1681 2370 1945 2429 εἰπόντος
1982 2369 2078 2416 τὸν
2119 2362 2296 2431 λόγον,
2339 2369 2370 2419 6

131 2457 181 2499 25
217 2451 443 2520 ἐπήρθη
489 2468 547 2502 τε
585 2453 731 2521 πρὸς
770 2452 935 2502 αὐτὸν
975 2453 1006 2502 0‘
1044 2449 1243 2522 δῆμος·
1286 2453 1347 2502 οὐ
1384 2455 1487 2522 γάρ
1527 2455 1653 2504 ἐστε
1692 2454 1938 2520 ἀγεννεῖς
1978 2449 2104 2502 οὐδὲ
2146 2449 2301 2510 ἀναί-

217 2537 426 2606 σθητοι
463 2537 563 2598 τὰς
604 2539 828 2607 φύσεις·
867 2539 960 2588 καὶ
998 2535 1203 2588 πολλοὶ
1229 2541 1673 2609 προετράπησαν
1703 2536 2160 2608 φιλοτιμηθῆναι
2190 2540 2300 2585 τῶν

215 2619 479 2672 πολιτῶν.
543 2619 716 2672 πάλιν
745 2620 802 2673 δὲ
840 2623 1071 2692 ὕστερον
1098 2625 1238 2689 ἐμοῦ
1272 2626 1336 2674 τὸ
1376 2630 1607 2692 πρᾶγμα
1646 2617 1746 2694 ἐφ’
1788 2625 1918 2689 ὑμῖν
1957 2624 2300 2687 ποιουμένου

214 2704 486 2768 πολλάκις
522 2709 623 2772 μὲν
660 2709 718 2758 ἐν
755 2706 833 2776 τῳ
872 2706 1264 2778 βουλευτηρίῳ,
1305 2707 1579 2770 πολλάκις
1619 2702 1673 2759 δ’
1717 2711 1774 2760 ἐν
1801 2707 1877 2776 τῴ
1905 2708 2152 2775 θεάτρῳ,
2194 2706 2300 2767 ἵνα,

216 2794 265 2844 εἰ
301 2795 373 2861 μὴ
418 2788 769 2858 δοκιμάζοιτε
807 2791 947 2863 μηδὲ
985 2791 1314 2860 βούλοισθε,
1353 2792 1564 2863 μηδένα
1593 2791 1826 2859 ἐνοχλῶ·
1866 2794 1964 2862 τὴν
1990 2792 2093 2858 γάρ
2134 2791 2299 2853 ἀσχο-

135 2882 184 2924 3⁰
223 2874 345 2928 λίαν
382 2879 479 2947 τὴν
517 2879 786 2948 ἐσομένην
826 2880 1163 2929 ὑπώπτευόν
1200 2895 1301 2944 μοι
1338 2881 1471 2948 περὶ
1508 2884 1708 2929 ταῦτα·
1747 2874 2021 2936 πολλάκις
2057 2877 2158 2941 μὲν
2195 2863 2296 2943 ὑφ’

221 2963 369 3027 ὑμῶν
417 2956 705 3031 ἐκυρώθη,
758 2960 1030 3023 πολλάκις
1081 2961 1139 3013 δὲ
1188 2964 1300 3013 ὑπὸ
1341 2969 1451 3013 τῶν
1489 2964 1801 3031 ἡγεμόνιον,
1854 2957 2078 3020 οὐδενὸς
2123 2960 2301 3008 ἀντει-

366 3167 391 3207 2
420 3163 527 3220 ἐμοὶ
555 3165 637 3210 UT
781 3171 805 3210 5
839 3164 895 3213 οὗ
923 3161 1020 3226 γὰρ
1049 3165 1098 3208 Μ
1249 3168 1274 3209 6
1303 3166 1465 3211 πλίονι
1494 3165 1543 3208 Μ
1717 3169 1739 3208 7
1772 3160 2089 3223 ἀναίσχυντον
2119 3177 2158 3208 e.
2191 3177 2234 3220 q.
2266 3177 2304 3211 s.

224 3234 481 3279 comoediae
508 3246 687 3278 versum
713 3235 900 3280 laudare
926 3235 1102 3281 videtur
1246 3239 1270 3280 8
1299 3235 1358 3282 τὸ
1389 3231 1642 3294 βραδύνειν
1670 3235 1712 3282 U
1743 3249 1800 3281 m.
1831 3249 1901 3293 pr.
2016 3240 2041 3281 9
2073 3232 2295 3284 δύνανται

223 3306 263 3350 Β
295 3301 406 3350 δὺνα
425 3320 553 3349 zzz-at
584 3303 622 3348 U
796 3309 846 3348 10
880 3299 1140 3362 ὀφίλοντας
1169 3303 1218 3347 Μ
1359 3301 1482 3363 ἡμᾶς
1512 3305 1592 3350 UT
1726 3309 1774 3350 12
1804 3305 1947 3365 μηδὲν
1975 3305 2113 3365 μέχρι
2143 3306 2193 3350 Μ

235 3380 284 3420 13
315 3373 404 3429 ἕως
436 3388 520 3420 om.
553 3375 601 3418 M
756 3371 996 3431 αἴσθωμαι
1025 3375 1174 3431 Emp.,
1205 3371 1510 3433 αἰσθήσωμαι
1540 3376 1619 3422 UB
1649 3373 1942 3435 αἰσθήσομαι
1971 3377 2021 3421 Μ
2168 3380 2218 3421 16
2252 3370 2306 3430 ὃς

231 3445 340 3492 δέον
368 3446 563 3501 Selden.,
593 3440 657 3498 ὡς
687 3444 796 3491 δέον
814 3444 915 3489 libri
1005 3448 1053 3489 18
1084 3448 1188 3501 post
1219 3436 1294 3490 ὅτι
1323 3445 1426 3491 add.
1458 3437 1532 3499 οἷν,
1562 3447 1654 3491 sed.
1678 3459 1872 3504 expung.
1894 3446 1933 3492 U
2028 3451 2077 3491 19
2110 3440 2303 3504 ἀποχω-

229 3520 367 3577 ρῆσαι
397 3516 448 3560 Μ
591 3510 709 3561 καθ’
744 3507 799 3562 οὗ
828 3511 917 3561 τὸν
944 3515 994 3560 Μ
1167 3519 1220 3559 20
1251 3517 1332 3561 καὶ
1352 3516 1454 3561 add.
1484 3516 1672 3573 Reiske3
1703 3520 1854 3574 potest
1882 3517 2017 3562 etiam
2047 3531 2304 3563 συνεσπού-

228 3583 446 3634 δακότων
476 3587 611 3631 scribi
725 3590 774 3631 21
809 3579 1110 3645 βουλόμενον
1139 3585 1327 3641 UBTM,
1359 3599 1475 3633 corr.
1505 3587 1711 3644 impressi
1826 3590 1878 3631 22
1907 3589 1989 3633 καὶ
2018 3586 2137 3632 delet
2155 3587 2304 3643 Emp.,

230 3659 346 3716 quod
376 3658 551 3703 videtur
579 3658 769 3702 lacunae
798 3657 1111 3702 resarciendae
1140 3669 1280 3701 causa
1308 3658 1526 3702 insertum
1557 3669 1655 3703 esse
1742 3660 1796 3702 24
1826 3654 2147 3714 ἐλλειπόμεθα
2181 3656 2219 3701 Τ

230 3733 283 3774 25
315 3724 512 3789 άγεννῆς
543 3729 580 3774 U
612 3723 796 3788 ἀγενεῖς
827 3728 875 3771 Μ
991 3732 1043 3772 30
1074 3722 1102 3784 ἢ
1134 3723 1361 3782 πολλάκις
1391 3727 1468 3772 UB
1499 3722 1528 3784 ἢ
1557 3724 1785 3781 πολλάκις
1814 3727 1852 3771 Τ
