<?xml version="1.0" encoding="UTF-8"?>
<!DOCTYPE html PUBLIC "-//W3C//DTD XHTML 1.0 Transitional//EN"
    "http://www.w3.org/TR/xhtml1/DTD/xhtml1-transitional.dtd">
<html xmlns="http://www.w3.org/1999/xhtml" xml:lang="en" lang="en">
 <head>
  <title>
</title>
<meta http-equiv="Content-Type" content="text/html;charset=utf-8" />
  <meta name='ocr-system' content='tesseract 3.04.00' />
  <meta name='ocr-capabilities' content='ocr_page ocr_carea ocr_par ocr_line ocrx_word'/>
</head>
<body>
  <div class='ocr_page' id='page_1' title='image "./dionisprusaensis02diocuoft_0138.png"; bbox 0 0 2684 4140; ppageno 0'>
   <div class='ocr_carea' id='block_1_1' title="bbox 375 233 1927 298">
    <p class='ocr_par' dir='ltr' id='par_1_1' title="bbox 375 233 1927 298">
     <span class='ocr_line' id='line_1_1' title="bbox 375 233 1927 298; baseline -0.013 0"><span class='ocrx_word' id='word_1_1' title='bbox 375 249 476 298; x_wconf 82' lang='lat'><strong><em>120</em></strong></span> <span class='ocrx_word' id='word_1_2' title='bbox 898 237 1103 284; x_wconf 83' lang='lat' dir='ltr'>DIONIS</span> <span class='ocrx_word' id='word_1_3' title='bbox 1131 236 1216 282; x_wconf 87' lang='lat' dir='ltr'><strong><em>DE</em></strong></span> <span class='ocrx_word' id='word_1_4' title='bbox 1245 234 1505 280; x_wconf 79' lang='lat' dir='ltr'>HOMERO</span> <span class='ocrx_word' id='word_1_5' title='bbox 1533 234 1616 278; x_wconf 80' lang='lat' dir='ltr'><strong><em>ET</em></strong></span> <span class='ocrx_word' id='word_1_6' title='bbox 1646 233 1927 279; x_wconf 77' lang='lat' dir='ltr'><strong>SOGRATE</strong></span> 
     </span>
    </p>
   </div>
   <div class='ocr_carea' id='block_1_2' title="bbox 269 369 2684 2067">
    <p class='ocr_par' dir='ltr' id='par_1_2' title="bbox 269 369 2684 2067">
     <span class='ocr_line' id='line_1_2' title="bbox 368 369 2683 454; baseline -0.006 -14"><span class='ocrx_word' id='word_1_7' title='bbox 368 389 620 454; x_wconf 79' lang='grc' dir='ltr'><strong><em>ἐμίγνυτο</em></strong></span> <span class='ocrx_word' id='word_1_8' title='bbox 671 383 729 437; x_wconf 82' lang='grc' dir='ltr'><strong><em>δὲ</em></strong></span> <span class='ocrx_word' id='word_1_9' title='bbox 767 390 892 448; x_wconf 84' lang='grc' dir='ltr'><strong><em>ταῖς</em></strong></span> <span class='ocrx_word' id='word_1_10' title='bbox 931 378 1160 441; x_wconf 80' lang='grc' dir='ltr'><strong><em>δούλαις</em></strong></span> <span class='ocrx_word' id='word_1_11' title='bbox 1204 382 1331 440; x_wconf 89' lang='grc' dir='ltr'><strong><em>ταῖς</em></strong></span> <span class='ocrx_word' id='word_1_12' title='bbox 1367 384 1471 428; x_wconf 83' lang='grc' dir='ltr'><strong><em>τοῦ</em></strong></span> <span class='ocrx_word' id='word_1_13' title='bbox 1497 369 1812 439; x_wconf 80' lang='grc' dir='ltr'><strong><em>Ὀδυσσέως</em></strong></span> <span class='ocrx_word' id='word_1_14' title='bbox 1859 378 1953 428; x_wconf 83' lang='grc' dir='ltr'><strong><em>καὶ</em></strong></span> <span class='ocrx_word' id='word_1_15' title='bbox 2000 374 2175 427; x_wconf 82' lang='grc' dir='ltr'><strong><em>τᾶλλα</em></strong></span> <span class='ocrx_word' id='word_1_16' title='bbox 2223 373 2288 446; x_wconf 83' lang='grc' dir='ltr'><strong><em>ἦν</em></strong></span> <span class='ocrx_word' id='word_1_17' title='bbox 2327 376 2453 427; x_wconf 89' lang='grc' dir='ltr'><strong><em>ἀκό-</em></strong></span> <span class='ocrx_word' id='word_1_18' title='bbox 2480 399 2683 446; x_wconf 49' lang='lat'><strong><em>&amp;9313</em></strong></span> 
     </span>
     <span class='ocr_line' id='line_1_3' title="bbox 283 458 2450 534; baseline -0.004 -14"><span class='ocrx_word' id='word_1_19' title='bbox 283 477 343 525; x_wconf 88' lang='lat'><strong><em>21</em></strong></span> <span class='ocrx_word' id='word_1_20' title='bbox 371 469 599 531; x_wconf 89' lang='grc' dir='ltr'><strong><em>λαστος,</em></strong></span> <span class='ocrx_word' id='word_1_21' title='bbox 650 470 747 534; x_wconf 81' lang='grc' dir='ltr'><strong><em>οὐχ</em></strong></span> <span class='ocrx_word' id='word_1_22' title='bbox 795 470 871 529; x_wconf 86' lang='grc' dir='ltr'><strong><em>ὡς</em></strong></span> <span class='ocrx_word' id='word_1_23' title='bbox 909 468 1052 519; x_wconf 83' lang='grc' dir='ltr'><strong><em>ἔνιοι</em></strong></span> <span class='ocrx_word' id='word_1_24' title='bbox 1099 469 1210 514; x_wconf 81' lang='grc' dir='ltr'><strong><em>τῶν</em></strong></span> <span class='ocrx_word' id='word_1_25' title='bbox 1255 468 1384 514; x_wconf 82' lang='grc' dir='ltr'><strong><em>νῦν·</em></strong></span> <span class='ocrx_word' id='word_1_26' title='bbox 1433 459 1703 513; x_wconf 80' lang='grc' dir='ltr'><strong><em>τελευτῶν</em></strong></span> <span class='ocrx_word' id='word_1_27' title='bbox 1755 460 1814 513; x_wconf 80' lang='grc' dir='ltr'><strong><em>δὲ</em></strong></span> <span class='ocrx_word' id='word_1_28' title='bbox 1866 462 2145 530; x_wconf 79' lang='grc' dir='ltr'><em>ἐπεχείρει</em></span> <span class='ocrx_word' id='word_1_29' title='bbox 2187 458 2450 526; x_wconf 80' lang='grc' dir='ltr'><strong><em>τοξεύειν,</em></strong></span> 
     </span>
     <span class='ocr_line' id='line_1_4' title="bbox 363 543 2452 620; baseline -0.004 -17"><span class='ocrx_word' id='word_1_30' title='bbox 363 555 599 620; x_wconf 79' lang='grc' dir='ltr'><strong><em>ἄπειρος</em></strong></span> <span class='ocrx_word' id='word_1_31' title='bbox 637 554 714 603; x_wconf 82' lang='grc' dir='ltr'><strong><em>ὢν</em></strong></span> <span class='ocrx_word' id='word_1_32' title='bbox 750 549 973 620; x_wconf 83' lang='grc' dir='ltr'><strong><em>τοξικῆς</em></strong></span> <span class='ocrx_word' id='word_1_33' title='bbox 1007 549 1101 600; x_wconf 84' lang='grc' dir='ltr'><strong><em>καὶ</em></strong></span> <span class='ocrx_word' id='word_1_34' title='bbox 1138 547 1240 609; x_wconf 86' lang='grc' dir='ltr'><strong><em>τὰς</em></strong></span> <span class='ocrx_word' id='word_1_35' title='bbox 1272 550 1482 615; x_wconf 83' lang='grc' dir='ltr'><strong><em>χεῖρας.</em></strong></span> <span class='ocrx_word' id='word_1_36' title='bbox 1518 548 1695 608; x_wconf 83' lang='grc' dir='ltr'><strong><em>οὕτως</em></strong></span> <span class='ocrx_word' id='word_1_37' title='bbox 1744 547 1857 596; x_wconf 79' lang='grc' dir='ltr'><strong><em>ὑπὸ</em></strong></span> <span class='ocrx_word' id='word_1_38' title='bbox 1908 553 2122 616; x_wconf 83' lang='grc' dir='ltr'><strong><em>τρυφῆς</em></strong></span> <span class='ocrx_word' id='word_1_39' title='bbox 2172 543 2452 616; x_wconf 75' lang='grc' dir='ltr'><strong><em>διεφθαρ-</em></strong></span> 
     </span>
     <span class='ocr_line' id='line_1_5' title="bbox 359 631 2450 704; baseline -0.002 -18"><span class='ocrx_word' id='word_1_40' title='bbox 359 639 549 701; x_wconf 88' lang='grc' dir='ltr'><strong><em>μένος,</em></strong></span> <span class='ocrx_word' id='word_1_41' title='bbox 599 637 676 696; x_wconf 87' lang='grc' dir='ltr'><strong><em>ὡς</em></strong></span> <span class='ocrx_word' id='word_1_42' title='bbox 711 637 784 704; x_wconf 89' lang='grc' dir='ltr'><strong><em>μὴ</em></strong></span> <span class='ocrx_word' id='word_1_43' title='bbox 827 632 1114 686; x_wconf 75' lang='grc' dir='ltr'><strong><em>δύνασθαι</em></strong></span> <span class='ocrx_word' id='word_1_44' title='bbox 1152 631 1447 682; x_wconf 75' lang='grc' dir='ltr'><strong><em>ἅπτεσθαι</em></strong></span> <span class='ocrx_word' id='word_1_45' title='bbox 1497 638 1596 702; x_wconf 89' lang='grc' dir='ltr'><strong><em>τῆς</em></strong></span> <span class='ocrx_word' id='word_1_46' title='bbox 1633 637 1857 699; x_wconf 84' lang='grc' dir='ltr'><strong><em>νευρᾶς,</em></strong></span> <span class='ocrx_word' id='word_1_47' title='bbox 1908 631 1958 680; x_wconf 86' lang='grc' dir='ltr'><strong><em>εἰ</em></strong></span> <span class='ocrx_word' id='word_1_48' title='bbox 1994 631 2070 700; x_wconf 85' lang='grc' dir='ltr'><strong><em>μή</em></strong></span> <span class='ocrx_word' id='word_1_49' title='bbox 2109 648 2197 692; x_wconf 90' lang='grc' dir='ltr'><strong><em>τις</em></strong></span> <span class='ocrx_word' id='word_1_50' title='bbox 2233 632 2450 699; x_wconf 80' lang='grc' dir='ltr'><strong><em>ἐπιχρί-</em></strong></span> 
     </span>
     <span class='ocr_line' id='line_1_6' title="bbox 362 707 2509 789; baseline -0.001 -20"><span class='ocrx_word' id='word_1_51' title='bbox 362 733 476 771; x_wconf 90' lang='grc' dir='ltr'><strong><em>σειε</em></strong></span> <span class='ocrx_word' id='word_1_52' title='bbox 516 723 710 789; x_wconf 89' lang='grc' dir='ltr'><strong><em>στέαρ,</em></strong></span> <span class='ocrx_word' id='word_1_53' title='bbox 758 721 852 770; x_wconf 84' lang='grc' dir='ltr'><strong><em>καὶ</em></strong></span> <span class='ocrx_word' id='word_1_54' title='bbox 898 724 1072 769; x_wconf 82' lang='grc' dir='ltr'><strong><em>ταῦτα</em></strong></span> <span class='ocrx_word' id='word_1_55' title='bbox 1110 722 1215 767; x_wconf 80' lang='grc' dir='ltr'><strong><em>τοῦ</em></strong></span> <span class='ocrx_word' id='word_1_56' title='bbox 1241 707 1557 778; x_wconf 78' lang='grc' dir='ltr'><strong><em>Ὀδυσσέως</em></strong></span> <span class='ocrx_word' id='word_1_57' title='bbox 1595 717 1840 785; x_wconf 83' lang='grc' dir='ltr'><strong><em>ὁρῶντος</em></strong></span> <span class='ocrx_word' id='word_1_58' title='bbox 1886 716 1981 767; x_wconf 81' lang='grc' dir='ltr'><strong><em>καὶ</em></strong></span> <span class='ocrx_word' id='word_1_59' title='bbox 2029 722 2128 786; x_wconf 88' lang='grc' dir='ltr'><strong><em>τῆς</em></strong></span> <span class='ocrx_word' id='word_1_60' title='bbox 2166 717 2448 784; x_wconf 83' lang='grc' dir='ltr'><strong><em>ἐρωμένης</em></strong></span> <span class='ocrx_word' id='word_1_61' title='bbox 2484 725 2509 766; x_wconf 86' lang='grc'>5</span> 
     </span>
     <span class='ocr_line' id='line_1_7' title="bbox 357 793 2450 873; baseline -0.001 -20"><span class='ocrx_word' id='word_1_62' title='bbox 357 805 664 873; x_wconf 77' lang='grc' dir='ltr'><strong><em>παρούσης,</em></strong></span> <span class='ocrx_word' id='word_1_63' title='bbox 714 805 772 855; x_wconf 85' lang='grc' dir='ltr'><strong><em>έν</em></strong></span> <span class='ocrx_word' id='word_1_64' title='bbox 810 803 1149 873; x_wconf 75' lang='grc' dir='ltr'><strong><em>ἀνθρώποις</em></strong></span> <span class='ocrx_word' id='word_1_65' title='bbox 1184 802 1498 865; x_wconf 90' lang='grc' dir='ltr'><strong><em>τοσούτοις,</em></strong></span> <span class='ocrx_word' id='word_1_66' title='bbox 1535 793 1674 871; x_wconf 69' lang='grc' dir='ltr'><strong><em>μηδ’</em></strong></span> <span class='ocrx_word' id='word_1_67' title='bbox 1718 802 2003 851; x_wconf 74' lang='grc' dir='ltr'><strong><em>ἐπιτεῖναι</em></strong></span> <span class='ocrx_word' id='word_1_68' title='bbox 2045 797 2350 865; x_wconf 92' lang='grc' dir='ltr'><strong><em>δυνάμενος</em></strong></span> <span class='ocrx_word' id='word_1_69' title='bbox 2386 802 2450 850; x_wconf 86' lang='grc' dir='ltr'><strong><em>τὸ</em></strong></span> 
     </span>
     <span class='ocr_line' id='line_1_8' title="bbox 355 882 2452 958; baseline -0.001 -21"><span class='ocrx_word' id='word_1_70' title='bbox 355 884 517 949; x_wconf 80' lang='grc' dir='ltr'><strong><em>τόξον</em></strong></span> <span class='ocrx_word' id='word_1_71' title='bbox 552 885 693 957; x_wconf 84' lang='grc' dir='ltr'><strong><em>μηδὲ</em></strong></span> <span class='ocrx_word' id='word_1_72' title='bbox 717 890 890 950; x_wconf 40' lang='grc' dir='ltr'><strong><em>’ὅπως</em></strong></span> <span class='ocrx_word' id='word_1_73' title='bbox 919 889 1115 958; x_wconf 86' lang='grc' dir='ltr'><strong><em>στήσει</em></strong></span> <span class='ocrx_word' id='word_1_74' title='bbox 1138 888 1270 948; x_wconf 80' lang='grc' dir='ltr'><strong><em>τοὺς</em></strong></span> <span class='ocrx_word' id='word_1_75' title='bbox 1295 883 1552 948; x_wconf 78' lang='grc' dir='ltr'><strong><em>πελέκεις</em></strong></span> <span class='ocrx_word' id='word_1_76' title='bbox 1590 887 1621 936; x_wconf 83' lang='grc' dir='ltr'><em>ὁ</em></span> <span class='ocrx_word' id='word_1_77' title='bbox 1651 883 1977 956; x_wconf 87' lang='grc' dir='ltr'><strong><em>Τηλέμαχος</em></strong></span> <span class='ocrx_word' id='word_1_78' title='bbox 2017 882 2237 948; x_wconf 83' lang='grc' dir='ltr'><strong><em>ξυνιείς.</em></strong></span> <span class='ocrx_word' id='word_1_79' title='bbox 2299 887 2452 951; x_wconf 84' lang='grc' dir='ltr'><strong><em>ὅμως</em></strong></span> 
     </span>
     <span class='ocr_line' id='line_1_9' title="bbox 357 967 2452 1042; baseline -0 -21"><span class='ocrx_word' id='word_1_80' title='bbox 357 969 415 1021; x_wconf 85' lang='grc' dir='ltr'><strong><em>δὲ</em></strong></span> <span class='ocrx_word' id='word_1_81' title='bbox 441 978 638 1023; x_wconf 82' lang='grc' dir='ltr'><strong><em>τοῦτον</em></strong></span> <span class='ocrx_word' id='word_1_82' title='bbox 662 974 757 1024; x_wconf 84' lang='grc' dir='ltr'><strong><em>καὶ</em></strong></span> <span class='ocrx_word' id='word_1_83' title='bbox 780 973 1155 1024; x_wconf 80' lang='grc' dir='ltr'><strong><em>ἀποθανόντα</em></strong></span> <span class='ocrx_word' id='word_1_84' title='bbox 1181 972 1452 1042; x_wconf 82' lang='grc' dir='ltr'><strong><em>ἐποίησεν</em></strong></span> <span class='ocrx_word' id='word_1_85' title='bbox 1480 972 1577 1022; x_wconf 83' lang='grc' dir='ltr'><strong><em>οὐκ</em></strong></span> <span class='ocrx_word' id='word_1_86' title='bbox 1603 972 1723 1042; x_wconf 81' lang='grc' dir='ltr'><strong><em>εἰκῇ</em></strong></span> <span class='ocrx_word' id='word_1_87' title='bbox 1750 968 2032 1041; x_wconf 78' lang='grc' dir='ltr'><strong><em>πληγέντα</em></strong></span> <span class='ocrx_word' id='word_1_88' title='bbox 2074 967 2167 1021; x_wconf 86' lang='grc' dir='ltr'><strong><em>διὰ</em></strong></span> <span class='ocrx_word' id='word_1_89' title='bbox 2206 976 2309 1020; x_wconf 84' lang='grc' dir='ltr'><strong><em>τοῦ</em></strong></span> <span class='ocrx_word' id='word_1_90' title='bbox 2333 968 2452 1020; x_wconf 91' lang='grc' dir='ltr'><strong><em>λαι-</em></strong></span> 
     </span>
     <span class='ocr_line' id='line_1_10' title="bbox 352 1053 2684 1129; baseline -0.001 -23"><span class='ocrx_word' id='word_1_91' title='bbox 352 1063 476 1122; x_wconf 82' lang='grc' dir='ltr'><strong><em>μοῦ,</em></strong></span> <span class='ocrx_word' id='word_1_92' title='bbox 506 1057 602 1123; x_wconf 83' lang='grc' dir='ltr'><strong><em>οὐχ</em></strong></span> <span class='ocrx_word' id='word_1_93' title='bbox 627 1059 772 1109; x_wconf 80' lang='grc' dir='ltr'><strong><em>ὅπου</em></strong></span> <span class='ocrx_word' id='word_1_94' title='bbox 801 1059 1004 1124; x_wconf 86' lang='grc' dir='ltr'><strong><em>ἔτυχεν,</em></strong></span> <span class='ocrx_word' id='word_1_95' title='bbox 1034 1059 1227 1127; x_wconf 85' lang='grc' dir='ltr'><strong><em>ὥσπερ</em></strong></span> <span class='ocrx_word' id='word_1_96' title='bbox 1255 1055 1452 1123; x_wconf 89' lang='grc' dir='ltr'><strong><em>ἀμέλει</em></strong></span> <span class='ocrx_word' id='word_1_97' title='bbox 1478 1059 1575 1109; x_wconf 85' lang='grc' dir='ltr'><strong><em>τὸν</em></strong></span> <span class='ocrx_word' id='word_1_98' title='bbox 1601 1054 1907 1127; x_wconf 77' lang='grc' dir='ltr'><strong><em>Πάνδαρον</em></strong></span> <span class='ocrx_word' id='word_1_99' title='bbox 1935 1054 2029 1108; x_wconf 83' lang='grc' dir='ltr'><strong><em>διὰ</em></strong></span> <span class='ocrx_word' id='word_1_100' title='bbox 2056 1063 2156 1127; x_wconf 85' lang='grc' dir='ltr'><strong><em>τῆς</em></strong></span> <span class='ocrx_word' id='word_1_101' title='bbox 2180 1053 2445 1125; x_wconf 77' lang='grc' dir='ltr'><strong><em>γλώττης.</em></strong></span> <span class='ocrx_word' id='word_1_102' title='bbox 2472 1067 2550 1107; x_wconf 80' lang='grc'>(564</span> <span class='ocrx_word' id='word_1_103' title='bbox 2573 1067 2625 1111; x_wconf 76' lang='grc' dir='ltr'><strong><em>Μ)</em></strong></span> <span class='ocrx_word' id='word_1_104' title='bbox 2679 1075 2684 1129; x_wconf 66' lang='lat'><strong><em>‘1</em></strong></span> 
     </span>
     <span class='ocr_line' id='line_1_11' title="bbox 352 1137 2542 1214; baseline 0 -22"><span class='ocrx_word' id='word_1_105' title='bbox 352 1143 445 1193; x_wconf 84' lang='grc' dir='ltr'><strong><em>καὶ</em></strong></span> <span class='ocrx_word' id='word_1_106' title='bbox 498 1142 602 1212; x_wconf 86' lang='grc' dir='ltr'><strong><em>γὰρ</em></strong></span> <span class='ocrx_word' id='word_1_107' title='bbox 665 1144 717 1194; x_wconf 84' lang='grc' dir='ltr'><strong><em>εἰ</em></strong></span> <span class='ocrx_word' id='word_1_108' title='bbox 779 1145 912 1214; x_wconf 85' lang='grc' dir='ltr'><strong><em>τύχῃ</em></strong></span> <span class='ocrx_word' id='word_1_109' title='bbox 970 1144 1083 1195; x_wconf 83' lang='grc' dir='ltr'><strong><em>τινὶ</em></strong></span> <span class='ocrx_word' id='word_1_110' title='bbox 1139 1143 1435 1210; x_wconf 82' lang='grc' dir='ltr'><strong><em>συμβαίνει</em></strong></span> <span class='ocrx_word' id='word_1_111' title='bbox 1485 1143 1553 1193; x_wconf 83' lang='grc' dir='ltr'><strong><em>τὰ</em></strong></span> <span class='ocrx_word' id='word_1_112' title='bbox 1618 1148 1880 1206; x_wconf 81' lang='grc' dir='ltr'><strong><em>τοιαῦτα,</em></strong></span> <span class='ocrx_word' id='word_1_113' title='bbox 1948 1144 2100 1208; x_wconf 90' lang='grc' dir='ltr'><strong><em>ὅμως</em></strong></span> <span class='ocrx_word' id='word_1_114' title='bbox 2158 1142 2258 1192; x_wconf 81' lang='grc' dir='ltr'><strong><em>ἐπὶ</em></strong></span> <span class='ocrx_word' id='word_1_115' title='bbox 2317 1137 2455 1191; x_wconf 83' lang='grc' dir='ltr'><strong><em>πολ·</em></strong></span> <span class='ocrx_word' id='word_1_116' title='bbox 2495 1151 2542 1193; x_wconf 87' lang='lat'><strong><em>10</em></strong></span> 
     </span>
     <span class='ocr_line' id='line_1_12' title="bbox 355 1225 2457 1298; baseline -0.001 -20"><span class='ocrx_word' id='word_1_117' title='bbox 355 1225 464 1278; x_wconf 85' lang='grc' dir='ltr'><strong><em>λῶν</em></strong></span> <span class='ocrx_word' id='word_1_118' title='bbox 502 1228 656 1279; x_wconf 81' lang='grc' dir='ltr'><strong><em>ἔστιν</em></strong></span> <span class='ocrx_word' id='word_1_119' title='bbox 695 1229 880 1280; x_wconf 83' lang='grc' dir='ltr'><strong><em>εἰπεῖν</em></strong></span> <span class='ocrx_word' id='word_1_120' title='bbox 919 1231 1007 1280; x_wconf 87' lang='grc' dir='ltr'><strong><em>ὅτι</em></strong></span> <span class='ocrx_word' id='word_1_121' title='bbox 1044 1233 1243 1280; x_wconf 80' lang='grc' dir='ltr'><strong><em>τοῦτον</em></strong></span> <span class='ocrx_word' id='word_1_122' title='bbox 1281 1230 1382 1294; x_wconf 78' lang='grc' dir='ltr'><strong><em>μὲν</em></strong></span> <span class='ocrx_word' id='word_1_123' title='bbox 1413 1230 1518 1280; x_wconf 85' lang='grc' dir='ltr'><strong><em>’τὸν</em></strong></span> <span class='ocrx_word' id='word_1_124' title='bbox 1558 1229 1873 1298; x_wconf 72' lang='grc' dir='ltr'><strong><em>ἄνθρωπον</em></strong></span> <span class='ocrx_word' id='word_1_125' title='bbox 1925 1225 2018 1279; x_wconf 83' lang='grc' dir='ltr'><strong><em>διὰ</em></strong></span> <span class='ocrx_word' id='word_1_126' title='bbox 2067 1234 2167 1298; x_wconf 85' lang='grc' dir='ltr'><strong><em>τῆς</em></strong></span> <span class='ocrx_word' id='word_1_127' title='bbox 2214 1227 2457 1294; x_wconf 87' lang='grc' dir='ltr'><strong><em>γαστρὸς</em></strong></span> 
     </span>
     <span class='ocr_line' id='line_1_13' title="bbox 355 1308 2456 1383; baseline -0.001 -20"><span class='ocrx_word' id='word_1_128' title='bbox 355 1310 449 1363; x_wconf 90' lang='grc' dir='ltr'><strong><em>δεῖ</em></strong></span> <span class='ocrx_word' id='word_1_129' title='bbox 479 1309 760 1383; x_wconf 89' lang='grc' dir='ltr'><strong><em>πληγέντα</em></strong></span> <span class='ocrx_word' id='word_1_130' title='bbox 800 1314 1151 1378; x_wconf 74' lang='grc' dir='ltr'><strong><em>ἀποθανεῖν,</em></strong></span> <span class='ocrx_word' id='word_1_131' title='bbox 1199 1319 1399 1365; x_wconf 83' lang='grc' dir='ltr'><strong><em>τοῦτον</em></strong></span> <span class='ocrx_word' id='word_1_132' title='bbox 1451 1311 1509 1364; x_wconf 81' lang='grc' dir='ltr'><strong><em>δὲ</em></strong></span> <span class='ocrx_word' id='word_1_133' title='bbox 1561 1311 1655 1365; x_wconf 85' lang='grc' dir='ltr'><strong><em>διὰ</em></strong></span> <span class='ocrx_word' id='word_1_134' title='bbox 1694 1320 1805 1365; x_wconf 87' lang='grc' dir='ltr'><strong><em>τῶν</em></strong></span> <span class='ocrx_word' id='word_1_135' title='bbox 1845 1311 2108 1367; x_wconf 79' lang='grc' dir='ltr'><strong><em>αἰδοίων,</em></strong></span> <span class='ocrx_word' id='word_1_136' title='bbox 2157 1317 2356 1362; x_wconf 85' lang='grc' dir='ltr'><strong><em>τοῦτον</em></strong></span> <span class='ocrx_word' id='word_1_137' title='bbox 2397 1308 2456 1361; x_wconf 81' lang='grc' dir='ltr'><strong><em>δὲ</em></strong></span> 
     </span>
     <span class='ocr_line' id='line_1_14' title="bbox 269 1393 2457 1470; baseline -0.002 -20"><span class='ocrx_word' id='word_1_138' title='bbox 269 1400 336 1450; x_wconf 82' lang='lat'><strong><em>22</em></strong></span> <span class='ocrx_word' id='word_1_139' title='bbox 359 1394 452 1448; x_wconf 84' lang='grc' dir='ltr'><strong><em>διὰ</em></strong></span> <span class='ocrx_word' id='word_1_140' title='bbox 490 1403 592 1448; x_wconf 84' lang='grc' dir='ltr'><strong><em>τοῦ</em></strong></span> <span class='ocrx_word' id='word_1_141' title='bbox 629 1400 923 1465; x_wconf 88' lang='grc' dir='ltr'><strong><em>στόματος.</em></strong></span> <span class='ocrx_word' id='word_1_142' title='bbox 985 1400 1059 1470; x_wconf 84' lang='grc' dir='ltr'><strong><em>μὴ</em></strong></span> <span class='ocrx_word' id='word_1_143' title='bbox 1103 1398 1198 1450; x_wconf 82' lang='grc' dir='ltr'><strong><em>οὖν</em></strong></span> <span class='ocrx_word' id='word_1_144' title='bbox 1235 1400 1365 1465; x_wconf 87' lang='grc' dir='ltr'><strong><em>ύμῖν</em></strong></span> <span class='ocrx_word' id='word_1_145' title='bbox 1404 1400 1525 1468; x_wconf 85' lang='grc' dir='ltr'><strong><em>εἰκῇ</em></strong></span> <span class='ocrx_word' id='word_1_146' title='bbox 1564 1396 1724 1450; x_wconf 89' lang='grc' dir='ltr'><strong><em>δοκεῖ</em></strong></span> <span class='ocrx_word' id='word_1_147' title='bbox 1737 1393 1983 1469; x_wconf 88' lang='grc' dir='ltr'><strong><em>Ὅμηρος</em></strong></span> <span class='ocrx_word' id='word_1_148' title='bbox 2023 1400 2210 1450; x_wconf 82' lang='grc' dir='ltr'><strong><em>ὁτιοῦν</em></strong></span> <span class='ocrx_word' id='word_1_149' title='bbox 2251 1394 2457 1464; x_wconf 85' lang='grc' dir='ltr'><strong><em>λέγειν,·</em></strong></span> 
     </span>
     <span class='ocr_line' id='line_1_15' title="bbox 356 1481 2456 1555; baseline -0 -23"><span class='ocrx_word' id='word_1_150' title='bbox 356 1483 418 1532; x_wconf 84' lang='grc' dir='ltr'><strong><em>οὐ</em></strong></span> <span class='ocrx_word' id='word_1_151' title='bbox 457 1483 644 1534; x_wconf 89' lang='grc' dir='ltr'><strong><em>τοίνυν</em></strong></span> <span class='ocrx_word' id='word_1_152' title='bbox 685 1481 812 1534; x_wconf 81' lang='grc' dir='ltr'><strong><em>οὐδὲ</em></strong></span> <span class='ocrx_word' id='word_1_153' title='bbox 838 1486 1141 1554; x_wconf 81' lang='grc' dir='ltr'><strong><em>Σωκράτης</em></strong></span> <span class='ocrx_word' id='word_1_154' title='bbox 1167 1481 1354 1546; x_wconf 80' lang='grc' dir='ltr'><strong><em>ἄλλως</em></strong></span> <span class='ocrx_word' id='word_1_155' title='bbox 1379 1485 1576 1555; x_wconf 80' lang='grc' dir='ltr'><strong><em>ἐχρῆτο</em></strong></span> <span class='ocrx_word' id='word_1_156' title='bbox 1604 1489 1726 1546; x_wconf 88' lang='grc' dir='ltr'><strong><em>τοῖς</em></strong></span> <span class='ocrx_word' id='word_1_157' title='bbox 1755 1482 1942 1552; x_wconf 89' lang='grc' dir='ltr'><strong><em>λόγοις</em></strong></span> <span class='ocrx_word' id='word_1_158' title='bbox 1969 1481 2096 1535; x_wconf 82' lang='grc' dir='ltr'><strong><em>οὐδὲ</em></strong></span> <span class='ocrx_word' id='word_1_159' title='bbox 2124 1486 2246 1544; x_wconf 93' lang='grc' dir='ltr'><strong><em>τοῖς</em></strong></span> <span class='ocrx_word' id='word_1_160' title='bbox 2273 1498 2456 1551; x_wconf 90' lang='grc' dir='ltr'><strong><em>παρα-</em></strong></span> 
     </span>
     <span class='ocr_line' id='line_1_16' title="bbox 356 1562 2547 1639; baseline -0.002 -20"><span class='ocrx_word' id='word_1_161' title='bbox 356 1565 674 1636; x_wconf 88' lang='grc' dir='ltr'><strong><em>δείγμασιν,</em></strong></span> <span class='ocrx_word' id='word_1_162' title='bbox 725 1562 854 1620; x_wconf 76' lang='grc' dir='ltr'><strong><em>ἀλλ’</em></strong></span> <span class='ocrx_word' id='word_1_163' title='bbox 900 1562 1109 1637; x_wconf 82' lang='grc' dir='ltr'><strong><em>Ἀνύτῳ</em></strong></span> <span class='ocrx_word' id='word_1_164' title='bbox 1161 1571 1263 1636; x_wconf 80' lang='grc' dir='ltr'><strong><em>μὲν</em></strong></span> <span class='ocrx_word' id='word_1_165' title='bbox 1303 1567 1697 1637; x_wconf 87' lang='grc' dir='ltr'><strong><em>διαλεγόμενος</em></strong></span> <span class='ocrx_word' id='word_1_166' title='bbox 1743 1571 1995 1639; x_wconf 81' lang='grc' dir='ltr'><strong><em>βυρσέων</em></strong></span> <span class='ocrx_word' id='word_1_167' title='bbox 2044 1571 2319 1638; x_wconf 80' lang='grc' dir='ltr'><strong><em>ἐμέμνητο</em></strong></span> <span class='ocrx_word' id='word_1_168' title='bbox 2367 1567 2461 1617; x_wconf 82' lang='grc' dir='ltr'><strong><em>καὶ</em></strong></span> <span class='ocrx_word' id='word_1_169' title='bbox 2498 1573 2547 1616; x_wconf 83' lang='grc'><strong><em>15</em></strong></span> 
     </span>
     <span class='ocr_line' id='line_1_17' title="bbox 357 1652 2455 1722; baseline -0 -19"><span class='ocrx_word' id='word_1_170' title='bbox 357 1656 736 1720; x_wconf 87' lang='grc' dir='ltr'><strong><em>σκυτοτόμων.</em></strong></span> <span class='ocrx_word' id='word_1_171' title='bbox 777 1655 828 1706; x_wconf 84' lang='grc' dir='ltr'><strong><em>εἰ</em></strong></span> <span class='ocrx_word' id='word_1_172' title='bbox 867 1652 926 1706; x_wconf 82' lang='grc' dir='ltr'><strong><em>δὲ</em></strong></span> <span class='ocrx_word' id='word_1_173' title='bbox 965 1652 1256 1706; x_wconf 81' lang='grc' dir='ltr'><strong><em>Λυσικλεῖ</em></strong></span> <span class='ocrx_word' id='word_1_174' title='bbox 1286 1652 1622 1722; x_wconf 87' lang='grc' dir='ltr'><strong><em>διαλέγοιτο,</em></strong></span> <span class='ocrx_word' id='word_1_175' title='bbox 1663 1656 1877 1721; x_wconf 83' lang='grc' dir='ltr'><strong><em>ἀμνίων</em></strong></span> <span class='ocrx_word' id='word_1_176' title='bbox 1914 1656 2009 1706; x_wconf 82' lang='grc' dir='ltr'><strong><em>καὶ</em></strong></span> <span class='ocrx_word' id='word_1_177' title='bbox 2044 1652 2292 1705; x_wconf 89' lang='grc' dir='ltr'><strong><em>κωδίων·</em></strong></span> <span class='ocrx_word' id='word_1_178' title='bbox 2332 1653 2455 1703; x_wconf 86' lang='grc' dir='ltr'><strong><em>Λύ-</em></strong></span> 
     </span>
     <span class='ocr_line' id='line_1_18' title="bbox 351 1727 2679 1810; baseline -0.001 -22"><span class='ocrx_word' id='word_1_179' title='bbox 351 1755 489 1789; x_wconf 90' lang='grc' dir='ltr'><strong><em>κωνι</em></strong></span> <span class='ocrx_word' id='word_1_180' title='bbox 527 1736 586 1789; x_wconf 86' lang='grc' dir='ltr'><strong><em>δὲ</em></strong></span> <span class='ocrx_word' id='word_1_181' title='bbox 626 1737 794 1791; x_wconf 87' lang='grc' dir='ltr'><strong><em>δικῶν</em></strong></span> <span class='ocrx_word' id='word_1_182' title='bbox 830 1741 924 1791; x_wconf 85' lang='grc' dir='ltr'><strong><em>καὶ</em></strong></span> <span class='ocrx_word' id='word_1_183' title='bbox 960 1741 1495 1810; x_wconf 79' lang='grc' dir='ltr'><strong><em>συκοφαντημάτων,</em></strong></span> <span class='ocrx_word' id='word_1_184' title='bbox 1534 1740 1771 1790; x_wconf 89' lang='grc' dir='ltr'><strong><em>Μένωνι</em></strong></span> <span class='ocrx_word' id='word_1_185' title='bbox 1810 1737 1868 1790; x_wconf 84' lang='grc' dir='ltr'><strong><em>δὲ</em></strong></span> <span class='ocrx_word' id='word_1_186' title='bbox 1907 1737 1987 1806; x_wconf 74' lang='grc' dir='ltr'><strong><em>τῷ</em></strong></span> <span class='ocrx_word' id='word_1_187' title='bbox 2018 1735 2283 1805; x_wconf 73' lang='grc' dir='ltr'><strong><em>Θετταλῷ</em></strong></span> <span class='ocrx_word' id='word_1_188' title='bbox 2324 1727 2679 1806; x_wconf 53' lang='grc' dir='ltr'><strong><em>περιωθοΒιή</em></strong></span> 
     </span>
     <span class='ocr_line' id='line_1_19' title="bbox 354 1819 2457 1895; baseline -0.001 -22"><span class='ocrx_word' id='word_1_189' title='bbox 354 1825 605 1890; x_wconf 78' lang='grc' dir='ltr'><strong><em>ἐραστῶν</em></strong></span> <span class='ocrx_word' id='word_1_190' title='bbox 640 1826 735 1876; x_wconf 81' lang='grc' dir='ltr'><strong><em>καὶ</em></strong></span> <span class='ocrx_word' id='word_1_191' title='bbox 770 1826 1083 1895; x_wconf 83' lang='grc' dir='ltr'><strong><em>ἐρωμένων.</em></strong></span> <span class='ocrx_word' id='word_1_192' title='bbox 1161 1819 1246 1893; x_wconf 80' lang='grc' dir='ltr'><strong><em>[ού</em></strong></span> <span class='ocrx_word' id='word_1_193' title='bbox 1284 1829 1481 1891; x_wconf 91' lang='grc' dir='ltr'><strong><em>μέντοι</em></strong></span> <span class='ocrx_word' id='word_1_194' title='bbox 1520 1822 1661 1875; x_wconf 88' lang='grc' dir='ltr'><strong><em>ἀλλά</em></strong></span> <span class='ocrx_word' id='word_1_195' title='bbox 1700 1827 1794 1876; x_wconf 85' lang='grc' dir='ltr'><strong><em>καὶ</em></strong></span> <span class='ocrx_word' id='word_1_196' title='bbox 1831 1822 2016 1875; x_wconf 83' lang='grc' dir='ltr'><strong><em>ἄλλων</em></strong></span> <span class='ocrx_word' id='word_1_197' title='bbox 2055 1824 2234 1875; x_wconf 79' lang='grc' dir='ltr'><strong><em>ἐνίοτε</em></strong></span> <span class='ocrx_word' id='word_1_198' title='bbox 2273 1837 2457 1891; x_wconf 91' lang='grc' dir='ltr'><strong><em>παρα-</em></strong></span> 
     </span>
     <span class='ocr_line' id='line_1_20' title="bbox 356 1906 2458 1981; baseline -0.001 -22"><span class='ocrx_word' id='word_1_199' title='bbox 356 1907 667 1976; x_wconf 87' lang='grc' dir='ltr'><strong><em>δειγμάτων</em></strong></span> <span class='ocrx_word' id='word_1_200' title='bbox 715 1911 971 1980; x_wconf 83' lang='grc' dir='ltr'><strong><em>εὐπόρει,</em></strong></span> <span class='ocrx_word' id='word_1_201' title='bbox 1023 1908 1225 1981; x_wconf 89' lang='grc' dir='ltr'><strong><em>φίλους</em></strong></span> <span class='ocrx_word' id='word_1_202' title='bbox 1271 1912 1373 1977; x_wconf 83' lang='grc' dir='ltr'><strong><em>μὲν</em></strong></span> <span class='ocrx_word' id='word_1_203' title='bbox 1424 1907 1713 1977; x_wconf 81' lang='grc' dir='ltr'><strong><em>ὀνομάζων</em></strong></span> <span class='ocrx_word' id='word_1_204' title='bbox 1759 1911 1853 1961; x_wconf 84' lang='grc' dir='ltr'><strong><em>καὶ</em></strong></span> <span class='ocrx_word' id='word_1_205' title='bbox 1893 1906 2121 1980; x_wconf 79' lang='grc' dir='ltr'><strong><em>φιλίαν,</em></strong></span> <span class='ocrx_word' id='word_1_206' title='bbox 2171 1909 2263 1958; x_wconf 86' lang='grc' dir='ltr'><strong><em>ὅτε</em></strong></span> <span class='ocrx_word' id='word_1_207' title='bbox 2311 1908 2458 1976; x_wconf 86' lang='grc' dir='ltr'><strong><em>πρὸς</em></strong></span> 
     </span>
     <span class='ocr_line' id='line_1_21' title="bbox 354 1988 2535 2067; baseline -0.001 -22"><span class='ocrx_word' id='word_1_208' title='bbox 354 1997 542 2046; x_wconf 83' lang='grc' dir='ltr'><strong><em>Λῦσιν</em></strong></span> <span class='ocrx_word' id='word_1_209' title='bbox 581 1988 915 2062; x_wconf 89' lang='grc' dir='ltr'><strong><em>διαλέγοιτο,</em></strong></span> <span class='ocrx_word' id='word_1_210' title='bbox 954 1997 1087 2065; x_wconf 86' lang='grc' dir='ltr'><strong><em>περὶ</em></strong></span> <span class='ocrx_word' id='word_1_211' title='bbox 1126 1997 1498 2067; x_wconf 91' lang='grc' dir='ltr'><strong><em>σωφροσύνης</em></strong></span> <span class='ocrx_word' id='word_1_212' title='bbox 1537 1994 1596 2047; x_wconf 83' lang='grc' dir='ltr'><strong><em>δὲ</em></strong></span> <span class='ocrx_word' id='word_1_213' title='bbox 1634 1993 1902 2064; x_wconf 87' lang='grc' dir='ltr'><strong><em>Χαρμίδῃ</em></strong></span> <span class='ocrx_word' id='word_1_214' title='bbox 1944 1988 2375 2062; x_wconf 70' lang='grc' dir='ltr'><strong><em>διαλεγόμενος]</em></strong></span> <span class='ocrx_word' id='word_1_215' title='bbox 2487 1999 2535 2042; x_wconf 78' lang='grc'><strong><em>20</em></strong></span> 
     </span>
    </p>
   </div>
   <div class='ocr_carea' id='block_1_3' title="bbox 338 2223 2456 3267">
    <p class='ocr_par' dir='ltr' id='par_1_3' title="bbox 338 2223 2456 2772">
     <span class='ocr_line' id='line_1_22' title="bbox 500 2223 2342 2290; baseline 0.003 -19"><span class='ocrx_word' id='word_1_216' title='bbox 500 2230 525 2271; x_wconf 83' lang='grc'>2</span> <span class='ocrx_word' id='word_1_217' title='bbox 556 2230 663 2284; x_wconf 90' lang='lat' dir='ltr'>post</span> <span class='ocrx_word' id='word_1_218' title='bbox 691 2230 775 2275; x_wconf 82' lang='grc' dir='ltr'><strong><em>νῦν</em></strong></span> <span class='ocrx_word' id='word_1_219' title='bbox 802 2240 951 2286; x_wconf 78' lang='lat' dir='ltr'><strong>pauca</strong></span> <span class='ocrx_word' id='word_1_220' title='bbox 984 2229 1193 2273; x_wconf 86' lang='lat' dir='ltr'>videntur</span> <span class='ocrx_word' id='word_1_221' title='bbox 1230 2228 1475 2283; x_wconf 85' lang='lat' dir='ltr'>excidisse,</span> <span class='ocrx_word' id='word_1_222' title='bbox 1515 2241 1554 2273; x_wconf 90' lang='lat' dir='ltr'><strong><em>e.</em></strong></span> <span class='ocrx_word' id='word_1_223' title='bbox 1584 2242 1652 2284; x_wconf 86' lang='lat' dir='ltr'><strong><em>gr.</em></strong></span> <span class='ocrx_word' id='word_1_224' title='bbox 1688 2223 1831 2285; x_wconf 78' lang='grc' dir='ltr'><strong><em>(ἀλλ’</em></strong></span> <span class='ocrx_word' id='word_1_225' title='bbox 1876 2226 1927 2276; x_wconf 72' lang='grc' dir='ltr'><strong><em>ἔν</em></strong></span> <span class='ocrx_word' id='word_1_226' title='bbox 1962 2247 2018 2290; x_wconf 85' lang='grc' dir='ltr'><strong><em>γε</em></strong></span> <span class='ocrx_word' id='word_1_227' title='bbox 2057 2238 2161 2285; x_wconf 86' lang='grc' dir='ltr'><strong><em>τοῖς</em></strong></span> <span class='ocrx_word' id='word_1_228' title='bbox 2199 2228 2342 2287; x_wconf 81' lang='grc' dir='ltr'><strong><em>τότε)</em></strong></span> 
     </span>
     <span class='ocr_line' id='line_1_23' title="bbox 338 2298 2456 2361; baseline 0.002 -18"><span class='ocrx_word' id='word_1_229' title='bbox 338 2302 382 2343; x_wconf 90' lang='grc'><strong><em>-3</em></strong></span> <span class='ocrx_word' id='word_1_230' title='bbox 413 2298 611 2359; x_wconf 82' lang='grc' dir='ltr'><strong><em>τοξότης</em></strong></span> <span class='ocrx_word' id='word_1_231' title='bbox 638 2298 722 2345; x_wconf 88' lang='lat' dir='ltr'><strong><em>UB</em></strong></span> <span class='ocrx_word' id='word_1_232' title='bbox 885 2304 913 2344; x_wconf 86' lang='lat'>4</span> <span class='ocrx_word' id='word_1_233' title='bbox 943 2302 1109 2358; x_wconf 76' lang='grc' dir='ltr'><strong><em>νευρῆς</em></strong></span> <span class='ocrx_word' id='word_1_234' title='bbox 1136 2299 1187 2344; x_wconf 88' lang='grc' dir='ltr'><strong>Μ</strong></span> <span class='ocrx_word' id='word_1_235' title='bbox 1358 2298 1598 2360; x_wconf 81' lang='grc' dir='ltr'><strong><em>ἐπιχρίσαι</em></strong></span> <span class='ocrx_word' id='word_1_236' title='bbox 1626 2300 1708 2346; x_wconf 84' lang='lat' dir='ltr'><strong><em>UB</em></strong></span> <span class='ocrx_word' id='word_1_237' title='bbox 1738 2300 2004 2361; x_wconf 80' lang='grc' dir='ltr'><strong><em>ἐπιχρεῐσαι</em></strong></span> <span class='ocrx_word' id='word_1_238' title='bbox 2033 2301 2083 2345; x_wconf 90' lang='grc' dir='ltr'><strong>Μ</strong></span> <span class='ocrx_word' id='word_1_239' title='bbox 2254 2307 2278 2346; x_wconf 89' lang='lat'>5</span> <span class='ocrx_word' id='word_1_240' title='bbox 2310 2300 2456 2360; x_wconf 79' lang='grc' dir='ltr'><strong><em>ἐρῶν-</em></strong></span> 
     </span>
     <span class='ocr_line' id='line_1_24' title="bbox 356 2367 2456 2430; baseline -0 -12"><span class='ocrx_word' id='word_1_241' title='bbox 356 2388 441 2425; x_wconf 86' lang='grc' dir='ltr'><strong><em>τος</em></strong></span> <span class='ocrx_word' id='word_1_242' title='bbox 460 2371 497 2415; x_wconf 89' lang='grc' dir='ltr'>Ρ</span> <span class='ocrx_word' id='word_1_243' title='bbox 612 2376 635 2415; x_wconf 88' lang='lat'><strong>7</strong></span> <span class='ocrx_word' id='word_1_244' title='bbox 670 2367 831 2429; x_wconf 85' lang='grc' dir='ltr'><strong><em>στήσει</em></strong></span> <span class='ocrx_word' id='word_1_245' title='bbox 860 2370 909 2414; x_wconf 90' lang='grc' dir='ltr'>Μ</span> <span class='ocrx_word' id='word_1_246' title='bbox 939 2368 1103 2429; x_wconf 85' lang='grc' dir='ltr'><strong><em>στήσηι</em></strong></span> <span class='ocrx_word' id='word_1_247' title='bbox 1124 2370 1165 2416; x_wconf 90' lang='lat' dir='ltr'>U</span> <span class='ocrx_word' id='word_1_248' title='bbox 1195 2367 1343 2429; x_wconf 88' lang='grc' dir='ltr'><strong><em>στήση</em></strong></span> <span class='ocrx_word' id='word_1_249' title='bbox 1363 2371 1402 2414; x_wconf 94' lang='grc' dir='ltr'>Β</span> <span class='ocrx_word' id='word_1_250' title='bbox 1433 2367 1619 2430; x_wconf 81' lang='grc' dir='ltr'><strong><em>στήσειε</em></strong></span> <span class='ocrx_word' id='word_1_251' title='bbox 1649 2371 1730 2415; x_wconf 91' lang='grc' dir='ltr'><strong><em>ΡΗ</em></strong></span> <span class='ocrx_word' id='word_1_252' title='bbox 1846 2374 2013 2427; x_wconf 76' lang='grc' dir='ltr'><strong><em>ξυνιείς</em></strong></span> <span class='ocrx_word' id='word_1_253' title='bbox 2040 2372 2122 2417; x_wconf 90' lang='grc' dir='ltr'><strong><em>ΗΡ</em></strong></span> <span class='ocrx_word' id='word_1_254' title='bbox 2153 2374 2299 2427; x_wconf 83' lang='grc' dir='ltr'><strong><em>ξυνείς</em></strong></span> <span class='ocrx_word' id='word_1_255' title='bbox 2324 2372 2456 2417; x_wconf 86' lang='lat' dir='ltr'><strong><em>MBU</em></strong></span> 
     </span>
     <span class='ocr_line' id='line_1_25' title="bbox 357 2433 2455 2499; baseline 0 -13"><span class='ocrx_word' id='word_1_256' title='bbox 357 2456 416 2486; x_wconf 88' lang='lat' dir='ltr'><strong><em>m.</em></strong></span> <span class='ocrx_word' id='word_1_257' title='bbox 447 2455 514 2499; x_wconf 89' lang='lat' dir='ltr'><strong><em>pr.</em></strong></span> <span class='ocrx_word' id='word_1_258' title='bbox 661 2433 793 2499; x_wconf 78' lang='grc' dir='ltr'><strong><em>ὅμως</em></strong></span> <span class='ocrx_word' id='word_1_259' title='bbox 820 2441 940 2497; x_wconf 87' lang='lat' dir='ltr'>libri,</span> <span class='ocrx_word' id='word_1_260' title='bbox 972 2437 1154 2498; x_wconf 80' lang='grc' dir='ltr'><strong><em>ὁμοίως</em></strong></span> <span class='ocrx_word' id='word_1_261' title='bbox 1185 2441 1404 2499; x_wconf 64' lang='lat' dir='ltr'>casaub„</span> <span class='ocrx_word' id='word_1_262' title='bbox 1435 2439 1573 2496; x_wconf 74' lang='grc' dir='ltr'><strong><em>τέλος</em></strong></span> <span class='ocrx_word' id='word_1_263' title='bbox 1602 2442 1651 2489; x_wconf 82' lang='grc' dir='ltr'><strong><em>δὲ</em></strong></span> <span class='ocrx_word' id='word_1_264' title='bbox 1680 2456 1762 2499; x_wconf 87' lang='lat' dir='ltr'><strong><em>ego</em></strong></span> <span class='ocrx_word' id='word_1_265' title='bbox 1908 2447 1933 2488; x_wconf 89' lang='lat'>8</span> <span class='ocrx_word' id='word_1_266' title='bbox 1963 2446 2140 2490; x_wconf 84' lang='grc' dir='ltr'><strong><em>τοῦτον</em></strong></span> <span class='ocrx_word' id='word_1_267' title='bbox 2168 2446 2249 2489; x_wconf 80' lang='grc' dir='ltr'><strong><em>καὶ</em></strong></span> <span class='ocrx_word' id='word_1_268' title='bbox 2278 2443 2455 2499; x_wconf 84' lang='lat' dir='ltr'>scripsi,</span> 
     </span>
     <span class='ocr_line' id='line_1_26' title="bbox 356 2505 2453 2573; baseline -0.001 -13"><span class='ocrx_word' id='word_1_269' title='bbox 356 2516 438 2560; x_wconf 80' lang='grc' dir='ltr'><strong><em>καὶ</em></strong></span> <span class='ocrx_word' id='word_1_270' title='bbox 468 2515 642 2560; x_wconf 86' lang='grc' dir='ltr'><strong><em>τοῦτον</em></strong></span> <span class='ocrx_word' id='word_1_271' title='bbox 670 2512 773 2557; x_wconf 90' lang='lat' dir='ltr'>libri</span> <span class='ocrx_word' id='word_1_272' title='bbox 887 2516 1034 2569; x_wconf 83' lang='grc' dir='ltr'><strong><em>λεμοῦ</em></strong></span> <span class='ocrx_word' id='word_1_273' title='bbox 1063 2513 1127 2571; x_wconf 90' lang='grc' dir='ltr'><strong><em>Μ,</em></strong></span> <span class='ocrx_word' id='word_1_274' title='bbox 1156 2513 1203 2557; x_wconf 91' lang='lat' dir='ltr'><strong><em>in</em></strong></span> <span class='ocrx_word' id='word_1_275' title='bbox 1231 2512 1274 2558; x_wconf 92' lang='lat' dir='ltr'>U</span> <span class='ocrx_word' id='word_1_276' title='bbox 1305 2530 1354 2559; x_wconf 89' lang='grc' dir='ltr'><strong><em>αι</em></strong></span> <span class='ocrx_word' id='word_1_277' title='bbox 1382 2525 1411 2557; x_wconf 79' lang='lat' dir='ltr'>a</span> <span class='ocrx_word' id='word_1_278' title='bbox 1440 2526 1557 2559; x_wconf 88' lang='lat' dir='ltr'>corr.</span> <span class='ocrx_word' id='word_1_279' title='bbox 1693 2517 1719 2559; x_wconf 83' lang='lat'>9</span> <span class='ocrx_word' id='word_1_280' title='bbox 1751 2505 1916 2573; x_wconf 73' lang='grc' dir='ltr'><strong><em>ὥσπερ</em></strong></span> <span class='ocrx_word' id='word_1_281' title='bbox 1947 2527 2036 2560; x_wconf 91' lang='lat' dir='ltr'><strong><em>om.</em></strong></span> <span class='ocrx_word' id='word_1_282' title='bbox 2065 2515 2102 2559; x_wconf 93' lang='lat' dir='ltr'><strong>P</strong></span> <span class='ocrx_word' id='word_1_283' title='bbox 2229 2519 2280 2559; x_wconf 90' lang='grc'><strong><em>10</em></strong></span> <span class='ocrx_word' id='word_1_284' title='bbox 2311 2511 2338 2572; x_wconf 75' lang='grc' dir='ltr'>ἡ</span> <span class='ocrx_word' id='word_1_285' title='bbox 2368 2527 2453 2571; x_wconf 86' lang='lat' dir='ltr'><strong><em>pro</em></strong></span> 
     </span>
     <span class='ocr_line' id='line_1_27' title="bbox 359 2584 2453 2643; baseline 0 -12"><span class='ocrx_word' id='word_1_286' title='bbox 359 2584 405 2631; x_wconf 84' lang='grc' dir='ltr'><strong><em>εἰ</em></strong></span> <span class='ocrx_word' id='word_1_287' title='bbox 430 2584 471 2630; x_wconf 89' lang='lat' dir='ltr'><strong>U</strong></span> <span class='ocrx_word' id='word_1_288' title='bbox 500 2597 559 2628; x_wconf 89' lang='lat' dir='ltr'><strong><em>m.</em></strong></span> <span class='ocrx_word' id='word_1_289' title='bbox 590 2597 675 2641; x_wconf 72' lang='lat' dir='ltr'><strong><em>pr„</em></strong></span> <span class='ocrx_word' id='word_1_290' title='bbox 707 2588 750 2630; x_wconf 83' lang='grc' dir='ltr'><strong><em>εἰ</em></strong></span> <span class='ocrx_word' id='word_1_291' title='bbox 776 2585 856 2629; x_wconf 86' lang='grc' dir='ltr'><strong><em>καὶ</em></strong></span> <span class='ocrx_word' id='word_1_292' title='bbox 886 2584 967 2629; x_wconf 90' lang='grc' dir='ltr'><strong><em>ΗΡ</em></strong></span> <span class='ocrx_word' id='word_1_293' title='bbox 1091 2585 1142 2628; x_wconf 87' lang='grc'><strong><em>12</em></strong></span> <span class='ocrx_word' id='word_1_294' title='bbox 1173 2584 1222 2630; x_wconf 80' lang='grc' dir='ltr'><strong><em>δὲ</em></strong></span> <span class='ocrx_word' id='word_1_295' title='bbox 1250 2584 1441 2629; x_wconf 78' lang='lat' dir='ltr'>alterum</span> <span class='ocrx_word' id='word_1_296' title='bbox 1471 2597 1556 2629; x_wconf 90' lang='lat' dir='ltr'><strong><em>om.</em></strong></span> <span class='ocrx_word' id='word_1_297' title='bbox 1587 2584 1669 2630; x_wconf 82' lang='grc' dir='ltr'><strong><em>ΠΒ</em></strong></span> <span class='ocrx_word' id='word_1_298' title='bbox 1773 2588 1824 2629; x_wconf 87' lang='grc'><strong><em>13</em></strong></span> <span class='ocrx_word' id='word_1_299' title='bbox 1855 2587 1974 2643; x_wconf 80' lang='grc' dir='ltr'><strong><em>δοκῇ</em></strong></span> <span class='ocrx_word' id='word_1_300' title='bbox 2001 2585 2084 2632; x_wconf 92' lang='lat' dir='ltr'><strong><em>UB</em></strong></span> <span class='ocrx_word' id='word_1_301' title='bbox 2181 2589 2235 2629; x_wconf 85' lang='lat'><strong><em>14</em></strong></span> <span class='ocrx_word' id='word_1_302' title='bbox 2265 2593 2370 2639; x_wconf 85' lang='grc' dir='ltr'><strong><em>τοῖς</em></strong></span> <span class='ocrx_word' id='word_1_303' title='bbox 2399 2611 2453 2618; x_wconf 89' lang='lat'><strong><em>—-</em></strong></span> 
     </span>
     <span class='ocr_line' id='line_1_28' title="bbox 360 2648 2454 2717; baseline 0 -14"><span class='ocrx_word' id='word_1_304' title='bbox 360 2649 468 2703; x_wconf 74' lang='grc' dir='ltr'><strong><em>οὐδὲ</em></strong></span> <span class='ocrx_word' id='word_1_305' title='bbox 498 2668 583 2699; x_wconf 91' lang='lat' dir='ltr'><strong><em>om.</em></strong></span> <span class='ocrx_word' id='word_1_306' title='bbox 615 2655 651 2699; x_wconf 92' lang='lat' dir='ltr'>P</span> <span class='ocrx_word' id='word_1_307' title='bbox 827 2658 879 2699; x_wconf 91' lang='lat'><strong><em>15</em></strong></span> <span class='ocrx_word' id='word_1_308' title='bbox 910 2648 1020 2702; x_wconf 78' lang='grc' dir='ltr'><strong><em>ἀλλ’</em></strong></span> <span class='ocrx_word' id='word_1_309' title='bbox 1053 2649 1184 2717; x_wconf 78' lang='grc' dir='ltr'><strong><em>αὐτῷ</em></strong></span> <span class='ocrx_word' id='word_1_310' title='bbox 1220 2655 1307 2712; x_wconf 80' lang='grc' dir='ltr'><strong><em>μὲν</em></strong></span> <span class='ocrx_word' id='word_1_311' title='bbox 1336 2655 1467 2701; x_wconf 87' lang='lat' dir='ltr'><strong><em>BMU</em></strong></span> <span class='ocrx_word' id='word_1_312' title='bbox 1497 2668 1557 2700; x_wconf 89' lang='lat' dir='ltr'><strong><em>m.</em></strong></span> <span class='ocrx_word' id='word_1_313' title='bbox 1587 2669 1657 2713; x_wconf 88' lang='lat' dir='ltr'><strong><em>pr.</em></strong></span> <span class='ocrx_word' id='word_1_314' title='bbox 1688 2650 1882 2711; x_wconf 80' lang='grc' dir='ltr'><strong><em>(ἀνύτωι</em></strong></span> <span class='ocrx_word' id='word_1_315' title='bbox 1921 2670 1949 2702; x_wconf 83' lang='lat' dir='ltr'><strong>a</strong></span> <span class='ocrx_word' id='word_1_316' title='bbox 1979 2661 2112 2709; x_wconf 87' lang='lat' dir='ltr'>corr.)</span> <span class='ocrx_word' id='word_1_317' title='bbox 2145 2651 2256 2704; x_wconf 79' lang='grc' dir='ltr'><strong><em>ἀλλ’</em></strong></span> <span class='ocrx_word' id='word_1_318' title='bbox 2295 2654 2454 2704; x_wconf 82' lang='grc' dir='ltr'><strong><em>ἀνύτω</em></strong></span> 
     </span>
     <span class='ocr_line' id='line_1_29' title="bbox 447 2743 575 2772; baseline -0.008 0"><span class='ocrx_word' id='word_1_319' title='bbox 447 2743 575 2772; x_wconf 77' lang='grc' dir='ltr'><strong><em>αυῒω</em></strong></span> 
     </span>
    </p>

    <p class='ocr_par' dir='ltr' id='par_1_4' title="bbox 357 2779 2453 3267">
     <span class='ocr_line' id='line_1_30' title="bbox 359 2779 2453 2843; baseline -0.001 -13"><span class='ocrx_word' id='word_1_320' title='bbox 359 2780 482 2842; x_wconf 84' lang='grc' dir='ltr'><strong><em>τάχα</em></strong></span> <span class='ocrx_word' id='word_1_321' title='bbox 512 2783 600 2840; x_wconf 84' lang='grc' dir='ltr'><strong><em>μὲν</em></strong></span> <span class='ocrx_word' id='word_1_322' title='bbox 629 2783 748 2838; x_wconf 72' lang='lat' dir='ltr'>(sici)</span> <span class='ocrx_word' id='word_1_323' title='bbox 779 2783 821 2826; x_wconf 91' lang='lat' dir='ltr'>H</span> <span class='ocrx_word' id='word_1_324' title='bbox 851 2779 1009 2830; x_wconf 83' lang='grc' dir='ltr'><strong><em>ἀνὺτω</em></strong></span> <span class='ocrx_word' id='word_1_325' title='bbox 1040 2780 1165 2841; x_wconf 84' lang='grc' dir='ltr'><strong><em>τάχα</em></strong></span> <span class='ocrx_word' id='word_1_326' title='bbox 1194 2782 1281 2840; x_wconf 81' lang='grc' dir='ltr'><strong><em>μὲν</em></strong></span> <span class='ocrx_word' id='word_1_327' title='bbox 1311 2783 1346 2826; x_wconf 89' lang='lat' dir='ltr'>P</span> <span class='ocrx_word' id='word_1_328' title='bbox 1443 2786 1495 2827; x_wconf 89' lang='grc'><strong><em>16</em></strong></span> <span class='ocrx_word' id='word_1_329' title='bbox 1525 2779 1791 2843; x_wconf 83' lang='grc' dir='ltr'><strong><em>προβάτων</em></strong></span> <span class='ocrx_word' id='word_1_330' title='bbox 1819 2786 1900 2829; x_wconf 83' lang='grc' dir='ltr'><strong><em>καὶ</em></strong></span> <span class='ocrx_word' id='word_1_331' title='bbox 1930 2780 2160 2841; x_wconf 84' lang='grc' dir='ltr'><strong><em>καπήλων</em></strong></span> <span class='ocrx_word' id='word_1_332' title='bbox 2188 2783 2306 2836; x_wconf 88' lang='lat' dir='ltr'>libri,</span> <span class='ocrx_word' id='word_1_333' title='bbox 2338 2795 2453 2840; x_wconf 82' lang='lat' dir='ltr'>quae</span> 
     </span>
     <span class='ocr_line' id='line_1_31' title="bbox 359 2850 2453 2916; baseline 0 -18"><span class='ocrx_word' id='word_1_334' title='bbox 359 2866 415 2898; x_wconf 88' lang='lat' dir='ltr'><strong><em>ex</em></strong></span> <span class='ocrx_word' id='word_1_335' title='bbox 443 2853 710 2910; x_wconf 83' lang='lat' dir='ltr'><strong>glossemate</strong></span> <span class='ocrx_word' id='word_1_336' title='bbox 740 2850 1161 2916; x_wconf 83' lang='grc' dir='ltr'><strong><em>προβατοκαπήλῳ</em></strong></span> <span class='ocrx_word' id='word_1_337' title='bbox 1189 2854 1247 2898; x_wconf 82' lang='lat' dir='ltr'><strong><em>ad</em></strong></span> <span class='ocrx_word' id='word_1_338' title='bbox 1267 2857 1496 2900; x_wconf 85' lang='grc' dir='ltr'><strong><em>Λυσικλεῖ</em></strong></span> <span class='ocrx_word' id='word_1_339' title='bbox 1519 2855 1774 2911; x_wconf 83' lang='lat' dir='ltr'>pertinente</span> <span class='ocrx_word' id='word_1_340' title='bbox 1804 2859 1905 2898; x_wconf 82' lang='lat' dir='ltr'>orta</span> <span class='ocrx_word' id='word_1_341' title='bbox 1933 2866 2034 2899; x_wconf 85' lang='lat' dir='ltr'>esse</span> <span class='ocrx_word' id='word_1_342' title='bbox 2063 2854 2172 2899; x_wconf 86' lang='lat' dir='ltr'>vidit</span> <span class='ocrx_word' id='word_1_343' title='bbox 2193 2853 2242 2899; x_wconf 87' lang='lat' dir='ltr'><strong><em>C.</em></strong></span> <span class='ocrx_word' id='word_1_344' title='bbox 2264 2854 2317 2899; x_wconf 88' lang='lat' dir='ltr'><strong><em>F.</em></strong></span> <span class='ocrx_word' id='word_1_345' title='bbox 2341 2855 2453 2898; x_wconf 90' lang='lat' dir='ltr'>Her-</span> 
     </span>
     <span class='ocr_line' id='line_1_32' title="bbox 358 2919 2453 2983; baseline 0.001 -14"><span class='ocrx_word' id='word_1_346' title='bbox 358 2937 569 2978; x_wconf 80' lang='lat' dir='ltr'>mannus,</span> <span class='ocrx_word' id='word_1_347' title='bbox 611 2924 711 2969; x_wconf 86' lang='lat' dir='ltr'>coll.</span> <span class='ocrx_word' id='word_1_348' title='bbox 744 2924 862 2970; x_wconf 85' lang='lat' dir='ltr'>Plut.</span> <span class='ocrx_word' id='word_1_349' title='bbox 895 2924 993 2970; x_wconf 91' lang='lat' dir='ltr'>Per.</span> <span class='ocrx_word' id='word_1_350' title='bbox 1025 2928 1102 2981; x_wconf 76' lang='lat'><strong><em>243</em></strong></span> <span class='ocrx_word' id='word_1_351' title='bbox 1138 2937 1220 2981; x_wconf 90' lang='lat' dir='ltr'><strong><em>pro</em></strong></span> <span class='ocrx_word' id='word_1_352' title='bbox 1249 2924 1305 2968; x_wconf 85' lang='lat' dir='ltr'><strong><em>iis</em></strong></span> <span class='ocrx_word' id='word_1_353' title='bbox 1333 2924 1470 2980; x_wconf 85' lang='lat' dir='ltr'>igitur</span> <span class='ocrx_word' id='word_1_354' title='bbox 1498 2924 1677 2983; x_wconf 83' lang='lat' dir='ltr'>posuit,</span> <span class='ocrx_word' id='word_1_355' title='bbox 1714 2937 1829 2982; x_wconf 86' lang='lat' dir='ltr'>quae</span> <span class='ocrx_word' id='word_1_356' title='bbox 1857 2925 1887 2969; x_wconf 86' lang='lat' dir='ltr'><strong><em>l.</em></strong></span> <span class='ocrx_word' id='word_1_357' title='bbox 1922 2928 1971 2969; x_wconf 83' lang='lat'><strong><em>17</em></strong></span> <span class='ocrx_word' id='word_1_358' title='bbox 2003 2925 2239 2970; x_wconf 82' lang='lat' dir='ltr'>abundant</span> <span class='ocrx_word' id='word_1_359' title='bbox 2268 2919 2453 2981; x_wconf 84' lang='grc' dir='ltr'><strong><em>ἀμνίων</em></strong></span> 
     </span>
     <span class='ocr_line' id='line_1_33' title="bbox 359 2988 2385 3054; baseline 0 -15"><span class='ocrx_word' id='word_1_360' title='bbox 359 2995 558 3039; x_wconf 82' lang='lat' dir='ltr'>scribens</span> <span class='ocrx_word' id='word_1_361' title='bbox 586 3007 669 3051; x_wconf 90' lang='lat' dir='ltr'><strong><em>pro</em></strong></span> <span class='ocrx_word' id='word_1_362' title='bbox 702 2988 902 3051; x_wconf 83' lang='grc' dir='ltr'><strong><em>άμιδίων</em></strong></span> <span class='ocrx_word' id='word_1_363' title='bbox 1054 2991 1227 3041; x_wconf 85' lang='grc' dir='ltr'><strong><em>λύκωνι</em></strong></span> <span class='ocrx_word' id='word_1_364' title='bbox 1258 2994 1439 3040; x_wconf 82' lang='lat' dir='ltr'>Geelius</span> <span class='ocrx_word' id='word_1_365' title='bbox 1469 2991 1645 3053; x_wconf 84' lang='grc' dir='ltr'><strong><em>γύκωνι</em></strong></span> <span class='ocrx_word' id='word_1_366' title='bbox 1676 2995 1758 3040; x_wconf 91' lang='lat' dir='ltr'><strong><em>BU</em></strong></span> <span class='ocrx_word' id='word_1_367' title='bbox 1786 3009 1845 3038; x_wconf 89' lang='lat' dir='ltr'><strong><em>m.</em></strong></span> <span class='ocrx_word' id='word_1_368' title='bbox 1876 3008 1944 3052; x_wconf 89' lang='lat' dir='ltr'><strong><em>pr.</em></strong></span> <span class='ocrx_word' id='word_1_369' title='bbox 1975 2991 2177 3054; x_wconf 83' lang='grc' dir='ltr'><strong><em>γλύκωνι</em></strong></span> <span class='ocrx_word' id='word_1_370' title='bbox 2206 2995 2337 3039; x_wconf 88' lang='grc' dir='ltr'><strong><em>ΜΗΡ</em></strong></span> <span class='ocrx_word' id='word_1_371' title='bbox 2374 3019 2385 3025; x_wconf 84' lang='lat'><em>-</em></span> 
     </span>
     <span class='ocr_line' id='line_1_34' title="bbox 364 3060 2453 3125; baseline 0.002 -17"><span class='ocrx_word' id='word_1_372' title='bbox 364 3069 412 3109; x_wconf 81' lang='lat'><strong><em>17</em></strong></span> <span class='ocrx_word' id='word_1_373' title='bbox 444 3068 549 3122; x_wconf 82' lang='lat' dir='ltr'>post</span> <span class='ocrx_word' id='word_1_374' title='bbox 578 3062 1020 3125; x_wconf 83' lang='grc' dir='ltr'><strong><em>συκοφαντημάτων</em></strong></span> <span class='ocrx_word' id='word_1_375' title='bbox 1047 3066 1152 3111; x_wconf 90' lang='lat' dir='ltr'>libri</span> <span class='ocrx_word' id='word_1_376' title='bbox 1181 3066 1378 3110; x_wconf 82' lang='lat' dir='ltr'>addunt:</span> <span class='ocrx_word' id='word_1_377' title='bbox 1407 3069 1489 3112; x_wconf 82' lang='grc' dir='ltr'><strong><em>καὶ</em></strong></span> <span class='ocrx_word' id='word_1_378' title='bbox 1509 3060 1711 3123; x_wconf 84' lang='grc' dir='ltr'><strong><em>άμιδίων</em></strong></span> <span class='ocrx_word' id='word_1_379' title='bbox 1729 3069 1810 3112; x_wconf 87' lang='grc' dir='ltr'><strong><em>καὶ</em></strong></span> <span class='ocrx_word' id='word_1_380' title='bbox 1825 3067 2027 3120; x_wconf 85' lang='grc' dir='ltr'><strong><em>κωδίων,</em></strong></span> <span class='ocrx_word' id='word_1_381' title='bbox 2058 3066 2136 3111; x_wconf 82' lang='lat' dir='ltr'><strong><em>sed</em></strong></span> <span class='ocrx_word' id='word_1_382' title='bbox 2156 3069 2237 3112; x_wconf 85' lang='grc' dir='ltr'><strong><em>καὶ</em></strong></span> <span class='ocrx_word' id='word_1_383' title='bbox 2266 3065 2453 3113; x_wconf 87' lang='grc' dir='ltr'><strong><em>κωδίων</em></strong></span> 
     </span>
     <span class='ocr_line' id='line_1_35' title="bbox 361 3131 2452 3196; baseline 0 -16"><span class='ocrx_word' id='word_1_384' title='bbox 361 3148 446 3180; x_wconf 89' lang='lat' dir='ltr'><strong><em>om.</em></strong></span> <span class='ocrx_word' id='word_1_385' title='bbox 478 3136 519 3182; x_wconf 90' lang='lat' dir='ltr'>U</span> <span class='ocrx_word' id='word_1_386' title='bbox 638 3141 688 3181; x_wconf 86' lang='lat'><strong><em>18</em></strong></span> <span class='ocrx_word' id='word_1_387' title='bbox 721 3131 776 3183; x_wconf 81' lang='grc' dir='ltr'><strong><em>οὗ</em></strong></span> <span class='ocrx_word' id='word_1_388' title='bbox 804 3138 971 3194; x_wconf 85' lang='grc' dir='ltr'><strong><em>μέντοι</em></strong></span> <span class='ocrx_word' id='word_1_389' title='bbox 999 3163 1056 3170; x_wconf 94' lang='grc'>-</span> <span class='ocrx_word' id='word_1_390' title='bbox 1086 3140 1141 3182; x_wconf 86' lang='grc'><strong><em>20</em></strong></span> <span class='ocrx_word' id='word_1_391' title='bbox 1170 3137 1509 3196; x_wconf 81' lang='grc' dir='ltr'><strong><em>διαλεγόμενος</em></strong></span> <span class='ocrx_word' id='word_1_392' title='bbox 1538 3137 1703 3183; x_wconf 84' lang='lat' dir='ltr'>seclusi</span> <span class='ocrx_word' id='word_1_393' title='bbox 1731 3137 1933 3196; x_wconf 89' lang='lat' dir='ltr'>ineptum</span> <span class='ocrx_word' id='word_1_394' title='bbox 1963 3138 2145 3183; x_wconf 85' lang='lat' dir='ltr'>lectoris</span> <span class='ocrx_word' id='word_1_395' title='bbox 2176 3137 2452 3182; x_wconf 82' lang='lat' dir='ltr'>additamen-</span> 
     </span>
     <span class='ocr_line' id='line_1_36' title="bbox 357 3201 1483 3267; baseline 0.001 -17"><span class='ocrx_word' id='word_1_396' title='bbox 357 3211 454 3251; x_wconf 89' lang='lat' dir='ltr'><strong><em>tum</em></strong></span> <span class='ocrx_word' id='word_1_397' title='bbox 571 3211 621 3251; x_wconf 88' lang='grc'><strong><em>19</em></strong></span> <span class='ocrx_word' id='word_1_398' title='bbox 653 3201 848 3267; x_wconf 78' lang='grc' dir='ltr'><strong><em>εὐπορεῖ</em></strong></span> <span class='ocrx_word' id='word_1_399' title='bbox 874 3208 954 3254; x_wconf 90' lang='lat' dir='ltr'><strong><em>UB</em></strong></span> <span class='ocrx_word' id='word_1_400' title='bbox 1070 3211 1125 3253; x_wconf 87' lang='lat'><strong><em>20</em></strong></span> <span class='ocrx_word' id='word_1_401' title='bbox 1155 3210 1323 3255; x_wconf 86' lang='grc' dir='ltr'><strong><em>λυσίαν</em></strong></span> <span class='ocrx_word' id='word_1_402' title='bbox 1352 3207 1483 3252; x_wconf 85' lang='grc' dir='ltr'><strong><em>ΜΗΡ</em></strong></span> 
     </span>
    </p>
   </div>
  </div>
 </body>
</html>
