2684 4140
868 267 1283 315 CORINTHIACA
1310 266 1540 313 XXXVII.
2186 262 2252 310 29

0 410 474 487 ΞΒΕΠΙἈριστέης.
551 413 690 466 ἀλλὰ
737 417 830 466 καὶ
876 416 1004 465 τότε
1056 414 1150 464 καὶ
1195 419 1289 464 νῦν
1337 414 1431 464 καὶ
1480 413 1623 481 πρὸς
1662 412 1886 461 ἅπαντα
1924 411 2020 461 τὸν
2053 411 2254 479 χρόνον

176 497 266 572 ἔζη
301 495 607 571 Ἀριστέης.

427 585 754 651 μνάσεσθαί
788 586 913 635 τινά
954 600 1103 653 φαμι
1138 584 1230 633 καὶ
1267 584 1454 650 ἕτερον
1492 582 1734 646 ἀμμέων.
2273 580 2339 629 47

178 672 324 722 πάνυ
361 671 464 740 γὰρ
501 667 684 731 καλῶς
720 668 879 720 εἶπεν
916 672 948 737 ἡ
985 670 1238 738 Σαπφώ·
1276 668 1371 717 καὶ
1409 663 1554 717 πολύ
1591 662 1819 716 κάλλιον
1850 657 2136 726 (Ησίοδος,

121 765 145 804 5
436 756 591 824 φήμη
633 747 687 804 δ’
731 754 890 818 οὔτις,
920 755 1162 818 πάμπαν
1201 748 1542 814 ἀπόλλυται,
1581 751 1774 819 ἥντινα
1815 746 1942 800 λαοὶ

429 836 634 889 πολλοὶ
673 835 990 908 φημίξωσι·
1028 838 1169 898 θεός
1206 838 1268 887 νύ
1306 836 1393 897 τίς
1422 837 1554 889 ,ἐστι
1590 836 1683 885 καὶ
1722 835 1874 904 αὐτή.

176 924 282 990 ἐγώ
324 936 384 974 σε
423 925 721 994 ἀναστήσω
772 923 929 992 παρὰ
977 929 1047 992 τῇ
1083 919 1234 989 θεῷ,
1286 921 1423 971 ὅθεν
1464 917 1646 981 οὐδείς
1687 933 1748 970 σε
1784 921 1857 989 μὴ
1897 916 2139 987 καθέλῃ,
2192 918 2254 968 οὐ

179 1011 425 1074 σεισμός,
454 1010 549 1059 οὐκ
575 1010 793 1075 ἄνεμος,
824 1009 886 1059 ού
912 1009 1157 1077 νιφετός,
1187 1007 1284 1056 οὐκ
1310 1006 1534 1074 ὄμβρος,
1564 1005 1626 1054 ού
1650 1005 1887 1074 φθόνος,
1917 1005 2013 1053 ούκ
2032 1003 2254 1071 ἐχθρός,

177 1090 318 1143 ἀλλὰ
354 1095 447 1145 καὶ
483 1100 576 1145 νῦν
616 1107 677 1144 σε
713 1090 1121 1158 καταλαμβάνω
1150 1092 1437 1159 ἑστηκότα.
1505 1087 1659 1139 λάθα
1696 1091 1797 1154 μὲν
1834 1089 1936 1157 γὰρ
1964 1085 2068 1157 ἤδη
2098 1087 2256 1147 τινάς

99 1185 145 1228 10
179 1179 272 1229 καὶ
297 1181 519 1247 ἑτέρους
544 1175 754 1248 ἔσφηλε
777 1179 871 1228 καὶ
894 1178 1196 1244 ἐψεύσατο,
1233 1176 1420 1244 γνώμη
1451 1167 1503 1224 δ’
1535 1171 1751 1242 ἀνδρῶν
1778 1174 2013 1240 ἀγαθῶν
2041 1170 2256 1234 οὐδένα,

175 1254 213 1331 ᾗ
247 1255 374 1313 κατ’
418 1260 591 1332 ἄνδρα
628 1279 730 1328 μοι
767 1262 945 1331 ὀρθὸς
982 1263 1232 1330 ἕστηκας.

0 1707 152 1792 Ιέθέἥῐ
178 1723 297 1789 (21)
351 1721 591 1788 ΠΡΟΣ
635 1720 1222 1789 ΝΙΚΟΜΗΔΕΙΣ
1269 1720 1494 1786 ΠΕΡΙ
1544 1719 2037 1787 ΟΜΟΝΟΙΑΣ
2075 1704 2259 1786 ΤΗΣ

870 1806 1111 1872 ΠΡΟΣ
1148 1805 1561 1872 ΝΙΚΑΕΙΣ.

302 2029 470 2087 Ὅταν
497 2032 871 2103 ἐκλογίσωμαι
896 2036 996 2098 τὰς
1024 2037 1226 2099 αἰτίας,
1254 2034 1451 2104 ἄνδρες
1472 2033 1832 2104 Νικομηδεῖς,
1862 2029 1939 2085 δι’
1974 2037 2039 2096 ἀς
2059 2037 2255 2106 ἐποιή-
2298 2034 2320 2082 1

178 2122 365 2172 σασθέ
408 2138 477 2186 με
526 2117 789 2189 πολίτην·
841 2121 903 2170 οὐ
952 2121 1055 2190 γάρ
1106 2117 1350 2170 πλοῦτον
1402 2122 1533 2170 ὄντα
1574 2121 1685 2189 ὁρῶ
1725 2136 1826 2184 μοι
1862 2124 2061 2187 μέγαν,
2114 2122 2257 2171 ὥστε

173 2202 416 2271 νομίζειν
453 2207 540 2255 ὅτι
579 2202 671 2255 διὰ
708 2206 961 2274 χρήματα
1011 2202 1419 2273 ἐσπουδάσθην
1466 2197 1569 2274 ὑφ’
1611 2207 1790 2269 ὑμῶν,
1844 2202 1970 2254 οὐδὲ
2010 2207 2155 2274 πρὸς
2194 2208 2256 2255 τὸ

94 2294 142 2337 15
177 2291 519 2356 θεραπεύειν
557 2291 687 2350 τούς
715 2286 910 2354 ὄχλους
935 2287 1274 2359 ἐπιτηδείως
1300 2290 1483 2354 ἔχοντι
1509 2288 1731 2356 ἐμαυτῷ
1763 2288 2020 2341 σύνοιδα·
2063 2292 2257 2342 οὔκουν

174 2373 299 2426 ούδὲ
338 2377 420 2436 εἰς
457 2377 622 2425 τοῦτό
658 2390 765 2440 μου
799 2370 1022 2444 χρῄζειν
1061 2373 1290 2438 δοκεῖτε,
1329 2377 1391 2425 τὸ
1419 2378 1545 2436 ταῖς
1585 2377 1787 2445 ὁρμαῖς
1812 2377 1965 2445 ὑμῶν
2001 2377 2257 2438 άπάσαις

100 2485 104 2487 ·
171 2462 469 2530 ὑπηρετεῖν
508 2460 747 2525 ἑτοίμως
785 2461 909 2525 ἐμέ·
960 2458 1100 2510 ἀλλὰ
1138 2462 1246 2531 μὴν
1287 2457 1413 2510 οὐδὲ
1456 2463 1803 2526 συμποτικός
1841 2462 1961 2526 εἰμί
1997 2479 2084 2523 τις
2131 2460 2258 2512 οὐδὲ

170 2548 356 2607 κοινὸς
394 2547 451 2596 ἐν
488 2549 613 2606 ταῖς
650 2547 942 2607 τοιαύταις
983 2548 1321 2609 συνουσίαις,
1364 2547 1507 2596 ὥστε
1534 2547 1651 2596 ἀπό
1678 2563 1738 2613 γε
1765 2549 1964 2597 τούτου
1993 2551 2259 2616 παρέχειν

172 2635 292 2692 τοῖς
332 2629 615 2700 πλήθεσιν
662 2627 890 2700 ἡδονήν·
943 2633 992 2682 εἰ
1045 2629 1103 2682 δὲ
1138 2625 1226 2702 >μὴ
1270 2630 1634 2698 διαμαρτάνω
1673 2634 1811 2702 μήτε
1850 2640 1949 2703 τῆς
1987 2633 2259 2700 ὑμετέρας

93 2719 140 2759 20
178 2718 309 2785 περὶ
347 2718 591 2782 ἐμαυτοῦ
626 2720 1037 2784 προαιρέσεως,
1087 2720 1191 2768 ὅσα
1241 2735 1300 2768 τε
1337 2719 1466 2783 ύμῖν
1508 2715 1750 2783 δύναμαι
1781 2719 2058 2787 χρήσιμος
2097 2717 2258 2781 εἶναι,

174 2809 346 2852 ταῦτα
385 2802 726 2866 ἐπίσταμαι·
776 2803 838 2851 τὸ
882 2799 1083 2852 λοιπόν
1122 2804 1302 2866 ἐστιν,
1345 2796 1424 2853 δι’
1470 2803 1500 2852 ὃ
1541 2801 1780 2872 πολίτης
1818 2804 1923 2870 ἐγὼ
1963 2806 2261 2872 γεγένημαι

178 2880 318 2956 παρ’
360 2888 488 2953 ὑμῖν
529 2880 841 2957 [σπουδῆς],
883 2884 1042 2938 οὐδὲν
1081 2885 1217 2937 ἄλλο
1256 2889 1287 2957 ἢ
1335 2891 1397 2939 τὸ
1442 2886 1838 2954 συμβουλεύειν
1877 2890 1976 2952 ἐμέ
2023 2904 2080 2937 τι
2128 2889 2260 2956 περὶ

320 3097 339 3137 1
372 3088 594 3153 ἀριστέας
622 3094 702 3139 UB
733 3093 791 3138 cf.
820 3094 957 3138 verba
986 3093 1203 3138 Herodoti
1231 3093 1261 3137 l.
1293 3093 1322 3137 1.
1355 3089 1466 3139 οὔτε
1506 3095 1750 3138 τεθνεῶτα
1790 3090 1900 3138 οὔτε
1931 3090 2120 3149 ζώοντα
2153 3097 2259 3152 φαί-

177 3167 346 3209 νεσθαι
373 3158 607 3222 Ἀριστὲην
722 3168 746 3208 2
778 3158 1000 3221 ἀριστέας
1027 3164 1108 3209 UB
1223 3167 1248 3207 3
1279 3164 1447 3220 Sapph.
1478 3162 1610 3218 frgm.
1641 3166 1693 3206 32
1724 3163 1800 3207 PL
1831 3164 1899 3207 111
1929 3178 1972 3220 p.
2008 3168 2087 3207 100
2118 3165 2185 3209 ed.
2218 3169 2260 3209 4.

178 3232 339 3286 Bergk.
452 3234 734 3289 μνάσασθαί
762 3235 878 3287 libri,
910 3248 1023 3279 corr.
1056 3234 1248 3278 casaub.
1363 3251 1483 3292 φαμι
1514 3238 1545 3286 (ι
1578 3246 1606 3277 a
1636 3247 1767 3286 corr„
1798 3235 1906 3281 fort.
1939 3248 1993 3279 ex
2024 3238 2066 3294 η)
2098 3236 2146 3279 Μ

177 3298 345 3359 ἕτερον
372 3302 490 3355 libri,
521 3296 724 3361 ὕστερον
753 3304 931 3360 Volger.
1050 3298 1215 3360 ἀμμέω
1244 3304 1294 3347 Μ
1410 3309 1434 3347 5
1465 3307 1581 3362 φημὶ
1610 3317 1693 3360 pro
1725 3298 1853 3364 φήμη
1883 3306 1932 3348 Μ
2050 3303 2190 3365 οὕτης
2220 3306 2259 3351 U

179 3371 237 3418 cf.
269 3372 373 3416 Hes.
406 3372 488 3429 Op.
521 3377 566 3417 et
594 3373 700 3418 Dies
730 3387 768 3417 v.
799 3377 880 3418 763
903 3388 967 3429 sq.
1110 3378 1135 3418 6
1167 3376 1400 3432 φημιζῶσι
1429 3375 1478 3419 Μ
1622 3369 1739 3434 αὕτη
1768 3377 1818 3420 Μ
1963 3381 1987 3421 9
2019 3374 2179 3438 λάθρα
2211 3377 2259 3421 Μ

177 3442 304 3489 λάθα
333 3442 436 3499 UB3
467 3443 679 3489 fortasse:
712 3444 869 3503 πλήθη
987 3449 1037 3489 10
1069 3441 1258 3504 ἒσφιλεν
1287 3445 1326 3490 U
1436 3451 1482 3490 11
1519 3437 1547 3505 ᾖ
1579 3447 1788 3502 casaub„
1818 3443 1848 3506 ᾔ
1878 3448 1971 3503 UB,
2004 3462 2091 3493 om.
2125 3448 2173 3491 M

181 3517 232 3557 14
263 3508 369 3560 οὐδὲ
399 3515 570 3571 scripsi,
601 3512 710 3562 οὔτε
736 3515 840 3560 libri
955 3521 1007 3560 15
1038 3512 1206 3574 ἔχωντι
1238 3517 1277 3562 U
1398 3522 1444 3561 Π
1479 3514 1729 3578 ὑπηρετεῖν
1760 3522 1848 3572 (εῖν
1878 3532 1906 3563 a.
1936 3524 2071 3574 corr.)
2104 3519 2145 3564 U

179 3589 230 3628 18
260 3580 453 3642 κομψὸς
482 3599 565 3642 pro
596 3583 760 3641 κοινὸς
790 3587 1056 3631 Herwerden
1174 3592 1226 3632 20
1258 3591 1366 3647 περὶ
1395 3584 1542 3636 αὐτοῦ
1567 3590 1603 3635 U
1632 3594 1740 3650 περὶ
1774 3585 1921 3637 αὑτοῦ
1952 3590 1989 3634 Τ
2082 3582 2175 3636 ὅσα
2206 3608 2259 3650 γε

176 3656 295 3700 UBT
412 3660 460 3700 21
496 3652 641 3703 ταῦθ’
673 3652 703 3703 οἳ
736 3657 857 3702 UBT
955 3662 1006 3702 22
1038 3662 1242 3717 σπουδῆς
1273 3659 1432 3705 delevit
1461 3661 1652 3714 Selden.‚
1682 3665 1789 3706 ante
1820 3677 1898 3707 σπ.
1922 3662 2054 3707 unius
2082 3662 2260 3706 litterae

175 3739 335 3771 rasura
362 3728 409 3771 in
439 3727 480 3772 U
594 3724 624 3786 ἢ
655 3731 752 3774 τῶν
782 3729 818 3772 Β
849 3725 877 3786 ἢ
908 3732 993 3775 τῶι
1026 3729 1063 3773 U
1094 3742 1150 3774 mi
1174 3743 1243 3786 pr.
