2684 4140
351 219 454 273 2-10
1095 207 1243 254 DION
1245 206 1306 251 18
1330 205 1415 250 DE
1445 203 1689 250 INYIDIA

350 358 487 417 ἄλλο
517 358 810 427 φάρμακον
834 354 1093 420 ὑγιεινόν,
1134 352 1223 402 ἵνα
1252 348 1317 420 δὴ
1345 351 1519 415 μόνος
1545 349 1638 418 ἔχῃ
1665 349 1798 411 τοὺς
1824 350 1882 400 ἐν
1908 355 1978 420 τῇ
2005 351 2173 405 πόλει
2197 357 2450 421 μισθούς

350 460 410 496 τε
445 442 542 501 καὶ(
574 439 758 504 τιμάς.
835 437 891 487 εἰ·
926 433 986 489 δὲ
1027 433 1090 506 δὴ
1135 436 1234 486 σὺν
1274 432 1425 502 αὐτῷ
1463 435 1558 485 καὶ
1594 435 1671 484 τὰ·
1704 432 1912 486 παιδία
1940 442 2112 490 νοσοῖ
2138 441 2233 492 καὶ
2257 444 2289 509 ἡ
2316 444 2445 513 γυνὴ

345 527 439 583 καὶ
477 524 534 580 οἱ
571 519 734 592 φίλοι
771 523 981 582 πάντες
1017 517 1386 590 ἐπισφαλῶς,
1426 519 1535 589 ἆρα
1571 520 1667 571 καὶ
1702 522 1830 571 τότε
1869 513 2076 587 εὔχοιτ’
2120 525 2188 577 ἂν
2223 527 2449 596 μηθένα

346 606 518 665 ἄλλον
555 607 748 675 ἰατρὸν
786 605 1093 676 εὑρεθῆναι
1129 606 1226 656 τὸν
1263 604 1660 675 βοηθήσοντα·
1710 605 1808 656 ἐὰν
1849 604 1907 657 δὲ
1949 616 2102 679 φανῇ
2140 627 2257 674 τις,
2308 612 2450 662 κατὰ

344 697 440 749 τὸν
471 686 734 746 Ἡσίοδον
769 693 982 744 κοτέειν
1007 686 1202 756 μέλλει
1235 691 1331 741 καὶ
1367 690 1576 760 ἐχθρὸν
1600 691 1875 761 ἡγεῖσθαι
1899 694 1996 745 τὸν
2023 696 2197 746 αὑτοῦ
2221 703 2446 767 σωτῆρα
2483 706 2508 747 5

261 784 325 835 10
344 781 438 831 καὶ
473 783 584 830 τῶν
625 773 944 847 φιλτάτων;
993 778 1158 846 φέρε,
1203 775 1302 826 ἐὰν
1341 772 1401 826 δὲ
1444 776 1627 845 συμβῇ
1665 782 1898 846 πρᾶγμα
1947 787 2207 835 τοιοῦτον
2247 782 2451 833 ὁποῖόν

343 881 484 915 ποτε
524 866 780 927 συνέτυχε
818 862 952 931 περὶ
987 862 1120 923 τούς
1145 859 1509 928 Αἰγυπτίους
1536 862 1789 931 ἰατρούς·
1830 865 2036 916 ἐκεῖνοι
2071 865 2176 933 γὰρ
2218 866 2452 931 ἰώμενοι

340 951 586 1019 Δαρεῖον
623 949 720 999 τὸν
746 948 992 1017 Πέρσην,
1032 948 1110 1009 ὡς
1136 947 1323 1012 ἔτυχεν
1352 946 1504 1014 αὐτῷ
1530 950 1770 999 πεσόντι
1797 949 1913 1000 ἀπὸ
1942 956 2046 1001 τοῦ
2071 951 2257 1001 ἵππου
2282 967 2451 1016 μετα-

335 1036 600 1105 χωρήσας
639 1035 670 1085 ὁ
708 1029 1088 1101 ἀστράγαλος,
1129 1033 1227 1098 οὐχ
1266 1032 1384 1083 οἷοί
1420 1050 1481 1084 τε
1517 1029 1662 1103 ἦσαν
1703 1034 1913 1086 ἰᾶσθαι
1948 1035 2090 1086 κατὰ
2128 1037 2228 1106 τὴν
2268 1035 2450 1087 αὐτῶν

340 1125 552 1191 τέχνην,
592 1112 719 1171 ἀλλ’
763 1119 847 1181 εἰς
872 1118 1186 1189 ἀγρυπνίας
1210 1135 1271 1169 τε
1295 1119 1390 1169 καὶ
1415 1115 1727 1189 ἀλγηδόνας
1755 1117 1944 1182 δεινάς
1968 1118 2234 1189 ἐνέβαλον
2262 1122 2446 1185 αὐτόν,
2485 1132 2532 1175 1ο

343 1203 595 1268 ἕλκοντες
631 1206 726 1260 καὶ
761 1199 1090 1272 βιαζόμενοι
1126 1205 1190 1255 τὸ
1230 1204 1466 1274 ἄρθρον.
1541 1206 1776 1267 τούτους
1801 1207 1903 1272 μὲν
1932 1206 2027 1258 οὖν
2053 1204 2306 1258 ἐκέλευσε
2347 1225 2449 1276 φυ-
2473 1222 2627 1265 (65311)

345 1289 584 1355 λάττειν,
623 1293 783 1352 ὅπως
820 1290 1179 1341 ἀποθάνοιεν
1208 1287 1681 1360 στρεβλωθέντες.
1762 1292 2094 1358 πυθόμενος
2135 1285 2188 1343 δ’
2233 1293 2292 1343 ἐν
2331 1295 2454 1353 τοῖς

346 1375 727 1445 αἰχμαλώτοις
783 1374 931 1427 εἶναί
984 1393 1111 1427 τινα
1155 1369 1389 1445 Ἕλληνα
1447 1378 1843 1446 ἐπιχειροῦντα
1902 1379 2137 1436 ἰᾶσθαι,
2212 1375 2454 1438 καλέσας

260 1465 320 1517 11
347 1465 515 1515 αὐτὸν
552 1464 666 1513 ὑπὸ
706 1462 1019 1532 ἀμηχανίας
1056 1458 1368 1525 ἐκέλευσεν,
1420 1460 1481 1512 εἴ
1509 1479 1568 1513 τι.
1604 1463 1750 1527 ἔχοι,
1789 1463 2047 1532 βοηθεῖν.
2133 1460 2200 1533 ἦν
2241 1461 2299 1514 δὲ
2340 1464 2450 1532 ἄρα
2468 1476 2648 1519 (41ΊΒΠ

340 1546 679 1620 Δημοκήδης
730 1549 761 1597 ὁ
808 1548 1238 1616 Κροτωνιάτης,
1299 1549 1478 1616 ὅσπερ
1528 1548 1762 1617 ἄριστος
1809 1546 1994 1601 ἐδόκει
2039 1554 2152 1600 τῶν
2211 1550 2339 1599 τότε
2387 1550 2446 1598 ἑν
2483 1559 2531 1601 15

342 1639 465 1696 τοῖς
489 1628 747 1702 Ἕλλησιν
786 1633 1022 1700 ἰατρῶν·
1073 1631 1137 1693 ὃς
1182 1632 1278 1688 καὶ
1326 1639 1670 1702 παραχρῆμα
1707 1635 1810 1699 μὲν
1858 1635 2246 1686 καθυπνῶσαι
2285 1633 2452 1683 αὐτὸν

341 1720 628 1790 ἐποίησεν,
669 1716 792 1777 εἶτα
829 1713 1245 1767 καταπλάττων
1281 1718 1378 1768 καὶ
1411 1723 1727 1776 καταιονῶν
1753 1720 1849 1770 καὶ
1875 1716 2051 1773 τᾶλλα
2078 1715 2454 1787 ἐπιμεληθεὶς

341 1894 447 1955 ὅ,τι
484 1886 767 1957 βούλεται,
804 1889 936 1949 τοὺς
975 1889 1205 1957 ἰατροὺς
1231 1889 1600 1958 παρῃτήσατο
1628 1889 1865 1959 ἀφεῖναι
1893 1890 2076 1940 αὐτόν.
2139 1888 2235 1939 καὶ
2258 1890 2455 1954 μέντοι

343 1976 704 2047 ἀφείθησαν,
756 1974 967 2025 ἐκείνου
1020 1971 1340 2043 δεηθέντος.
1435 1976 1679 2043 πότερον
1731 1974 1827 2025 οὖν
1878 1977 2005 2026 τότε
2043 1975 2335 2045 ἐφθόνουν
2373 1968 2454 2039 τῷ

342 2058 668 2132 Δημοκήδει
704 2061 799 2111 καὶ
835 2059 1043 2129 ἐχθρὸν
1080 2062 1344 2126 ἡγοῦντο,
1394 2052 1432 2128 ᾗ
1485 2072 1662 2130 φησιν
1695 2052 1960 2122 Ἡσίοδος
2007 2062 2109 2112 ἐπὶ
2144 2065 2256 2110 τῶν
2292 2073 2452 2126 κερα-

342 2151 493 2213 μέων
541 2147 573 2216 ἢ
614 2147 913 2208 τεκτόνων,
965 2141 1275 2196 λυσιτελεῖν
1325 2140 1648 2211 νομίζοντες
1687 2146 1906 2209 αὐτοῖς,
1957 2146 2009 2196 εἰ
2046 2143 2244 2215 μηδεὶς
2282 2140 2454 2204 ἄλλος

346 2234 540 2302 ἰατρὸς
578 2233 758 2302 ἐφάνη
798 2228 1036 2297 βασιλέα
1077 2231 1400 2297 ἰασάμενος,
1439 2231 1471 2300 ἢ
1504 2228 1728 2300 σφόδρα
1758 2232 1992 2301 ἠγάπων
2016 2233 2111 2282 καὶ
2132 2232 2298 2300 χάριν
2323 2221 2452 2297 ᾔδε-

261 2321 327 2372 12
351 2332 484 2380 σαν,·
522 2343 590 2361 -.-
628 2317 794 2378 Εἰκὸς
829 2318 931 2382 μὲν
967 2314 1034 2386 ἦν
1066 2319 1232 2386 χάριν
1271 2314 1499 2368 εἰδέναι.
1538 2344 1607 2360 -.-
1644 2318 1713 2368 Δ.
1749 2318 1867 2368 Καὶ
1901 2319 2010 2387 μὴν
2047 2316 2454 2387 θωρακοποιοί

349 2404 495 2455 εἰσιν
533 2404 591 2453 ἐν
629 2406 754 2463 ταῖς
793 2399 998 2453 πόλεσι
1023 2403 1117 2453 καὶ
1152 2403 1492 2472 κρανοποιοὶ
1529 2396 1640 2470 [καὶ
1678 2396 2015 2471 τειχοποιοὶ]
2051 2403 2146 2459 καὶ
2185 2398 2446 2471 δορυξόοι
2482 2415 2530 2456 25

345 2490 441 2540 καὶ
478 2491 662 2557 ἕτεροι
698 2484 959 2548 πλείους·
1000 2489 1050 2538 εἰ
1091 2488 1186 2539 οὖν
1211 2489 1437 2550 τούτοις
1465 2485 1752 2539 λυσιτελεῖ
1769 2490 1864 2539 ἕνα
1892 2491 2126 2541 ἕκαστον
2164 2488 2223 2539 ἐν
2250 2488 2453 2556 ἑκάστῃ

347 2580 461 2625 τῶν
501 2571 724 2632 πόλεων
763 2572 911 2624 εἶναι
947 2580 1046 2643 τῆς
1082 2577 1278 2644 τέχνης
1317 2571 1657 2644 δημιουργὸν
1694 2571 1910 2640 μᾶλλον
1958 2575 1991 2644 ἢ
2040 2576 2173 2636 τούς
2213 2574 2452 2637 ἱκανούς,

346 2658 529 2730 ἡδέως
567 2651 732 2727 ἔγωγ>
775 2660 843 2710 ἂν
882 2659 1195 2728 πυθοίμην.
1254 2656 1421 2730 δῆλον
1447 2660 1550 2727 γάρ
1578 2661 1656 2721 ὡς
1695 2657 1986 2726 πολεμίων
2024 2661 2322 2724 ἐπιόντων,
2360 2658 2456 2710 καὶ

344 2747 484 2815 μήτε
522 2750 634 2795 τῶν
672 2749 869 2809 τειχῶν
909 2746 1223 2814 ἑστηκότων
1260 2745 1399 2814 μήτε
1451 2741 1828 2810 ὡπλισμένων
1867 2746 2165 2809 ἁπάντων,
2217 2746 2453 2812 ἀναγκά-

491 2959 515 2999 2
548 2962 685 3002 νοσεῖ
703 2954 787 2998 ΡΗ
872 2957 897 2998 3
930 2951 1027 3013 ἄρα
1049 2953 1092 2997 Η
1179 2950 1369 3012 εὔχοιτο
1402 2957 1504 3008 (om.
1528 2950 1604 3010 ἄν)
1625 2953 1667 2998 Η
1688 2948 1869 3013 εὕχοιτ’
1900 2949 1962 3002 ἂν
1992 2950 2080 3008 (εὔ-
2111 2966 2140 2998 a
2170 2955 2303 3007 corr.)
2324 2953 2367 2999 U

351 3032 376 3072 5
398 3026 585 3084 μέλλειν
605 3026 653 3071 Μ
674 3025 833 3083 μέλλει
853 3038 939 3070 om.
958 3024 1041 3077 PH
1129 3017 1277 3073 αὐτοῦ
1296 3025 1401 3069 libri
1421 3027 1604 3080 praeter
1624 3025 1660 3068 P
1751 3030 1774 3069 7
1799 3025 1865 3070 cf.
1885 3025 2098 3070 Herodot.
2116 3025 2184 3077 111
2210 3028 2287 3068 129
2302 3037 2365 3081 sq.

350 3102 377 3143 9
410 3092 570 3153 αὐτῶν
598 3098 640 3151 U
672 3110 730 3152 m.
751 3110 819 3155 pr.
841 3096 932 3148 ΒΜ
1021 3099 1074 3141 10
1105 3093 1259 3150 δεινὰς
1289 3109 1376 3141 om.
1408 3095 1489 3150 ΠΒ
1576 3092 1793 3156 ἐμβάλον
1825 3096 1860 3141 P
1889 3109 1948 3139 m.
1979 3109 2049 3152 pr.
2145 3099 2193 3140 12
2226 3099 2452 3157 στρεβλο·

349 3169 522 3222 θέντες
554 3167 592 3212 P
734 3162 789 3213 14
817 3163 918 3225 ἔχοι
948 3180 1034 3213 om.
1065 3166 1102 3211 P
1251 3170 1303 3211 15
1334 3160 1610 3226 Δημοκήδης
1638 3167 1822 3219 restitui
1847 3179 1902 3212 ex
1931 3166 2164 3218 Herodoto
2194 3163 2458 3226 δημοδόκης

348 3239 391 3286 U
411 3252 470 3284 m.
486 3252 555 3296 pr.
572 3238 662 3283 ΒΜ
690 3235 956 3298 δημόδοκος
981 3238 1062 3283 ΡΗ
1155 3236 1482 3299 κροτωνιάτης
1503 3242 1548 3292 (ο
1566 3250 1594 3283 a
1611 3241 1744 3294 corr.)
1765 3238 1804 3284 U
1895 3232 1951 3292 ὃς
1980 3230 2290 3297 περιάριστος
2317 3237 2367 3282 Μ

352 3314 406 3355 16
436 3309 525 3367 μὲν
554 3322 641 3353 om.
673 3309 808 3365 UBM
893 3304 1109 3357 ὕπνῶσαι
1129 3310 1212 3355 ΡΗ
1302 3315 1351 3355 17
1386 3306 1488 3358 εἶτα
1519 3323 1606 3355 om.
1629 3309 1671 3356 U
1691 3324 1750 3355 m.
1772 3324 1842 3368 pr.
1865 3310 1956 3361 ΒΜ
2038 3311 2288 3356 κατεονῶν
2316 3308 2366 3352 Μ

350 3376 410 3428 τὰ
444 3377 565 3428 ἄλλα
595 3379 729 3425 UBM
877 3385 928 3426 18
959 3374 1026 3426 δι’.
1055 3375 1236 3453 ρ’λίγων
1263 3381 1308 3437 H
1453 3380 1632 3440 ἳμερῶν
1662 3382 1698 3426 Ρ
1815 3374 2028 3436 ἀπέδειξε
2057 3380 2100 3434 H
2217 3382 2386 3429 λαθεῖν
2413 3377 2453 3429 P

347 3480 412 3534 (in
443 3492 555 3535 mrg.
585 3479 721 3533 vulg.)
840 3481 891 3522 19
922 3477 1036 3533 τούς
1057 3455 1243 3539 ιατροὺς
1270 3481 1314 3524 Η
1432 3485 1485 3525 20
1517 3476 1770 3540 ἀφέθησαν
1799 3480 1840 3526 U
1871 3493 1929 3526 m.
1948 3492 2017 3537 pr.
2108 3474 2224 3529 τότε
2252 3475 2299 3523 Η
2327 3475 2449 3523 πότε

347 3550 389 3596 U
422 3563 480 3595 m.
510 3562 581 3606 pr.
610 3548 739 3593 BMP
855 3552 907 3593 21
938 3547 1199 3610 Δημοκήδει
1229 3552 1405 3609 scripsi,
1437 3550 1702 3614 Δημοδόκῳ
1730 3551 1832 3596 libr-i
1955 3553 2010 3594 22
2041 3543 2205 3603 αὐτοῖς
2235 3547 2362 3592 ΒΜΡ

349 3625 404 3706 Ξῖ)
434 3617 634 3667 πόλεσιν
661 3619 709 3664 Η.
757 3690 797 3736 U
818 3623 900 3666 καὶ
929 3624 1199 3679 τειχοποιοὶ
1228 3636 1313 3672 om.
1347 3623 1481 3668 ΡΗΜ
1597 3619 1825 3683 δορυξόοι
1855 3622 1891 3666 P
2015 3624 2068 3665 29
2099 3612 2452 3680 ἀναγκάζοιντ>

350 3709 412 3741 αν
440 3695 501 3748 (ιν
530 3703 560 3738 a
589 3694 728 3748 corr.)
