2684 4140
1073 242 1300 290 ORATIO
1331 243 1472 289 XXX.
2208 245 2309 294 297

228 389 370 454 ἡμᾶς
399 387 543 440 οὕτω
570 390 789 455 γέγονεν
817 388 893 449 ὡς
921 385 1078 451 ἔδοξε
1115 387 1193 456 τῴ
1232 387 1372 457 θεῷ,
1442 391 1544 459 χρὴ
1587 387 1646 440 δὲ
1683 386 1856 459 μηδὲν
1893 395 2003 440 τῶν
2029 383 2130 440 ὑπ’
2173 392 2309 445 ἐκεί·

231 486 326 522 νου
352 474 690 538 γιγνομένων
724 469 973 537 χαλεπὸν
1000 474 1271 542 ἡγεῖσθαι
1307 471 1448 543 μηδὲ
1492 472 1772 543 δυσχερῶς
1812 478 2018 544 φέρειν,
2062 477 2138 537 ὡς
2164 492 2307 545 παρ-

233 562 486 607 αινοῦσιν
531 553 695 608 ἄλλοι
742 574 801 607 τε
857 559 1030 627 σοφοὶ
1067 559 1160 609 καὶ
1200 559 1296 623 οὐχ
1332 560 1531 628 ἥκιστα
1558 552 1826 628 Ὅμηρος,
1874 557 2044 626 λέγων
2080 558 2311 630 μηδαμῇ

233 638 528 709 ἀπόβλητα
568 640 714 692 εἶναι
752 642 1089 710 ἀνθρώποις
1125 643 1194 693 τὰ
1232 644 1386 694 θεῶν
1427 641 1595 713 δῶρα,
1632 641 1815 704 καλῶς
1846 639 2131 709 ὀνομάζων
2159 642 2310 714 δῶρα

177 732 199 774 5
236 724 305 772 τὰ
344 724 475 792 ἔργα
502 730 612 774 τῶν
649 725 820 788 θεῶν,
861 728 937 787 ὡς
975 729 1198 779 ἅπαντα
1237 729 1429 795 ἀγαθὰ
1469 730 1600 779 ὄντα
1637 730 1730 779 καὶ
1754 721 1852 778 ἐπ’
1896 727 2096 796 ἀγαθῷ
2133 732 2314 796 γιγνό-

230 823 386 872 μενα.
461 809 566 875 ἐγὼ
605 810 706 874 μὲν
745 809 840 860 οὖν
879 812 1022 861 οὕτω
1064 818 1252 880 φρονῶ
1291 814 1384 865 καὶ
1431 811 1662 878 δέχομαι
1700 810 1899 881 πρᾴως
1941 815 2039 883 τὴν
2077 829 2306 883 πεπρω-
2346 815 2379 866 9

7 898 208 943 ίδδΟΒΠ)
230 895 416 962 μένην,
457 893 552 943 οὐκ
589 895 646 943 έν
685 897 853 964 ἑτέρῳ
879 895 1058 964 καιρῷ
1094 903 1267 949 ταῦτα
1308 894 1495 964 λέγων,
1536 894 1676 947 ἀλλὰ
1718 899 2010 967 παρούσης
2047 915 2106 948 τε
2146 899 2314 968 αὐτῆς

231 977 324 1028 καὶ
361 979 458 1046 τὴν
485 975 742 1048 τελευτὴν
782 981 926 1046 ὁρῶν
967 982 1143 1042 οὕτως
1180 982 1427 1048 ἐγγύθεν.
1487 983 1646 1047 ὑμεῖς
1685 979 1743 1031 δὲ
1770 983 1897 1047 ἐμοὶ
1933 985 2330 1046 πιστεύοντες,

232 1058 429 1131 ἐπειδὴ
469 1063 563 1113 καὶ
598 1061 806 1128 μᾶλλον
843 1066 996 1129 ὑμῶν
1036 1063 1394 1134 ἐπεμελήθην
1434 1062 1726 1134 ἀληθείας,
1763 1057 1901 1115 καθ’
1945 1068 2077 1117 ὅσον
2105 1067 2220 1118 οἷοί
2255 1072 2316 1119 τέ

154 1150 200 1192 10
236 1145 390 1208 έστε,
434 1148 508 1216 μὴ
553 1151 882 1216 συγχωρεῖτε
919 1156 987 1218 τῇ
1025 1147 1305 1218 ἀλγηδόνι,
1345 1151 1421 1209 ὡς
1458 1147 1695 1218 μηδενὸς
1732 1151 1858 1214 ἐμοὶ
1897 1147 2082 1200 δεινοῦ
2118 1153 2315 1217 συμβε-

230 1229 484 1298 βηκότος,
521 1229 662 1300 μηδὲ
696 1231 755 1281 εἴ
773 1249 861 1292 τις
898 1234 997 1284 ἐπὶ
1033 1235 1129 1283 τὸν
1157 1231 1592 1300 δυσχερέστατον
1618 1230 1784 1283 ἔλθοι
1810 1239 1919 1283 τῶν
1949 1231 2122 1300 λόγων
2149 1233 2307 1298 (λέξω
2334 1240 2397 1289 10

232 1310 291 1363 δὲ
332 1315 499 1365 αὐτὸν
536 1317 666 1381 ύμῖν
707 1316 829 1367 οὔτι
855 1332 967 1366 που
995 1319 1235 1385 τερπνὸν
1262 1318 1391 1367 ὄντα
1433 1315 1559 1367 οὐδὲ
1593 1319 1885 1386 χαρίεντα·
1926 1319 1986 1367 οὐ
2013 1319 2115 1387 γάρ
2156 1318 2314 1384 οἶμαι

231 1400 376 1467 πρὸς
407 1401 571 1468 χάριν
610 1401 709 1469 τὴν
747 1404 1021 1469 ἡμετέραν
1058 1405 1304 1468 γέγονεν·
1353 1402 1548 1466 ἔχοντα
1595 1399 1656 1451 δέ
1691 1419 1748 1451 τι
1786 1402 2121 1467 θαυμαστὸν
2161 1402 2315 1464 ἴσως)

230 1485 319 1533 ὅτι
355 1490 458 1534 τοῦ
491 1489 603 1534 τῶν
646 1486 902 1538 Τιτάνων
942 1486 1180 1551 αἵματός
1218 1488 1384 1551 ἐσμεν
1422 1490 1584 1556 ἡμεῖς
1622 1488 1868 1546 ἅπαντες
1909 1487 1965 1535 οἱ
1994 1487 2313 1556 ἄνθρωποι.

154 1574 200 1615 15
238 1569 315 1628 ὡς
355 1567 450 1618 οὖν
487 1569 711 1619 ἐκείνων
748 1571 971 1636 ἐχθρῶν
1010 1571 1182 1622 ὅντων
1220 1575 1342 1632 τοῖς
1378 1571 1544 1632 θεοῖς
1579 1572 1671 1622 καὶ
1709 1568 2148 1640 πολεμησάντων
2188 1570 2313 1622 οὐδὲ

231 1655 392 1721 ἡμεῖς
433 1650 594 1722 φίλοι
621 1655 805 1720 ἐσμέν,
845 1652 985 1705 ἀλλὰ
1011 1652 1368 1721 κολαζόμεθά
1395 1673 1454 1707 τε
1479 1649 1580 1707 ὑπ’
1625 1657 1804 1706 αὐτῶν
1829 1657 1922 1706 καὶ
1947 1657 2045 1706 ἐπὶ
2069 1658 2312 1725 τιμωρίᾳ

228 1740 558 1804 γεγόναμεν,
610 1740 667 1792 ἐν
720 1738 939 1808 φρουρᾷ
994 1737 1056 1810 δὴ
1099 1742 1254 1801 ὄντες
1291 1742 1349 1791 ἐν
1387 1739 1465 1807 τῷ
1502 1742 1606 1807 βίῳ
1646 1746 1914 1790 τοσοῦτον
1946 1742 2145 1805 χρόνον
2182 1743 2314 1791 ὅσον

230 1825 457 1874 ἕκαστοι
495 1819 689 1888 ζῶμεν.
765 1825 896 1884 τοὺς
936 1821 994 1874 δὲ
1035 1823 1510 1893 ἀποθνῄσκοντας
1546 1828 1699 1892 ἡμῶν
1736 1822 2172 1890 κεκολασμένους
2208 1824 2311 1893 ἤδη

5 1902 10 1951 ÷
54 1913 132 1956 (301
154 1914 205 1953 Μ)
233 1905 435 1966 ἱκανῶς
486 1901 729 1956 λύεσθαί
774 1922 834 1956 τε
880 1907 974 1956 καὶ
1021 1903 1508 1958 ἀπαλλάττεσθαι.
1584 1906 1729 1958 εἶναι
1768 1906 1826 1959 δὲ
1864 1911 1960 1959 τὸν
1996 1911 2096 1973 μὲν
2133 1911 2310 1960 τόπον
2335 1913 2394 1962 11

6 1955 11 2084 ῐ
151 1997 198 2041 20
234 1995 448 2052 τοῦτον,
489 1990 551 2040 ὃν
587 1992 797 2055 κόσμον
838 1986 1205 2056 ὀνομάζομεν,
1254 1989 1635 2060 δεσμωτήριον
1672 1993 1784 2043 ὑπὸ
1822 1999 1932 2043 τῶν
1970 1995 2124 2044 θεῶν
2159 2010 2315 2043 κατε-

6 2089 10 2117 t
234 2078 606 2140 σκευασμένον
638 2072 892 2138 χαλεπόν
918 2092 978 2125 τε
1014 2076 1108 2126 καὶ
1141 2073 1429 2144 δυσάερον,
1469 2074 1740 2127 οὐδέποτε
1777 2079 1875 2147 τὴν
1914 2079 2081 2147 αὐτὴν
2117 2079 2312 2146 κρᾶσίν

6 2120 12 2291 ᾖ
230 2176 290 2213 τε,
327 2160 421 2210 καὶ
461 2160 659 2209 στάσιν
699 2164 802 2208 τοῦ
838 2159 1004 2224 ἀέρος
1044 2156 1341 2228 φυλάττον,
1383 2157 1522 2210 ἀλλὰ
1564 2163 1703 2211 ποτὲ
1741 2163 1841 2226 μὲν
1876 2164 2091 2230 ψυχρόν
2128 2178 2187 2211 τε
2224 2162 2317 2211 καὶ

0 1854 11 1980 ἱ]

231 2245 493 2312 παγερόν,
523 2244 729 2309 ἀνέμου
758 2260 819 2294 τε
843 2245 938 2295 καὶ
963 2241 1150 2313 πηλοῦ
1172 2246 1264 2295 καὶ
1279 2247 1470 2308 χιόνος
1494 2247 1587 2296 καὶ
1606 2243 1809 2306 ὕδατος
1835 2243 2317 2315 ἐμπεπλησμένον,

232 2331 371 2383 ποτὲ,
394 2326 454 2380 δὲ
483 2329 555 2379 αὖ
576 2329 796 2398 θερμόν
821 2346 881 2379 τε
905 2330 999 2380 καὶ
1024 2332 1295 2398 πνιγηρόν
1312 2341 1322 2352 ·
1349 2332 1546 2398 μικρὸν
1574 2328 1636 2380 δέ
1659 2348 1783 2381 τινα
1812 2329 2101 2391 παντελῶς
2125 2331 2316 2397 καιρὸν

0 2419 11 2434 '¹
150 2421 197 2467 25
233 2419 336 2468 τοῦ
351 2414 510 2475 ἔτους
529 2416 771 2482 μετρίως
791 2415 934 2478 ἔχειν
951 2426 962 2437 ·
988 2416 1400 2484 κατασκήπτειν
1425 2413 1592 2466 δὲκαὶ
1618 2424 1943 2487 πρηστῆρας
1969 2419 2026 2467 ἐν
2055 2414 2201 2483 αὐτῷ
2227 2415 2320 2465 καὶ

0 2433 2 2544 λ
230 2505 494 2568 τυφῶνας
514 2500 876 2566 ἐγγίγνεσθαι
896 2501 990 2550 καὶ
1010 2496 1283 2560 πολλάκις
1307 2501 1571 2552 σείεσθαι
1589 2502 1848 2552 κάτωθεν
1874 2499 2017 2553 ὅλον.
2064 2506 2236 2551 ταῦτα
2259 2497 2317 2549 δὲ

0 2545 3 2731 Ι
231 2585 416 2634 πάντα
440 2583 586 2635 εἶναι
608 2581 869 2646 κολάσεις
891 2582 1092 2645 δεινάς.
1139 2582 1560 2653 ἐκπλήττεσθαι
1585 2586 1687 2654 γάρ
1715 2588 1978 2636 ἑκάστοτε
2003 2577 2106 2635 ὑπ’
2133 2584 2312 2634 αὐτῶν
2337 2583 2400 2634 12

229 2669 322 2720 καὶ
349 2669 667 2738 φοβεῖσθαι
694 2671 825 2730 τούς
852 2670 1216 2739 ἀνθρώπους,
1257 2671 1429 2720 ὁπότε
1459 2671 1771 2736 συμβαίνοι.
1841 2672 1984 2739 πρὸς
2011 2668 2070 2720 δὲ
2096 2670 2317 2726 τούτοις

233 2755 328 2806 οὐκ
348 2755 714 2821 ἀνεχομένους
734 2761 835 2806 τοῦ
853 2755 1019 2824 ἀέρος
1039 2756 1137 2825 τὴν
1159 2752 1481 2824 φαυλότητα
1508 2755 1721 2815 καὶτὰς
1737 2751 2052 2820 μεταβολὰς
2071 2755 2230 2819 ἕτερα
2248 2751 2322 2801 αὖ

94 2823 98 2829 “
147 2845 197 2891 30
229 2839 598 2908 μηχανᾶσθαι
622 2840 791 2908 μικρὰ
820 2837 1192 2909 δεσμωτήρια,
1231 2841 1332 2899 τάς
1366 2856 1425 2889 τε
1466 2840 1646 2899 οἰκίας
1676 2840 1769 2890 καὶ
1803 2836 2016 2900 πόλεις,
2059 2834 2191 2899 ξύλα
2225 2838 2318 2886 καὶ

12 2931 210 2975 ‹semu›
231 2921 432 2985 λίθους
480 2921 859 2987 ξυντιθέντας,
901 2918 1091 2992 ὥσπερ
1131 2922 1189 2974 εἴ
1219 2940 1305 2983 τις
1343 2925 1400 2973 έν
1429 2920 1636 2990 μεγάλῃ
1677 2923 1864 2990 εἱρκτῇ
1889 2925 2081 2989 ἑτέρας
2117 2921 2314 2987 βραχυ-

229 3011 393 3076 τέρας
438 3006 800 3074 ἐνοικοδομοῖ
808 3020 819 3032 ·
867 3009 960 3059 καὶ
996 3008 1065 3057 τὰ
1107 3009 1356 3076 φυόμενα
1396 3012 1568 3056 ταῦτα
1612 3007 1704 3057 καὶ
1740 3007 1836 3055 τὸν
1872 3007 2087 3074 καρπὸν
2124 3006 2220 3054 τὸν
2257 3005 2316 3054 ἐκ

226 3098 324 3160 γῆς
372 3094 526 3141 ἕνεκα
574 3098 677 3141 τοῦ
733 3095 1078 3160 παραμένειν
1127 3094 1270 3160 ἡμᾶς
1318 3091 1641 3156 γίγνεσθαι,
1690 3090 1954 3159 καθάπερ
2003 3087 2316 3155 δεσμώταις

339 3271 363 3311 3
397 3265 560 3322 ἀλλοις
596 3268 647 3313 Μ
818 3267 877 3313 cf.
908 3268 1039 3314 Hom.
1070 3268 1123 3315 Il.
1144 3267 1213 3312 III
1244 3271 1298 3311 65
1341 3263 1474 3312 οὗτοι
1516 3261 1753 3326 ἀπόβλητ’
1796 3264 1895 3313 ἐστὶ
1935 3271 2064 3315 θεῶν
2099 3267 2313 3329 ἐρικυδέα

225 3343 354 3399 δῶρα
443 3344 467 3384 6
500 3332 652 3393 οὕτως
672 3340 714 3386 U
799 3344 826 3384 9
858 3332 1006 3387 οἷοίτ’
1027 3338 1067 3383 U
1159 3341 1208 3381 13
1239 3333 1324 3395 τὴν
1351 3334 1588 3394 ὑμετέραν
1608 3336 1686 3381 UB
1776 3340 1830 3380 22
1863 3335 2163 3394 φυλάττοντα
2184 3340 2231 3382 Μ

228 3415 284 3455 24
312 3407 544 3469 πνιγερὸν
564 3411 709 3466 UBM,
739 3406 972 3470 πνιγηρὸν
991 3410 1029 3453 Τ
1118 3412 1172 3454 25
1201 3404 1561 3466 κατασκήπτειν
1581 3408 1758 3465 scripsi,
1787 3410 2102 3455 καταπίπτειν
2130 3410 2232 3455 libri

225 3485 278 3526 26
308 3479 503 3529 κάτωθε
533 3479 687 3538 νόμον
715 3481 766 3526 Μ
897 3484 951 3525 28
983 3481 1208 3538 συμβένοι
1237 3479 1279 3525 U
1423 3482 1476 3522 29
1508 3473 1792 3536 ἀνεχόμενοι
1824 3480 1862 3525 Β
1891 3474 2183 3537 ἀνεχομένου
2212 3479 2317 3533 UM,

224 3548 547 3612 ἀνεχομένους
577 3553 615 3597 Τ
752 3557 805 3597 30
834 3554 1114 3611 μηχανᾶσθε
1145 3550 1180 3592 Β
1324 3541 1412 3603 τάς
1440 3565 1494 3596 τε
1524 3574 1578 3582 -
1610 3545 1775 3602 πόλεις
1804 3550 1979 3594 mallem
2007 3550 2182 3603 abesse,
2213 3550 2317 3606 quia

230 3635 258 3667 a
288 3624 614 3669 consuetudine
643 3624 777 3669 huius
807 3622 983 3678 generis
1012 3619 1318 3666 narrationum
1347 3619 1594 3666 abhorrent
1707 3621 1788 3665 καὶ
1818 3615 1929 3674 ξύλα
1962 3620 2005 3669 U
2090 3624 2139 3664 31
2174 3623 2314 3673 ξυντι-

223 3692 392 3749 θέντες
420 3695 500 3741 UB
617 3693 795 3756 εἵρκτηι
825 3694 863 3739 U
988 3695 1040 3736 32
1070 3687 1377 3746 ἐνοικοδόμοι
1405 3690 1454 3734 Μ
