2684 4140
340 258 441 305 184
1017 247 1167 293 DION
1168 247 1222 291 IS
1251 247 1339 291 DE
1365 245 1747 291 PHILOSOPHO
2570 0 2657 322 j

334 415 448 449 τειν
485 397 578 446 καὶ
615 387 772 462 ᾅδειν
799 394 944 459 πρὸς
968 392 1219 460 κιθάραν
1255 392 1349 442 καὶ
1385 387 1692 459 τραγῳδεῖν
1729 390 1823 440 καὶ
1852 386 2118 440 παλαίειν
2156 390 2250 441 καὶ
2286 405 2427 457 παγ-

330 475 659 550 κρατιάζειν.
737 478 882 547 φασὶ
920 474 976 526 δὲ
1017 477 1110 526 καὶ
1145 477 1385 545 γράφειν
1422 476 1516 525 καὶ
1553 472 1822 524 πλάττειν
1863 475 2050 525 ἱκανὸν
2078 476 2244 526 αὐτὸν
2283 474 2430 527 εἶναι

329 566 421 615 καὶ
459 557 646 613 αὐλεῖν
684 560 764 628 τῷ
801 578 861 611 τε
903 562 1142 625 στόματι
1181 561 1275 610 καὶ
1312 563 1438 621 ταῖς
1469 556 1788 625 μασχάλαις
1815 560 1985 611 ἀσκὸν
2014 558 2426 628 ὑποβάλλοντα,

328 651 484 708 ὅπως
523 645 918 716 διαπεφευγὼς
953 628 989 713 ᾗ
1028 647 1091 695 τὸ
1133 646 1364 714 αἰσχρὸν
1402 646 1466 694 τὸ
1506 651 1604 714 τῆς
1638 637 1901 714 Ἀθηνᾶς.
1980 646 2177 696 οὔκουν
2214 647 2427 717 ὑπῆρχε

330 734 508 802 σοφός
520 749 540 793 ,·
2455 731 2480 771 5

716 1052 836 1120 (55)
883 1049 1143 1119 ΠΕΡΙ
1189 1049 1393 1116 TOY
1442 1048 2049 1116 ΣΧΗΜΑΤΟΣ.
2446 1071 2668 1155 (εεεῑιιιιῐ

1294 1195 1461 1202 ——.-

262 1302 284 1350 1
467 1294 584 1345 Διά
623 1295 681 1345 τί
718 1310 861 1346 ποτε
900 1296 957 1345 οἱ
995 1295 1320 1364 ἄνθρωποι,
1361 1297 1492 1345 ὅταν
1529 1298 1631 1360 μέν
1669 1312 1794 1345 τινα
1837 1291 2036 1346 ἴδωσιν
2076 1297 2210 1347 αὐτὸ
2256 1299 2428 1362 μόνον

321 1385 532 1444 χιτῶνα
561 1380 775 1445 ἔχοντα,
806 1380 931 1431 οὔτε
960 1384 1336 1449 προσέχουσιν
1365 1381 1490 1431 οὔτε
1528 1377 1848 1447 διαγελῶσι,
1890 1377 2241 1448 λογιζόμενοι
2266 1384 2428 1447 τυχὸν

324 1460 471 1531 <ὅτι>
507 1467 711 1535 ναύτης
749 1467 902 1534 ἐστὶν
941 1467 972 1515 ὁ
1009 1466 1324 1534 ἄνθρωπος
1349 1467 1442 1516 καὶ
1479 1468 1568 1516 ὅτι
1596 1463 1755 1516 οὐδὲν
1785 1463 1878 1516 δεῖ
1894 1464 2198 1533 καταγελᾶν
2225 1469 2425 1518 τούτου

326 1551 511 1601 ἕνεκα·
563 1551 773 1615 ὁμοίως
824 1543 947 1601 οὐδ’
992 1549 1050 1600 εἴ
1081 1568 1206 1601 τινα
1249 1547 1425 1601 ἴδοιεν
1463 1557 1712 1619 γεωργοῦ
1749 1548 1950 1621 στολήν
1990 1552 2186 1616 ἔχοντα
2222 1554 2254 1622 ἢ
2297 1569 2427 1604 ποι-

324 1639 518 1700 μένος,
559 1632 806 1701 ἐξωμίδα
846 1636 1043 1700 ἔχοντα
1081 1637 1113 1705 ἢ
1157 1632 1443 1705 διφθέραν
1482 1637 1788 1704 ἐνημμένον
1825 1637 1857 1706 ἢ
1896 1637 2180 1707 κοσύμβην
2217 1636 2421 1688 ὑποδε-
2460 1649 2506 1690 1ο

327 1719 528 1771 δυκότα
581 1721 643 1771 οὐ
689 1717 1161 1785 χαλεπαίνουσιν,
1221 1713 1348 1770 ἀλλ’
1404 1718 1530 1771 οὐδὲ
1580 1727 2040 1790 προσποιοῦνται
2087 1724 2186 1792 τήν
2236 1724 2423 1793 ἀρχήν,

259 1818 289 1867 2
328 1809 626 1876 ήγούμενοι
665 1806 973 1875 προσήκειν
1011 1807 1110 1875 τήν
1152 1802 1354 1875 στολήν
1393 1803 1472 1872 τῷ
1511 1808 1771 1856 τοιοῦτόν
1809 1823 1864 1856 τι
1903 1808 2229 1875 πράττοντι.
2297 1811 2429 1870 τούς

325 1908 385 1959 γε
422 1894 530 1962 μήν
566 1888 856 1960 καπήλους
895 1892 1160 1940 ἑκάστοτε
1202 1891 1442 1959 ὁρῶντες
1491 1892 1602 1959 πρὸ
1655 1896 1767 1941 τῶν
1814 1888 2138 1961 καπηλείων
2188 1889 2427 1955 ἅνεζωσ-
2667 1943 2672 1959 ,η

324 1980 525 2042 μένους
564 1974 837 2027 οὐδέποτε
876 1971 1222 2039 τωθάζουσι,
1260 1973 1609 2043 καταγελῷεν
1650 1969 1707 2026 δ’
1751 1977 1818 2027 ἂν
1856 1978 2210 2042 τούναντίον,
2263 1980 2313 2029 εἰ
2349 1982 2422 2051 μή
2451 1991 2529 2031 (628
2550 1990 2603 2034 Μ)

329 2064 504 2124 οὕτως
543 2064 1004 2127 ἐνεσκευασμένοι
1041 2060 1178 2124 εἷεν,
1229 2063 1307 2122 ὡς
1357 2062 1565 2112 οἰκείου
1604 2068 1707 2112 τοῦ
1744 2063 2025 2132 σχήματος
2073 2064 2423 2133 ὑπάρχοντος
2461 2073 2508 2114 15

326 2154 395 2217 τῇ
432 2148 684 2216 ἐργασίᾳ,
722 2148 787 2216 ἢν
825 2142 1323 2216 μεταχειρίζονται.
1400 2144 1636 2198 ἐπειδάν
1677 2144 1739 2197 δέ
1775 2165 1901 2198 τινα
1943 2145 2143 2199 ἴδωσιν
2183 2150 2427 2214 ἀχίτωνα

326 2233 383 2283 ἐν
427 2234 928 2300 ἱματίῳ·κομῶντα
967 2234 1065 2302 τήν
1103 2229 1351 2302 κεφαλήν
1387 2233 1482 2283 καὶ
1519 2233 1588 2282 τὰ
1627 2236 1839 2300 γένεια,
1892 2226 1988 2298 οὐχ
2040 2232 2156 2284 οἶοί
2202 2238 2265 2284 τέ
2315 2235 2428 2294 εἰσι

326 2319 473 2387 πρὸς
522 2319 755 2379 τούτους
802 2320 899 2388 τήν
947 2318 1180 2385 ἡσυχίαν
1232 2319 1386 2384 ἄγειν
1451 2310 1579 2368 οὐδὲ
1646 2325 1774 2387 σιγῇ
1825 2319 2246 2387 παρέρχεσθαι,
2296 2310 2421 2369 ἀλλ’

327 2404 666 2474 ἐφίστανται
702 2405 796 2454 καὶ
832 2398 1158 2472 ἐρεθίζουσι
1194 2405 1288 2454 καὶ
1322 2404 1451 2471 ἢτοι
1475 2401 1852 2471 κατεγέλασαν
1877 2405 1909 2474 ἢ
1939 2401 2309 2474 ἐλοιδόρησαν
2334 2405 2428 2455 καὶ

327 2490 506 2539 ἐνίοτε
554 2486 807 2539 ἕλκουσιν
856 2485 1288 2555 ἐπιλαβόμενοι,
1338 2491 1471 2540 ὅταν
1522 2490 1647 2540 τινὰ
1701 2491 1879 2558 ὁρῶσι
1926 2492 1999 2560 μή
2055 2492 2201 2540 πάνυ
2252 2491 2422 2558 ἐρρω-
2461 2500 2507 2541 20

326 2579 494 2640 μένον
534 2567 701 2625 αὐτὸν
738 2572 878 2643 μηδὲ
918 2571 1087 2624 ἄλλον
1124 2571 1336 2643 μηδένα
1377 2577 1633 2644 παρόντα
1672 2577 1769 2625 τὸν
1807 2576 2295 2645 ἐπιβοηθήσοντα,
2334 2575 2428 2625 καὶ

327 2665 501 2710 ταῦτα
541 2657 755 2721 εἰδότες
802 2662 890 2710 ὅτι
927 2663 1048 2721 τοῖς
1095 2656 1461 2725 καλουμένοις
1513 2658 1861 2730 φιλοσόφοις
1912 2658 2158 2731 ξυνήθης
2206 2661 2358 2710 ἐστὶν
2395 2663 2640 2727 ή(3831ὶΠ)

261 2754 292 2806 3
333 2743 500 2815 στολή
543 2747 678 2814 αὕτη
717 2746 811 2796 καὶ
847 2747 1060 2814 τρόπον
1099 2745 1224 2795 τινὰ
1264 2741 1723 2815 ἀποδεδειγμένη.
1937 2746 1967 2795 ὂ
2008 2744 2066 2796 δὲ
2105 2746 2191 2795 ἔτι
2228 2746 2427 2795 τούτου

335 2827 820 2900 παραδοξότερον·
861 2828 1004 2881 ἔνθα
1044 2830 1148 2899 γάρ
1189 2831 1368 2880 ἐνίοτε
1407 2827 1717 2896 βλέπουσιν
1757 2831 2121 2899 ἀνθρώπους,
2160 2831 2291 2890 τούς
2326 2834 2427 2895 μέν

2662 1663 2671 1677 ,Γ
2662 1634 2668 1654 0<
2669 1613 2671 1617 .
2662 1586 2671 1606 a,
2660 1502 2671 1577 ‚tntu-5

470 3013 495 3054 2
525 3012 607 3056 καὶ
636 3014 742 3054 ante
770 3005 975 3068 γράφειν
1005 3022 1091 3053 om.
1123 3008 1165 3051 H
1296 3011 1320 3051 3
1353 3003 1694 3067 ὑποβάλλοντα
1725 3008 1858 3052 ΜΡΗ
1888 3003 2201 3068 ὕποβαλόντα
2232 3007 2314 3053 UB

328 3081 355 3121 4
386 3077 443 3123 τὸ
474 3082 582 3122 ante
611 3080 693 3135 τῆς
722 3090 808 3122 om.
836 3076 917 3121 PH
1033 3082 1056 3118 5
1090 3079 1256 3135 σοφῶς
1285 3075 1326 3120 U
1347 3089 1406 3120 m.
1429 3089 1496 3132 pr.
1586 3075 1759 3132 signum
1780 3077 2146 3134 interrogationis
2176 3079 2329 3135 posui;
2362 3083 2429 3123 est

331 3147 446 3191 enim
475 3148 622 3192 ironia
756 3151 781 3192 6
813 3144 974 3194 ἴδωσιν
1005 3142 1124 3193 αὐτὸ
1156 3147 1235 3191 UB
1268 3143 1429 3192 ἴδωσιν
1459 3140 1607 3193 αὐτοῦ
1637 3154 1701 3200 (at
1732 3164 1789 3193 ov
1817 3150 1863 3194 in
1892 3150 2044 3204 litura)
2074 3149 2122 3192 M
2153 3146 2285 3195 ἴδωσι
2321 3146 2428 3195 ναύ-

329 3233 415 3263 του
435 3217 516 3261 ΡΗ
603 3222 626 3261 7
649 3218 940 3277 προσέχουσι
959 3218 1035 3263 ΒΡ
1126 3221 1149 3262 8
1183 3209 1257 3263 ὅτι
1287 3217 1486 3261 inserere
1515 3218 1654 3262 malui
1675 3231 1807 3274 quam
1830 3213 1905 3267 ὅτι
1935 3223 2042 3265 ante
2065 3214 2201 3266 οὐδὲν
2222 3220 2372 3265 delere

331 3291 356 3331 9
388 3281 494 3334 οὐδὲ
525 3287 562 3331 Β
707 3285 880 3347 ἔχοντα
913 3293 1016 3346 post
1045 3287 1249 3345 ἐξωμίδα
1280 3301 1366 3332 om.
1399 3288 1478 3331 PH
1629 3293 1679 3333 10
1710 3288 1989 3351 κοσσύμβην
2021 3290 2059 3335 U
2205 3289 2429 3338 ἇποδεδυ·

330 3353 452 3403 κότα
483 3358 532 3400 Μ
621 3362 672 3402 12
703 3357 935 3419 πράξαντι
966 3360 1070 3413 ΒΜ,
1100 3361 1146 3403 in
1176 3359 1219 3405 U
1249 3374 1334 3405 ττο
1366 3359 1413 3402 in
1441 3372 1600 3403 rasura
1705 3364 1759 3405 13
1788 3359 2138 3418 ἐνεζωσμένους
2167 3362 2255 3405 ΒΜ
2284 3359 2427 3417 ἐζωσ-

331 3427 514 3484 μένουςΥ
533 3432 665 3482 (corr.
699 3443 920 3486 superscr.
953 3428 1054 3485 άν·)
1084 3431 1123 3476 U
1246 3434 1296 3474 14
1327 3426 1629 3487 θαυμάζουσι
1659 3431 1700 3474 H
1731 3435 1801 3477 τῶ
1830 3429 2128 3489 θαυμάζουσι
2164 3431 2215 3474 Μ
2243 3428 2425 3487 θαυμά-

330 3496 434 3555 ζων
457 3499 491 3543 Ρ
606 3500 695 3557 μὲν
724 3514 807 3556 pro
837 3500 899 3560 μὴ
931 3502 966 3545 Ρ
1087 3505 1137 3545 16
1167 3499 1325 3558 ἐπειδὴ
1357 3502 1392 3544 Ρ
1514 3505 1563 3547 18
1595 3499 1786 3557 τούτοις
1815 3503 1900 3547 MP
2030 3502 2116 3561 τὴν
2145 3516 2229 3547 om.
2259 3501 2341 3546 ΡΗ

329 3569 443 3628 μηδὲ
463 3574 571 3629 σιγῇ
591 3571 633 3616 U
723 3575 773 3615 19
796 3572 1094 3630 αἰρεθίζουσι
1117 3573 1164 3614 Μ
1265 3574 1345 3618 καὶ
1367 3573 1541 3629 scripsi,
1571 3570 1601 3632 ἢ
1620 3573 1724 3617 libri
1745 3578 1868 3626 (ante
1887 3571 2058 3626 ἐνίοτε)
2158 3576 2210 3616 22
2233 3569 2426 3631 ξύνηθές

331 3639 460 3687 ἐστιν
488 3642 590 3685 libri
620 3647 800 3698 praeter
829 3643 879 3687 M
969 3647 1022 3687 23
1054 3642 1455 3701 ἀποδεδειγμένον
1484 3644 1565 3687 PH
1653 3643 1753 3690 ἐστὶ
1781 3657 1866 3700 pro
1898 3641 1966 3691 ἔτι
1996 3644 2031 3688 Ρ
2127 3648 2180 3687 24
2210 3645 2423 3688 fortasse:

331 3705 508 3758 ἐνθάδε
540 3712 635 3756 scil.
667 3712 838 3758 Romae
867 3718 919 3758 ut
948 3715 977 3758 l.
1007 3718 1056 3758 19
1079 3727 1122 3769 p.
1149 3717 1254 3768 1853
1286 3713 1364 3757 sed
1394 3715 1527 3757 etiam
1558 3715 1724 3760 tradita
1753 3715 1887 3760 lectio
1918 3714 2260 3771 explicationem
2290 3715 2426 3759 habet
