2684 4140
231 1004 353 1071 (19)
408 1001 1430 1153 BOPYEQENITIIfiffi'quffi
1457 1002 1837 1070 ΑΝΕΓΝΩ
1895 1006 2022 1073 EN
2074 1008 2246 1143 ΤΗΙ
2316 1044 2318 1047 >

333 1322 649 1397 Ἐτύγχανον
685 1330 787 1394 μὲν
824 1325 1118 1398 ἐπιδημῶν
1144 1331 1202 1379 ἐν
1228 1330 1581 1399 Βορυσθένει
1618 1332 1681 1381 τὸ
1708 1330 1915 1400 θέρος,
1937 1334 2111 1385 ὁπότε
2137 1336 2279 1385 εἰσέ-
2322 1336 2345 1384 1

198 1413 413 1466 πλευσα
461 1414 601 1479 μετὰ
649 1414 748 1483 την
798 1414 1003 1483 φυγήν,
1053 1410 1393 1479 βουλόμενος
1440 1412 1660 1478 ἐλθεῖν,
1712 1416 1809 1467 ἐὰν
1859 1414 2157 1484 δύνωμαι,Δ
2190 1417 2283 1470 διὰ

194 1500 430 1550 Σκυθῶν
496 1499 578 1559 εἰς
642 1499 846 1560 Γέτας,
913 1499 1072 1558 ὅπως
1134 1498 1442 1564 θεάσωμαι
1507 1501 1673 1551 τάκεῖ
1732 1503 2036 1570 πράγματα
2106 1504 2282 1555 ὁποῖά

196 1585 334 1632 ἐστι.
432 1583 526 1633 καὶ
581 1579 644 1653 δὴ
700 1582 795 1633 καὶ
851 1583 1232 1651 περιεπάτουν
1291 1584 1424 1653 περὶ
1480 1581 1820 1654 πλήθουσαν
1869 1587 2078 1656 ἀγορὰν
2127 1590 2283 1657 παρὰ

140 1673 164 1713 5
199 1668 296 1717 τὸν
320 1659 571 1717 τ’Υπανιν.
646 1670 677 1737 ἡ
716 1667 820 1735 γὰρ
859 1664 1029 1728 πόλις
1065 1669 1129 1718 τὸ
1167 1668 1268 1733 μὲν
1308 1669 1481 1734 ὄνομα
1520 1666 1749 1739 εἴληφεν
1802 1671 1919 1721 ἀπὸ
1971 1677 2074 1722 τοῦ
2106 1674 2282 1742 Βορυ-

200 1752 441 1813 σθένους
468 1749 562 1802 διὰ
586 1753 649 1801 τὸ
687 1748 891 1813 κάλλος
921 1753 1015 1802 καὶ
1046 1753 1110 1802 τὸ
1136 1753 1382 1819 μέγεθος
1407 1759 1510 1803 τοῦ
1533 1760 1810 1820 ποταμοῦ,
1841 1760 2023 1815 κεῖται
2050 1753 2109 1806 δὲ
2139 1759 2284 1826 πρὸς

196 1835 277 1904 τῷ
308 1830 566 1887 Ὑπάνιδι
602 1837 636 1906 ἥ
673 1852 732 1887 τε
773 1842 867 1887 νῦν
891 1837 985 1888 καὶ
1008 1840 1040 1906 ἡ
1082 1838 1359 1906 πρότερον
1387 1839 1565 1899 οὕτως
1596 1831 1812 1905 ᾠκεῖτο,
1852 1843 1914 1890 οὐ
1954 1838 2100 1891 πολὺ
2140 1843 2282 1892 ἄνω-

197 1922 303 1972 θεν
341 1927 439 1991 τῆς
469 1913 777 1970 Ἱππολάου
814 1918 1157 1991 καλουμένης
1195 1922 1367 1990 ἄκρας
1406 1923 1463 1972 ἐν
1501 1920 1580 1989 τῷ
1617 1916 1742 1973 κατ’
1787 1925 2028 1994 ἀντικρύ.
2114 1932 2279 1977 τοῦτο
2320 1925 2351 1974 2

62 2006 95 2040 R
119 2005 173 2047 11)
199 2004 262 2057 δέ
298 2007 421 2056 ἐστι
457 2012 555 2075 τῆς
588 2007 776 2074 χώρας
815 2002 910 2068 ὀξὺ
947 2007 1042 2056 καὶ
1081 2008 1305 2074 στερεὸν
1346 2007 1538 2074 ὥσπερ
1588 2005 1854 2073 ἔμβολον,
1906 2011 2039 2078 περὶ
2076 2010 2107 2059 ὃ
2149 2024 2281 2076 συμ-

119 2087 164 2129 1⁰
202 2092 514 2142 πίπτουσιν
553 2091 609 2139 οἱ
646 2091 913 2155 ποταμοί.
975 2091 1039 2139 τὸ
1081 2087 1140 2140 δὲ
1178 2090 1439 2140 ἐντεῦθεν
1477 2088 1581 2160 ἤδη
1623 2088 1951 2157 λιμνάζουσι
1987 2097 2149 2164 μέχρι
2176 2096 2283 2146 θαὲ

198 2172 400 2242 λάττης
439 2175 538 2224 ἐπὶ
569 2172 830 2235 σταδίους
859 2170 1053 2239 σχεδόν
1078 2191 1136 2224 τι
1163 2171 1513 2235 διακοσίους·
1551 2175 1646 2226 καὶ
1682 2178 1745 2226 τὸ
1787 2177 1946 2245 εὖρος
1986 2180 2082 2244 οὐχ
2118 2180 2284 2251 ἧττον

194 2260 365 2327 ταύτῃ
405 2264 516 2309 τῶν
554 2264 844 2325 ποταμῶν.
928 2259 1052 2309 ἔστι
1101 2255 1160 2308 δὲ
1216 2259 1389 2308 αὐτοῦ
1430 2261 1493 2309 τὸ
1544 2261 1646 2324 μὲν
1696 2258 1870 2312 πλέον
1917 2266 2147 2331 τέναγος
2193 2268 2285 2317 καὶ

194 2340 399 2413 γαλήνη
440 2348 566 2404 ταῖς
603 2341 818 2404 εὐδίαις
858 2344 1049 2412 ὥσπερ
1077 2344 1136 2394 ἐν
1165 2340 1326 2412 λίμνῃ
1355 2344 1603 2410 γίγνεται
1643 2346 1914 2416 σταθερά.
1980 2349 2038 2399 ἐν
2067 2346 2124 2399 δέ
2164 2354 2286 2412 τοῖς

199 2425 406 2491 δεξιοῖς
446 2429 709 2498 φαίνεται
748 2430 1032 2493 ποταμός,
1079 2429 1174 2478 καὶ
1219 2429 1616 2497 τεκμαίρονται
1667 2432 1722 2480 οἱ
1769 2429 2129 2494 εἰσπλέοντες
2167 2435 2283 2486 ἀπὸ

17 2540 27 2568 23
118 2512 165 2554 15
201 2519 302 2562 τοῦ
337 2514 613 2582 ρεύματος
649 2515 711 2563 τὸ
751 2513 952 2579 βάθος.
1029 2513 1277 2581 ὅθενπερ
1315 2514 1409 2563 καὶ
1445 2510 1656 2583 ἐξίησι,
1707 2513 1801 2567 διὰ
1850 2518 1949 2588 τὴν
1995 2519 2151 2583 ἰσχύν
2187 2527 2290 2570 τοῦ

45 2619 61 2697 ξ
196 2598 323 2666 ροῦ·
364 2598 414 2647 εἰ
443 2595 501 2647 δὲ
527 2598 620 2667 μή,
658 2594 871 2666 ρᾳδίως
909 2598 976 2647 ἂν
1013 2598 1323 2666 ἐφράττετο
1363 2604 1466 2648 τοῦ
1500 2601 1663 2649 νότου
1692 2597 1912 2651 πολλοῦ
1932 2603 2071 2652 κατὰ
2103 2606 2282 2670 στόμα

197 2682 711 2742 εἰσπνέοντος.τὸ
753 2678 812 2731 δὲ
853 2678 1054 2732 λοιπὸν
1092 2674 1211 2750 ᾐών
1248 2684 1402 2732 ἐστιν
1441 2679 1654 2752 ἑλώδης
1689 2685 1782 2735 καὶ
1809 2682 2008 2737 δασεῖα
2047 2685 2275 2757 καλάμῳ
2320 2687 2350 2737 3

195 2784 288 2817 και
338 2764 604 2833 δένδροις.
696 2767 961 2835 φαίνεται
1010 2763 1068 2816 δὲ
1118 2771 1229 2816 τῶν
1283 2764 1524 2836 δένδρων
1575 2765 1759 2819 πολλὰ
1807 2771 1902 2821 καὶ
1938 2772 1997 2821 ἐν
2033 2775 2174 2841 μέση
2215 2780 2284 2843 τῇ

200 2848 389 2920 λίμνῃ,
440 2852 516 2911 ὡς
555 2852 736 2911 ἱστοῖς
785 2854 1208 2919 προσεοικέναι,
1256 2852 1349 2902 καὶ
1395 2849 1498 2921 ἤδη
1550 2853 1698 2914 τινὲς
1734 2859 1845 2907 τῶν
1897 2855 2282 2926 ἀπειροτέρων

46 2976 49 2979 Α
117 2937 164 2979 20
203 2933 524 3005 διήμαρτον,
565 2935 642 2996 ὡς
680 2936 778 2986 ἐπὶ
805 2932 979 2986 πλοῖα
1007 2936 1316 3000 ἐπέχοντες.
1379 2938 1549 3005 ταύτῃ
1592 2934 1650 2987 δὲ
1688 2939 1781 2988 καὶ
1817 2943 1928 2988 τῶν
1967 2936 2116 2990 ἁλῶν
2161 2942 2284 2992 ἐστι

16 3020 25 3033 ’
197 3023 259 3072 τὸ
300 3018 543 3091 πλῆθος,
583 3021 719 3071 ὅθεν
760 3021 816 3070 οἱ
848 3017 1079 3080 πλείους
1105 3025 1216 3070 τῶν
1242 3020 1540 3088 βαρβάρων
1569 3018 1948 3087 λαμβάνουσιν
1976 3024 2284 3090 ὠνούμενοι

197 3107 326 3166 τους
365 3102 503 3166 άλας
539 3106 633 3155 καὶ
669 3096 1077 3173 τῶνἙλλήνων
1113 3105 1207 3154 καὶ
1243 3104 1479 3154 Σκυθῶν
1521 3105 1576 3154 οι
1600 3107 1963 3175 Χερρόνησον
2004 3109 2282 3172 οἰκοῦντες

196 3192 294 3260 τὴν
337 3191 628 3259 Ταυρικήν.
692 3185 981 3238 ἐκδιδόασι
1010 3185 1068 3238 δὲ
1108 3189 1163 3237 οἱ
1190 3189 1440 3253 ποταμοὶ
1465 3190 1547 3250 εἰς
1572 3187 1875 3241 θάλασσαν
1914 3195 2070 3262 παρὰ
2112 3197 2284 3264 φρού-

197 3288 319 3338 ριον
365 3263 714 3340 Ἀλέκτορος,
766 3273 796 3322 ὃ
850 3269 1067 3338 λέγεται
1113 3279 1212 3342 τῆς
1261 3274 1518 3338 γυναικὸς
1567 3273 1712 3325 εἶναι
1759 3281 1862 3325 τοῦ
1905 3278 2284 3344 Σαυροματῶν

341 3457 357 3496 1
393 3453 689 3512 βωρυσθένει
720 3451 760 3497 U
780 3464 837 3496 m.
857 3464 928 3508 pr.
958 3450 1048 3494 ΒΜ
1149 3445 1214 3504 ὡς
1244 3447 1357 3497 τότε
1385 3451 1502 3505 libri,
1536 3445 1687 3499 ὁπότε
1708 3453 1900 3515 ¹Geelius
2016 3458 2042 3499 4
2071 3458 2152 3503 καὶ
2181 3461 2286 3512 post

194 3518 247 3580 δὴ
278 3535 366 3568 om.
396 3524 434 3567 Β
552 3528 575 3567 5
606 3515 811 3569 ῧσπανιν
840 3522 877 3566 Β
1009 3521 1349 3582 βωρυσθένους
1377 3521 1469 3566 UM
1614 3528 1637 3567 7
1668 3519 1880 3572 ὓπάνειὸι
1912 3526 1961 3570 Μ
2081 3529 2130 3571 13
2162 3528 2284 3586 γίνε-

196 3610 272 3639 ται
305 3594 343 3638 Β
491 3598 542 3638 16
574 3590 633 3641 ἀν
667 3590 934 3654 ἐφράττετο
976 3592 1138 3649 scripsi
1168 3586 1496 3651 α’νεφράττετο
1528 3593 1607 3638 UB
1640 3588 1961 3654 ἐνεφράττετο
1994 3596 2062 3653 Μ;
2100 3593 2160 3644 ἄν
2189 3596 2284 3645 ἐνε-

193 3662 434 3721 φράττετο
467 3664 676 3710 Reiskius
818 3669 868 3709 17
902 3660 1074 3723 ἑλώδης
1104 3664 1250 3720 Emp.‚
1282 3659 1454 3723 ὑλώδης
1484 3664 1587 3710 libri
1730 3670 1783 3711 20
1815 3673 1914 3714 τῶν
1943 3665 2103 3716 ἄλλων
2133 3669 2170 3713 Β

195 3736 248 3776 22
277 3731 603 3794 χεῤῥόννησον
633 3735 682 3779 Μ
798 3738 849 3779 23
882 3733 1115 3782 ἐκδιδοῦσι
1143 3735 1224 3781 UB
1253 3732 1489 3782 ἐκδίδοσιν
1518 3736 1598 3792 Μ.,
1631 3750 1746 3783 corr.
1778 3738 1913 3797 Emp.

239 3810 332 3846 DIO.
359 3812 407 3847 II.
1921 3814 1936 3854 ¹
