2684 4140
286 265 387 312 134
1081 247 1283 293 moms
1313 245 1538 291 NEssth

279 412 464 472 ἕτερον
507 403 656 469 ἥκεις
704 394 1013 460 ξύμμαχον,
1064 385 1233 442 αὐτόν
1278 407 1337 440 τε
1386 391 1605 458 ἄπορον
1653 391 1746 439 καὶ
1794 390 2000 458 ἔρημον
2047 385 2230 458 φίλων
2267 389 2365 438 ἐπὶ

277 484 443 557 τῆσδε
491 490 589 552 τῆς
627 482 794 549 ἀκτῆς
831 480 1190 546 ἐρριμμένον,
1240 473 1516 543 γλίσχρως
1551 475 1646 524 καὶ
1680 471 1846 539 μόλις
1884 475 2000 524 ἀπὸ
2041 471 2216 524 τῶνδε
2254 478 2365 523 τῶν

274 568 452 632 τόξων
490 560 792 633 πορίζοντα
829 562 923 611 καὶ
959 562 1175 630 τροφὴν
1211 560 1305 610 καὶ
1341 559 1578 629 ἐσθῆτα,
1619 560 1696 620 ὡς
1723 557 1874 628 ὁρᾷς.
1937 560 1969 628 ἢ
1999 559 2102 627 γὰρ
2128 555 2194 628 ἦν
2231 562 2364 628 ἡμῖν

274 654 452 722 ἐσθὴς
491 643 780 717 πρότερον,
819 647 932 696 ὑπὸ
971 651 1074 695 τοῦ
1101 640 1304 713 χρόνου
1343 640 1646 694 ἀνάλωται.
1722 645 1773 694 εἰ
1813 641 1871 694 δὲ
1914 641 1977 712 δὴ
2034 636 2191 695 τοῦδ’
2235 645 2364 694 ἑθε-

278 736 464 806 λήσεις
498 735 784 788 κοινωνεῖν
835 736 938 780 τοῦ
982 730 1110 796 βίου
1146 720 1287 794 μεθ’
1329 731 1484 796 ἡμῶν
1523 726 1760 792 ἐνθάδε,
1810 731 1917 791 ἕως
1965 730 2033 780 ἂν
2071 733 2233 799 ἑτέρα
2275 743 2368 780 σοι
2404 739 2427 779 5

276 822 580 889 παραπέσῃ
638 817 886 886 σωτηρία
926 815 1141 877 ποθέν,
1195 806 1293 864 οὐκ
1341 814 1408 864 ἂν
1449 814 1787 883 φθονοῖμεν.
1872 812 2106 884 δυσχερῆ
2153 831 2213 881 γε
2260 816 2367 885 μὴν

275 903 477 957 τᾶνδον
534 904 815 972 ὁράματα,
874 899 925 951 ὦ-
979 897 1124 963 ξένε,
1185 896 1502 965 τελαμῶνές
1557 915 1616 949 τε
1664 896 1692 925 *
1740 895 2019 950 ἀνάπλεοι
2071 900 2166 950 καὶ
2219 897 2582 953 ἀλλαωοεΒΠ)

280 993 481 1059 σημεῖα
519 994 617 1058 τῆς
654 989 851 1043 νόσου·
902 986 1068 1046 αὐτός
1105 1002 1167 1036 τε
1206 985 1303 1050 οὐχ
1339 982 1476 1055 ἡδύς
1514 981 1912 1051 ξυγγενέσθαι,
1952 987 2085 1035 ὅταν
2123 988 2155 1055 ἡ
2199 982 2364 1054 ὀδύνη
2672 967 2675 1038 λ

277 1077 594 1144 προσπέσῃ.
668 1072 856 1123 καίτοι
896 1067 1182 1141 λελώφηκε
1219 1069 1298 1138 τῷ
1332 1073 1512 1140 χρόνῳ
1553 1072 1617 1120 τὸ
1659 1066 1805 1119 πολὺ
1844 1076 1942 1140 τῆς
1990 1072 2187 1134 νόσου,
2238 1064 2363 1121 κατ’
2640 1061 2660 1101 '³

278 1161 450 1230 ἀρχὰς
489 1157 547 1210 δὲ
589 1155 848 1223 οὐδαμῶς
887 1157 1113 1217 ἀνεκτὸς
1149 1153 1230 1225 ἧν.
2414 1163 2460 1205 10

654 1592 773 1655 (43)
822 1587 1226 1655 ΝΕΣΣΟΣ
1272 1589 1346 1654 Η
1398 1588 2025 1657 ΔΗΙΑΝΕΙΡΑ.
2272 1684 2275 1685 ⁷
2395 1607 2474 1648 (578
2497 1606 2548 1647 M)

217 1843 239 1891 1
415 1825 586 1897 Ἔχεις
622 1848 723 1898 μοι
762 1829 927 1882 λῦσαι
963 1834 1171 1902 ταύτην
1207 1833 1306 1902 τὴν
1344 1833 1621 1901 ἀπορίαν,
1671 1835 1914 1902 πότερον
1954 1832 2186 1896 δικαίως
2223 1837 2377 1902 ἐγκα-

280 1917 469 1970 λοῦσιν
519 1920 574 1968 οἱ
618 1919 719 1983 μὲν
763 1916 845 1985 ’τῷ
880 1908 1210 1986 Ἀρχιλόχῳ,
1264 1918 1321 1967 οἱ
1371 1915 1429 1969 δὲ
1479 1915 1558 1985 τῷ
1596 1916 1887 1987 Σοφοκλεῖ
1916 1921 2049 1988 περὶ
2086 1926 2197 1971 τῶν
2234 1922 2375 1972 κατὰ

278 2007 373 2056 τὸν
411 2007 635 2061 Νέσσον
671 2004 764 2054 καὶ
801 1995 899 2073 τὴν
924 2004 1270 2072 Δηιάνειραν
1307 2003 1339 2072 ἢ
1384 2003 1479 2065 οὐ’,·
1520 2004 1664 2073 φασὶ
1688 2004 1792 2072 γὰρ
1834 2005 1890 2054 οἱ
1925 2006 2028 2070 μὲν
2065 2007 2162 2056 τὸν
2195 1998 2374 2074 Ἀρχί-

280 2087 440 2155 λοχον
481 2087 680 2158 ληρεῖν,
719 2094 994 2138 ποιοῦντα
1032 2089 1131 2158 τὴν
1168 2089 1514 2157 Δηιάνειραν
1552 2090 1611 2139 ἐν
1648 2087 1727 2155 τῳ
1765 2085 2076 2155 βιάζεσθαι
2123 2092 2236 2141 ὑπὸ
2275 2098 2378 2141 τοῦ

279 2177 598 2244 Κενταύρου
639 2175 784 2242 πρὸς
821 2175 917 2224 τὸν
948 2166 1219 2242 Ἡρακλέα
1259 2171 1660 2242 ῥαψῳδοῦσαν,
1702 2172 2235 2243 ἀναμιμνῄσκουσαν
2273 2183 2372 2246 τῆς
2414 2185 2457 2226 15

279 2268 381 2312 τοῦ
419 2254 692 2327 Ἀχελῴου
736 2261 1053 2329 μνηστείας
1088 2261 1183 2311 καὶ
1231 2265 1344 2310 τῶν
1392 2262 1519 2310 τότε
1568 2263 1908 2326 γενομένων·
1967 2261 2111 2311 ὥστε
2161 2258 2375 2331 πολλὴν

282 2344 481 2416 σχολὴν
519 2345 664 2396 εἶναι
701 2344 779 2413 τῷ
807 2348 1011 2412 Νέσσῳ
1053 2347 1160 2408 ὀ,τι
1197 2342 1460 2411 ἐβούλετο
1500 2342 1738 2413 πρᾶξαι·
1780 2346 1836 2394 οἱ
1875 2343 1934 2395 δὲ
1961 2347 2058 2396 τὸν
2082 2344 2376 2416 Σοφοκλέα

281 2434 391 2501 πρὸ
431 2438 533 2481 τοῦ
565 2437 765 2499 καιροῦ
801 2434 1179 2500 πεποιηκέναι
1215 2431 1314 2499 τὴν
1353 2426 1591 2492 τοξείαν,
1635 2427 2043 2496 διαβαινόντων
2071 2432 2254 2482 αὐτῶν
2293 2433 2377 2482 ἔτι

280 2520 376 2568 τὸν
415 2519 697 2582 ποταμόν·
739 2517 917 2576 οὕτως
954 2516 1057 2582 γὰρ
1094 2516 1164 2565 ἂν
1202 2516 1306 2566 καὶ-
1321 2517 1420 2585 τὴν
1445 2516 1791 2584 Δηιάνειραν
1819 2513 2168 2579 ἀπολέσθαι,
2209 2518 2379 2588 ἀφέν-

281 2619 377 2664 τος
414 2609 516 2652 τοῦ
550 2603 887 2670 Κενταύρου.
962 2597 1104 2650 ἀλλὰ
1142 2601 1245 2670 μή,
1294 2601 1562 2668 καθάπερ
1603 2598 1845 2663 εἴωθας,
1899 2598 2045 2651 πολὺ
2085 2602 2241 2671 παρὰ
2279 2604 2377 2671 τὴν
2415 2612 2462 2653 20

216 2691 247 2741 2
288 2685 454 2751 δόξαν
495 2685 614 2754 λέγε
651 2687 744 2736 καὶ
781 2682 1220 2751 πάντα-μᾶλλον
1257 2686 1289 2754 ἢ
1331 2687 1361 2735 ὅ
1398 2702 1486 2746 τις
1524 2686 1591 2735 ἂν
1632 2686 1879 2757 οἰηθείη.
1922 2713 1983 2720 -—
2012 2688 2081 2737 Δ.
2115 2670 2237 2756 Ἆρ’
2284 2687 2379 2737 οὖν

282 2770 523 2833 κελεύεις
569 2790 637 2837 με
684 2773 858 2822 ταῦτά
911 2785 1004 2831 σοι
1054 2768 1232 2838 λέγειν
1279 2772 1314 2819 ἅ
1362 2788 1450 2831 τις
1500 2771 1567 2820 ἂν
1620 2770 1848 2839 οἰηθείη
1891 2771 2084 2839 ὀρθῶς
2123 2773 2381 2837 οἰόμενος

283 2847 392 2927 ἢᾶ
429 2876 516 2918 τις
552 2858 750 2918 ἄνκαὶ
786 2858 859 2927 μὴ
903 2857 1128 2925 ὀρθῶς,·
1165 2883 1232 2892 -
1266 2847 1396 2922 Ἐγὼ
1436 2857 1538 2921 μὲν
1579 2857 1613 2905 οἳ
1653 2857 1720 2906 ἄν
1759 2873 1846 2916 τις
1885 2856 2079 2923 ὀρθῶς
2108 2858 2379 2922 οἰόμενος.

284 2970 355 2977 --
389 2944 457 2993 Δ.
491 2944 561 2992 Τί
588 2943 682 2993 οὖν
719 2937 814 3009 <ἂ>
852 2943 909 2992 οἱ
947 2938 1152 2992 πολλοὶ
1189 2941 1498 3009 ἄνθρωποι
1526 2936 1888 3003 δοξάζουσιν,
1927 2940 2035 3008 ἆρά
2073 2957 2133 3008 γε
2172 2942 2376 3010 ἀνάγκη
2405 2951 2601 2992 ‹309R11›
2681 3006 2682 3013 ἵ

286 3029 381 3077 τὸν
429 3025 766 3094 βουλόμενον
816 3028 1008 3123 ὀρθῶς
1058 3024 1393 3097 ἐξηγεῖσθαι
1440 3027 1596 3095 παρὰ
1645 3028 1743 3096 τὴν
1794 3023 1961 3088 δόξαν
2000 3032 2110 3076 τῶν
2151 3023 2377 3076 πολλῶν
2416 3036 2462 3076 25
2681 3016 2683 3021 ’

291 3109 494 3178 λέγειν,·
541 3139 609 3147 —-
615 3105 902 3242 Ανάγκη.
952 3141 1023 3147 -
1069 3113 1137 3163 Δ.
1190 3113 1288 3181 Mvj
1349 3111 1444 3162 οὖν
1484 3108 1768 3172 δυσκόλως
1817 3108 2237 3180 ἀκολουθήσῃς,
2286 3111 2382 3161 ἐὰν

430 3294 458 3335 4
488 3283 585 3336 άπὸ
617 3290 659 3336 U
811 3286 1050 3350 ἦιάλωται
1080 3294 1161 3339 UB
1335 3298 1360 3336 6
1392 3290 1647 3351 φθάνομεν
1675 3294 1725 3339 Μ
1886 3298 1922 3336 7
1955 3290 2123 3347 ἕλκους
2151 3285 2384 3340 ἀνάπλεοι

294 3361 425 3418 Emp.
456 3374 512 3405 ex
540 3361 639 3406 cod.
672 3361 716 3415 S,
747 3364 867 3418 quod
897 3363 1004 3407 ferri
1034 3377 1126 3408 non
1156 3367 1307 3420 potest
1467 3363 1655 3417 Νέσσος
1684 3367 1766 3410 καὶ
1797 3360 2052 3423 Δηιάνειρα
2083 3363 2272 3408 Photius
2362 3399 2364 3402 ,

297 3436 346 3475 ¹5
378 3426 776 3489 ἀναμνῄσκουσαν
804 3433 843 3478 U
875 3427 1275 3490 άναμνήσκουσαν
1303 3435 1354 3479 Μ
1483 3438 1531 3478 16
1563 3430 1717 3493 πολὴν
1748 3434 1785 3479 U
1817 3448 1875 3479 m.
1907 3447 1975 3490 pr.
2116 3437 2165 3478 18
2195 3431 2273 3478 ἐπὶ
2301 3446 2384 3489 pro

293 3498 362 3548 ἔτι
388 3501 472 3561 UB
590 3506 655 3546 19.
673 3494 799 3549 οὕτω
821 3504 858 3546 Β
947 3507 999 3547 20
1031 3501 1209 3559 εἴωθας
1239 3505 1414 3561 scripsi,
1443 3502 1590 3552 εἴωθε
1610 3505 1715 3549 libri
1831 3508 1878 3548 21
1915 3503 2022 3562 λέγε
2052 3502 2231 3559 scripsi,
2260 3501 2384 3560 λέγει

294 3572 344 3616 Μ
374 3572 524 3630 λέγων
553 3572 647 3626 UB,
677 3573 788 3631 λέγῃ
821 3573 1001 3618 Geelius
1145 3578 1198 3618 22
1228 3592 1311 3632 μοι
1341 3589 1426 3632 pro
1455 3592 1516 3632 με
1546 3575 1626 3620 UB
1780 3574 1964 3632 οἰηθείη
1995 3599 2048 3605 -
2079 3576 2133 3617 23
2164 3565 2196 3619 ἅ
2227 3589 2297 3626 τις
2328 3569 2387 3618 ἂν

293 3656 378 3688 om.
410 3643 452 3689 U
569 3647 620 3687 23
652 3639 712 3690 ἄν
740 3657 827 3688 om.
859 3645 941 3690 UB
1039 3648 1112 3690 -24
1143 3640 1173 3692 ἃ
1202 3646 1368 3702 addidi,
1399 3646 1519 3702 quod
1548 3646 1726 3692 videtur
1755 3644 1984 3701 sufficere3
2016 3645 2059 3691 εἰ
2088 3642 2134 3690 οἱ
2165 3659 2212 3689 π.
2244 3638 2385 3703 άνθρ.

291 3712 354 3772 μὴ
386 3711 551 3773 ὀρθῶς
580 3710 869 3770 δοξάζουσιν,
900 3706 995 3774 ἀρα
1027 3715 1158 3771 Emp.
1279 3721 1330 3761 25
1362 3716 1447 3776 τὴν
1467 3722 1583 3767 ωιῖθ
1611 3721 1708 3763 τῶν
1736 3717 1837 3763 add.
1867 3716 1909 3762 U
