2684 4140
1039 267 1266 315 ORATIO
1294 268 1394 314 XL.
2195 269 2262 318 53

182 412 465 466 κελεύσετε
503 410 835 482 ἀποδημεῖν,
877 414 1067 482 ὥσπερ
1106 411 1210 483 ἤδη
1251 411 1431 464 πολὺν
1464 417 1664 483 χρόνον
1701 416 1895 481 ἔχοντα
1935 408 2075 485 παρ’
2117 417 2263 481 ὑμῖν,

183 500 497 564 ἐπίσταμαι
537 503 760 568 σαφῶς·
808 495 1010 560 (ἄλλως
1054 515 1112 548 τε
1154 499 1249 549 οὐκ
1288 496 1698 564 ἀσχολούμενος
1736 502 1842 567 ἐγώ
1883 496 2088 566 νομίζω
2131 514 2263 566 συμ-

187 587 378 652 φέρειν
415 585 543 649 ύμῖν
584 580 708 633 οὐδὲ
747 588 944 633 τοῦτον
983 580 1294 652 ἀποδημῶν
1332 585 1428 634 τὸν
1466 586 1679 653 τρόπον
1697 585 1728 647 ·)
1768 577 1893 635 ἀλλ’
1937 587 2075 652 ὅπερ
2103 585 2262 654 ἔφην,

183 665 403 733 βέλτιον
428 671 664 735 ἠγοῦμαι
689 672 863 718 πᾶσιν
890 667 1242 736 ἀνθρώποις,
1273 668 1334 718 οὐ
1361 671 1533 734 μόνον
1560 671 1705 735 ὑμῖν,
1731 671 1869 740 μήτε
1897 669 2265 739 ἀναιρεῖσθαι

126 763 150 805 5
186 749 397 821 ῥᾳδίως
444 752 654 819 ἔχθραν
701 753 773 821 μὴ
829 749 1051 822 σφόδρα
1103 753 1434 819 ἀναγκαίαν,
1496 757 1598 815 τάς
1647 772 1707 806 τε
1756 757 2030 824 πρότερον
2095 753 2265 814 οὔσας

180 834 566 887 καταλύεσθαι
603 838 788 886 πάντα
826 838 1054 904 τρόπον,
1095 837 1162 887 ἂν
1188 821 1225 906 ᾗ
1253 835 1503 902 δυνατόν,
1543 840 1641 909 τήν
1668 840 1727 890 ἐκ
1752 845 1854 889 τοῦ
1881 837 2266 908 διαφέρεσθαί

9 934 158 976 72311)
183 935 301 972 τισι
347 918 558 990 βλάβην
595 917 821 987 μείζονα
859 924 1197 991 ἡγουμένους
1234 929 1332 992 τῆς
1381 923 1536 992 παρὰ
1577 923 1679 984 τὰς
1718 921 2002 984 διαλύσεις
2046 919 2260 992 ζημίας.

183 1011 340 1056 πᾶσα
379 1008 509 1075 γάρ,
550 1006 625 1067 ὥς
665 1019 865 1075 φασιν,
905 1006 1092 1075 εἰρήνη
1130 1007 1395 1075 κρείττων
1436 1005 1714 1073 πολέμου,
1763 1009 1857 1059 καὶ
1894 1013 2052 1058 πᾶσα
2093 1005 2256 1077 φιλία
2279 1008 2346 1059 26

184 1087 329 1140 πολὺ
367 1091 608 1156 ἀμείνων
644 1090 737 1140 καὶ
775 1086 1198 1159 λυσιτελεστέρα
1237 1094 1359 1151 τοῖς
1395 1106 1455 1158 γε
1493 1098 1622 1142 νοῦν
1650 1093 1870 1156 ἔχουσιν
1907 1092 2134 1161 ἔχθρας,
2172 1094 2265 1143 καὶ

103 1184 149 1225 10
187 1172 305 1243 ἰδίᾳ
352 1179 473 1236 τοῖς
521 1173 698 1235 οἴκοις
732 1175 827 1224 καὶ
865 1171 1109 1242 δημοσίᾳ
1146 1178 1272 1236 ταῖς
1310 1173 1560 1226 πόλεσιν.
1638 1177 1824 1245 εἰρήνη
1876 1177 1977 1241 μὲν
2025 1177 2128 1246 γὰρ
2171 1178 2265 1227 καὶ

184 1262 418 1325 ὁμόνοια
456 1261 586 1320 τούς
618 1261 938 1327 χρωμένους
978 1256 1137 1309 οὐδὲν
1167 1260 1405 1310 πώποτε
1433 1257 1697 1327 ἔβλαψεν,
1736 1260 1914 1329 ἔχθρα
1943 1258 2002 1310 δὲ
2038 1262 2132 1311 καὶ
2171 1277 2263 1330 φι-

182 1342 394 1395 λονικία
431 1344 764 1408 θαυμαστὸν
802 1344 853 1393 εἰ
888 1345 961 1413 μή
1005 1341 1227 1413 σφόδρα
1268 1344 1540 1414 ἀνήκεστα
1584 1345 1677 1395 καὶ
1723 1342 1953 1411 μεγάλα.
2017 1346 2131 1396 ,καὶ
2166 1352 2264 1415 τῆς

179 1431 279 1494 μὲν
319 1429 583 1494 ὁμονοίας
620 1429 685 1477 τό
723 1444 782 1478 τε
821 1429 994 1493 ὄνομα
1033 1428 1286 1498 εὔφημον
1323 1430 1358 1498 ή
1397 1446 1456 1480 τε
1495 1433 1666 1499 πεῖρα
1706 1430 1904 1499 ἀρίστη
1932 1430 2026 1480 καὶ
2053 1426 2264 1480 λυσιτε-

12 1525 158 1568 (494Μ)
184 1510 416 1581 λεστάτη
458 1517 626 1562 πᾶσι·
669 1513 919 1574 στάσεως
958 1509 1016 1563 δὲ
1054 1514 1148 1564 καὶ
1187 1510 1470 1584 διαφορᾶς
1513 1515 1824 1585 σκυθρωπὴ
1865 1516 1967 1580 μὲν
1992 1517 2023 1582 ή
2051 1526 2264 1582 προση-

99 1607 146 1650 15
180 1598 341 1666 γορία
386 1598 479 1648 καὶ
516 1594 806 1666 δυσχερής,
859 1594 1004 1647 πολὺ
1054 1595 1112 1648 δὲ
1144 1599 1314 1668 χείρω
1353 1593 1482 1667 [καὶ]
1520 1599 1589 1649 τὰ
1627 1599 1759 1669 ἔργα
1796 1600 1890 1650 καὶ
1928 1598 2264 1667 σκυθρωπό-

180 1699 326 1750 τερα.
389 1683 482 1732 καὶ
517 1682 620 1750 γὰρ
660 1683 843 1732 εἰπεῖν
881 1682 1004 1733 ἔστι
1042 1684 1135 1733 καὶ
1172 1683 1410 1733 ἀκοῦσαι
1437 1678 1564 1752 [καὶ]
1592 1681 1775 1734 πολλὰ
1803 1689 1913 1734 τῶν
1940 1680 2263 1752 ἀβουλήτων

179 1768 272 1818 καὶ
307 1763 523 1836 πρᾶξαι
557 1767 650 1816 καὶ
688 1766 918 1816 παθεῖν.
1003 1769 1035 1834 ή
1086 1763 1144 1817 δὲ
1193 1772 1304 1818 τῶν
1342 1769 1500 1835 ἐγγὺς
1539 1770 1715 1829 οὕτως
1750 1769 1844 1819 καὶ
1881 1770 2100 1838 ὁμόρων
2140 1766 2259 1819 δια·
2280 1768 2347 1819 27

184 1851 332 1921 φορὰ
382 1852 476 1901 καὶ
522 1852 585 1900 τὸ
634 1853 802 1916 μῖσος
854 1847 1038 1902 οὐδενὶ
1086 1848 1234 1918 ἄλλῳ
1285 1852 1463 1903 ἔοικεν
1509 1853 1541 1922 ἢ
1595 1855 1791 1904 στάσει
1839 1859 1974 1919 μιᾶς
2024 1850 2260 1917 πόλεως,

182 1938 325 1986 ὅπου
362 1936 455 1986 καὶ
500 1936 691 2002 γάμων
736 1936 1000 1985 κοινωνία
1055 1933 1291 1998 πολλοῖς
1338 1938 1432 1987 καὶ
1481 1935 1837 2004 συμβολαίων
1883 1939 1978 1988 καὶ
2025 1939 2089 1988 τὸ
2129 1938 2262 2007 ἀφι-

102 2035 150 2077 20
185 2021 449 2072 κνεῖσθαι
497 2011 635 2087 παρ’
677 2016 949 2089 ἀλλήλους
989 2017 1182 2085 σχεδόν
1220 2039 1277 2072 τι
1312 2016 1453 2071 καθ’
1496 2024 1731 2091 ἑκάστην
1779 2024 1877 2092 τήν
1924 2025 2134 2092 ἡμέραν
2170 2023 2264 2073 καὶ

181 2107 244 2156 τὸ
287 2109 561 2172 συγγενεῖς
599 2103 746 2155 εἶναι
780 2105 873 2156 καὶ
912 2106 1180 2175 συνήθεις
1216 2107 1309 2156 καὶ
1347 2104 1536 2169 ξένους
1572 2108 1785 2176 τρόπον
1835 2107 1960 2157 τινὰ
1999 2103 2263 2175 ἀλλήλοις

182 2192 451 2250 ἅπαντας.
544 2195 895 2258 παροικοῦσα
952 2187 1010 2239 δὲ
1071 2187 1241 2251 πόλις
1302 2191 1481 2260 ἐχθροὶ
1538 2192 1632 2242 καὶ
1686 2188 1958 2260 δυσμενὴς
2015 2187 2262 2259 λυπηρὸν

0 2290 159 2346 (3311)
182 2278 365 2327 πάντα
404 2277 615 2345 τρόπον
651 2276 744 2326 καὶ
783 2272 1172 2345 δυσομίλητον,
1214 2278 1407 2346 ὥσπερ
1447 2277 1640 2337 εὔνους
1677 2277 1770 2327 καὶ
1811 2273 1946 2346 φίλη
1978 2278 2263 2344 συμφέρον

177 2363 270 2412 καὶ
318 2362 622 2430 ἀγαπητόν.
717 2361 1066 2426 ἐνθυμεῖσθε
1119 2359 1178 2412 δὲ
1228 2364 1340 2429 ὅσῳ
1390 2364 1492 2428 μὲν
1540 2359 1700 2432 ἥδιον
1749 2358 2065 2430 ἀποδημεῖν
2115 2359 2259 2428 πρὸς
2279 2358 2346 2410 28

104 2455 151 2498 25
187 2447 318 2507 τοὺς
365 2443 541 2506 πέλας
597 2446 816 2507 οἰκείως
854 2446 1107 2511 ἔχοντας,
1157 2443 1298 2497 ἀλλὰ
1348 2449 1421 2518 μὴ
1472 2447 1720 2516 ἐχθρῶς,
1770 2447 1882 2513 ὅσῳ
1935 2443 1993 2496 δὲ
2043 2441 2264 2511 βέλτιον

181 2532 311 2591 τούς
337 2527 796 2596 ἐπιξενουμένους
822 2529 1212 2597 ὑποδέχεσθαι
1234 2534 1406 2602 χωρὶς
1430 2533 1707 2600 ὑποψίας,
1735 2533 1792 2583 ἐν
1815 2529 1872 2582 δὲ
1901 2534 2026 2592 ταῖς
2050 2532 2265 2588 κοιναῖς

183 2617 526 2684 πανηγύρεσι
561 2617 654 2666 καὶ
691 2616 844 2666 θεῶν
883 2620 1106 2684 ἑορταῖς
1143 2619 1237 2668 καὶ
1274 2618 1445 2679 θέαις
1483 2619 1594 2684 ὅσῳ
1634 2621 1884 2686 κρεῖττον
1921 2616 2015 2666 καὶ
2042 2628 2264 2683 σωφρο-

182 2705 439 2770 νέστερον
498 2701 917 2768 ἀναμίγνυσθαι
965 2702 1314 2764 συνθύοντας
1361 2700 1624 2773 ἀλλήλοις
1675 2702 1769 2752 καὶ
1819 2702 2264 2766 συνευχομένους,

184 2783 323 2836 ἀλλὰ
371 2788 443 2856 μή
502 2787 825 2837 τούναντίον
872 2791 1300 2857 καταρωμένους
1357 2789 1451 2839 καὶ
1504 2784 1992 2856 βλασφημοῦντας.
2086 2785 2147 2834 αἱ
2202 2780 2260 2833 δὲ
2283 2780 2349 2832 29

103 2878 151 2920 30
187 2871 515 2941 ἐπιβοήσεις
553 2874 812 2940 ἑκατέρου
851 2878 953 2921 τοῦ
988 2869 1250 2942 πλήθους
1288 2874 1345 2922 ἐν
1382 2876 1503 2933 τοῖς
1543 2868 1797 2931 σταδίοις
1838 2871 1932 2921 καὶ
1968 2873 2089 2929 τοῖς
2124 2869 2263 2920 θεά-

186 2972 341 3023 τροις
397 2958 578 3006 πόσον
643 2953 980 3025 διαφέρουσι
1033 2957 1173 3022 μετὰ
1233 2957 1470 3007 ἐπαίνου
1526 2957 1846 3022 γιγνόμεναι
1899 2955 1993 3004 καὶ
2050 2950 2266 3023 πολλῆς

187 3040 466 3109 εὐφημίας
514 3044 624 3090 τῶν
672 3040 812 3105 μετὰ
872 3042 1074 3105 μίσους
1130 3042 1224 3091 καὶ
1283 3038 1600 3109 λοιδορίας;
1659 3039 1721 3088 οὐ
1781 3038 1883 3107 γὰρ
1939 3037 2264 3106 ἀνθρώπων

334 3290 351 3329 1
387 3281 559 3344 ἔχοντα
585 3281 769 3346 χρόνον
797 3286 899 3340 (hoc
930 3285 1044 3338 ord.)
1074 3286 1157 3333 UT
1273 3290 1299 3331 6
1330 3282 1373 3332 ‹1'1'
1402 3282 1463 3334 ἄν
1492 3278 1523 3345 ᾖ
1551 3288 1590 3333 Τ
1688 3293 1710 3332 7
1743 3292 1853 3350 περὶ
1881 3288 1972 3343 τάς
2000 3286 2117 3343 libri,
2150 3299 2265 3332 corr.

186 3355 354 3402 Reiske
467 3359 491 3400 8
523 3348 590 3411 ὥς
618 3371 759 3415 φησιν
786 3356 909 3402 UBT
1024 3360 1050 3401 9
1079 3373 1135 3416 γε
1165 3370 1250 3402 om.
1282 3357 1372 3402 ΜΤ
1487 3354 1634 3417 &eac
1662 3359 1701 3404 Τ
1839 3363 1889 3404 10
1921 3359 2116 3412 οἰκείοις
2145 3358 2182 3401 Β

192 3431 239 3471 12
270 3423 454 3486 μεγάλα
485 3430 565 3474 καὶ
595 3421 830 3486 ἀνήκεστα
862 3427 965 3482 (hoc
996 3427 1106 3483 ord.)
1138 3427 1349 3474 Reiskius
1478 3433 1529 3473 14
1559 3430 1831 3488 διαφθορᾶς
1859 3429 1941 3475 BU
1971 3433 2022 3481 (θ
2052 3428 2269 3486 expunxit

187 3501 430 3552 corrector)
586 3503 635 3544 15
666 3502 747 3545 καὶ
777 3497 943 3544 seclusi
1123 3503 1170 3544 16
1199 3500 1281 3545 καί
1309 3499 1417 3545 secl.
1450 3500 1729 3546 Boissonade
1873 3513 1957 3558 pro
1987 3497 2087 3549 ἔστι
2116 3498 2267 3545 malim

187 3577 317 3616 ποιεῖ
432 3574 481 3614 17
514 3569 755 3632 διαφθορά
786 3568 829 3615 U
858 3574 909 3623 (9
940 3570 1157 3626 expunxit
1187 3572 1432 3624 corrector)
1567 3575 1618 3617 18
1651 3567 1787 3620 οὐδὲν
1817 3569 1932 3620 ἄλλο
1963 3570 2081 3624 libri,
2113 3565 2266 3618 οὐδενὶ

185 3637 312 3703 ἄλλῳ
341 3640 508 3686 Reiske
622 3645 677 3686 24
705 3639 1016 3697 ἐνθυμεῖσθαι
1044 3641 1095 3686 Μ
1210 3645 1261 3686 25
1293 3638 1499 3703 ἐχθροὺς
1530 3642 1579 3687 Μ
1607 3656 1664 3687 m.
1695 3657 1765 3701 pr.
1853 3646 1906 3686 27
1936 3647 2074 3697 θεαῖς
2093 3640 2183 3687 ΒΜ

187 3713 240 3755 28
272 3707 593 3771 ἀναμίγνυσθε
622 3712 672 3758 Μ
702 3707 1052 3772 ἀναμίγνυσθαι
1083 3716 1147 3768 (αι
1178 3724 1206 3758 a
1234 3717 1368 3768 corr.)
1399 3712 1439 3759 U
1557 3717 1611 3758 29
1640 3716 1721 3760 καὶ
1751 3726 1837 3758 om.
1867 3712 1990 3760 UBT
