2684 4140
1033 275 1259 322 ORATIO
1289 274 1496 321 XLVIII.
2241 271 2306 319 91

231 425 507 492 τροφέας;
550 420 671 474 εἶτα
710 423 855 489 πρὸς
890 422 1033 482 Διὸς
1069 421 1162 470 καὶ
1198 421 1352 471 θεῶν
1391 414 1531 489 παρ’
1576 422 1768 480 αὐτοῖς
1806 417 2309 487 ψευδομαρτυριῶν

234 504 549 570 ἁλώσεσθε,
584 507 678 557 καὶ
714 508 955 575 πότερον
980 511 1073 556 νῦν
1099 512 1272 555 ταῦτα
1301 501 1649 574 ὀργιζόμενοι
1688 503 1868 572 λέγετε
1905 506 1937 574 ἢ
1977 506 2104 554 τότε
2129 504 2310 553 ἐκεῖνα

232 589 644 654 κολακεύοντες,
691 592 784 642 καὶ
830 597 922 642 νῦν
971 592 1336 655 ἀπατώμενοι
1378 587 1595 656 ’μᾶλλον
1644 592 1675 659 ἢ
1726 592 1867 640 τότεζ
1900 587 2310 652 ἐξαπατῶντες.

236 676 298 725 οὐ
337 677 633 726 παύσεσθε
671 683 769 746 τῆς
805 682 1047 745 ταραχῆς
1081 677 1174 726 καὶ
1210 676 1501 742 γνώσεσθε
1527 677 1616 726 ὅτι
1653 677 1800 725 πάνυ
1827 675 2124 743 χαρίεντας
2163 674 2315 738 ἔχετε

173 768 198 808 5
236 756 476 821 πολίτας
520 761 614 811 καὶ
660 757 827 811 πόλιν
877 758 1181 829 δυναμένην
1230 759 1376 811 εἶναι
1420 761 1724 828 μακαρίαν;
1786 755 1910 829 (ἢν)
1971 759 2077 826 ἐγὼ
2129 755 2314 809 πολλοὶ

106 839 110 844 ’
237 840 477 909 δύναμαι
519 846 616 895 σύν
655 849 777 906 τοῖς
813 846 978 906 θεοῖς
1015 845 1207 912 ἀγαθά
1247 852 1514 915 ποιῆσαι,
1564 847 1798 906 τούτους
1835 845 1974 909 ἔχων
2016 856 2316 910 συναγωνι-

236 924 513 995 ζομένους,
538 925 569 955 ‘³⁶
607 927 777 996 λέγων
814 931 877 981 τὸ
915 936 1013 1000 τῆς
1050 930 1363 999 παροιμίας
1397 929 1499 992 ,εἷς
1538 930 1674 998 ἀνήρ
1715 927 1896 989 οὐδεὶς
1935 927 2120 998 ἀνήρ.“
2181 917 2306 977 ἀλλ’
2339 933 2396 980 11

19 1023 214 1066 (242311)
241 1012 379 1074 ἴσως
415 1011 812 1083 ἐδυσχεράνατε
849 1017 937 1065 ὅτι
976 1015 1072 1064 οὐκ
1096 1016 1310 1081 ἐγένετο
1349 1016 1412 1064 τὸ
1440 1015 1616 1083 ἔργον.
1678 1015 1926 1081 γίγνεται
1958 1015 2053 1064 καὶ
2092 1010 2314 1082 σφόδρα

238 1099 400 1150 ἔσται
435 1103 662 1163 ταχέως,
697 1096 943 1164 μάλιστα
981 1101 1193 1149 τούτων
1220 1099 1707 1167 προθυμουμένων
1745 1100 1839 1148 καὶ
1866 1093 2315 1159 σπουδαζόντων,

7 1193 136 1235 534M)
158 1192 204 1232 10
239 1183 335 1233 ἐὰν
373 1184 553 1233 ἑκοντὶ
590 1180 849 1236 διδῶσιν·
890 1180 1016 1233 οὐδὲ·
1052 1183 1155 1251 γὰρ
1194 1184 1422 1243 ἄκοντες
1457 1184 1586 1248 ὑμῖν
1623 1184 1952 1246 ὑπέσχοντο.
2030 1179 2123 1232 διὰ
2162 1182 2219 1230 τί
2258 1178 2316 1230 δὲ

240 1268 395 1336 παρὰ
444 1269 657 1317 τούτων
700 1269 802 1334 μὲν
851 1268 1173 1329 ἀπαιτεῖτε,
1223 1260 1363 1334 παρ’
1419 1268 1560 1332 ἐμοῦ
1605 1265 1664 1318 δὲ
1716 1268 1812 1317 οὐκ
1858 1268 2185 1326 ἀπαιτεῖτε,·
2233 1267 2321 1314 ὅτι

240 1349 384 1402 δοκῶ
411 1355 819 1421 παρεσχηκέναι
844 1354 1001 1418 ὑμῖν,·
1039 1353 1238 1402 ἔπειτα
1279 1350 1479 1402 οἴεσθέ
1513 1369 1582 1417 με
1621 1358 1786 1402 τοῦτο
1815 1354 2094 1417 ἐμποιεῖν,
2134 1350 2185 1399 εἰ
2223 1350 2321 1418 τὴν

240 1438 487 1502 ἐμαυτοῦ
531 1434 780 1506 πατρίδα
826 1440 1165 1506 τιμιωτέραν
1213 1438 1487 1506 ἐποίησα,
1533 1440 1834 1507 χρημάτων
1884 1437 2010 1488 τινὰ
2060 1437 2322 1506 ἀφορμήν

239 1522 545 1588 παρασχών
597 1515 832 1590 [ὥσπερ]
882 1522 998 1572 ἀπὸ
1049 1528 1160 1573 τῶν
1207 1520 1578 1589 βουλευτικῶν
1624 1524 1719 1573 καὶ
1766 1525 1827 1593 νή
1880 1524 1995 1573 Δία
2045 1523 2161 1572 ἀπὸ
2213 1526 2324 1570 τῶν

12 1603 139 1688 2954„ss
158 1614 207 1655 15
243 1602 543 1674 προσόδων
590 1604 910 1676 ηὐξημένων
961 1605 1053 1657 διὰ
1102 1609 1200 1678 τήν
1241 1606 1542 1677 διοίκησιν;
1591 1605 1733 1658 ἀλλὰ
1782 1614 1956 1658 ταῦτα
2004 1610 2105 1673 μὲν
2154 1607 2324 1672 ὅμοιά

240 1690 394 1741 ἐστιν
435 1691 627 1761 ὥσπερ
668 1692 735 1742 ἂν
775 1693 825 1743 εἰ
861 1689 1111 1763 ηὐξάμην
1148 1694 1290 1762 ὑπὲρ
1317 1695 1487 1758 ὑμῶν,
1529 1695 1585 1744 οἱ
1611 1695 1744 1744 θεοὶ
1783 1692 1842 1744 δὲ
1882 1695 2185 1762 ἐποίησαν.
2225 1692 2326 1741 κᾶν

242 1772 416 1825 πάλιν
455 1773 713 1845 δυνηθῶ,
765 1778 990 1847 ποιήσω
1041 1775 1214 1828 πάλιν
1250 1775 1584 1848 (δυνήσομαι
1624 1776 1682 1829 δὲ
1720 1770 1860 1844 μεθ’
1905 1781 2084 1844 ὑμῶν,
2126 1776 2329 1848 φίλους

243 1859 381 1924 ἔχων
417 1862 548 1921 τοὺς
585 1859 813 1923 ἐνθάδε)
847 1863 941 1913 καὶ
980 1860 1138 1913 οὐδὲν
1174 1864 1303 1928 ὑμῖν
1343 1860 1638 1931 λογιοῦμαι
1675 1870 1786 1914 τῶν
1829 1866 2118 1915 τοιούτων.
2197 1855 2323 1913 οὐδὲ
2349 1862 2412 1912 12

243 1945 345 2013 γὰρ
386 1946 442 1995 οἱ
477 1950 658 2013 γονεῖς
694 1950 815 2008 τοῖς
851 1950 1065 2008 τέκνοις
1102 1948 1226 1998 ἀντὶ
1262 1954 1372 1998 τῶν
1411 1946 1794 2015 ἀναλωμάτων
1840 1950 1942 2010 τὰς
1981 1949 2142 2013 εὐχὰς
2183 1945 2328 2014 λογί-

166 2037 216 2079 2θ
253 2026 457 2092 ζονται.
532 2029 728 2081 οἴεσθε
766 2034 854 2082 ὅτι
902 2033 1034 2100 περὶ
1083 2038 1249 2093 στοᾶς
1294 2029 1360 2102 ῆν
1408 2034 1475 2084 ἀν
1513 2035 1640 2099 ἐμοὶ
1679 2031 1840 2101 λόγος
1877 2035 1908 2104 ἢ
1949 2032 2119 2084 ἄλλου
2160 2036 2327 2094 τινός,

247 2117 298 2166 εἰ
335 2118 523 2184 ἑώρων
561 2117 699 2181 ὑμᾶς
737 2114 1208 2186 διαφερομένους,
1246 2115 1386 2168 ἀλλά
1413 2121 1580 2169 τοῦτό
1615 2135 1675 2186 γε
1702 2121 1898 2185 ὅμοιον
1935 2116 2000 2188 ῆν
2042 2120 2233 2186 ὥσπερ
2263 2119 2329 2167 ἂν

248 2198 307 2258 εἴ
324 2217 411 2260 τις
441 2201 753 2270 ἄνθρωπον
778 2208 1050 2252 νοσοῦντα
1074 2203 1167 2253 καὶ
1195 2200 1477 2272 φρενίτιδι
1503 2205 1781 2269 ἐχόμενον,
1823 2201 1949 2254 δέον
1977 2203 2138 2269 οἶμαι
2162 2220 2330 2252 κατα-

246 2282 466 2336 πλάσαι
501 2283 920 2350 κατακλίναντα,
962 2289 993 2337 ὁ
1030 2285 1088 2338 δὲ
1117 2284 1348 2357 ἀλείφοι
1371 2290 1526 2357 μύρῳ
1554 2290 1647 2339 καὶ
1673 2293 1997 2359 προσφέροι
2025 2292 2303 2358 στέφανον
2321 2299 2331 2310 ·

248 2375 421 2419 ταῦτα
449 2372 508 2421 ἐκ
544 2372 879 2440 περιουσίας
915 2373 1037 2423 ἐστὶ
1061 2376 1181 2434 τοῖς
1207 2374 1539 2440 ὑγιαίνουσι,
1577 2378 1700 2436 τοῖς
1723 2372 1896 2444 μηδὲν
1923 2376 2113 2439 ἔχουσι
2149 2375 2331 2424 κακόν.

170 2461 221 2503 25
255 2445 352 2506 οὒκ
390 2454 588 2508 οἴεσθε
627 2458 759 2519 τούς
792 2450 1157 2527 Ἀθηναίους,
1206 2450 1293 2508 ὅτ’
1347 2455 1680 2522 ἐστασίαζον
1726 2461 1820 2510 καὶ
1857 2462 1988 2521 τούς
2027 2457 2335 2524 πολεμίους

251 2541 526 2610 ἐπήγοντο
562 2543 656 2593 καὶ
697 2540 1075 2612 προεδίδοσαν
1113 2540 1385 2613 ἀλλήλους
1430 2546 1486 2594 οἱ
1528 2542 1903 2615 ταλαίπωροι,
1942 2548 2036 2596 καὶ
2078 2546 2146 2595 τὰ
2182 2546 2334 2613 Προ-

252 2624 466 2677 πύλαια
504 2628 647 2693 ἔχειν
683 2630 777 2679 καὶ
812 2629 908 2679 τὸν
933 2629 1289 2697 Παρθενῶνα
1327 2630 1420 2679 καὶ
1456 2630 1558 2691 τὰς
1598 2631 1768 2692 στοὰς
1804 2633 1898 2682 καὶ
1934 2633 2030 2681 τὸν
2056 2632 2336 2699 Πειραιᾶ,

253 2709 392 2762 ἀλλά
433 2709 769 2778 οἰμώζουσιν
797 2716 989 2778 αὐτοῖς
1013 2711 1203 2780 μεῖζον
1228 2716 1425 2783 ἐπήχει
1451 2716 1519 2765 τὰ
1547 2714 1892 2784 Προπύλαια
1918 2718 2011 2767 καὶ
2036 2716 2104 2765 τὰ
2132 2717 2335 2782 νεώρια

398 2975 415 3013 1
451 2964 614 3025 αὐτοῖς
644 2969 775 3014 UMT
947 2976 972 3015 2
1003 2968 1279 3019 αλώσεσθαι
1308 2971 1358 3015 Μ
1519 2973 1600 3016 καὶ
1629 2968 1845 3029 πότερον
1874 2972 1958 3012 etc.
1991 2967 2118 3012 deest
2146 2967 2337 3023 aliquid3

256 3037 472 3084 fortasse:
502 3044 582 3086 καὶ
614 3038 816 3100 (ἄδηλον
845 3037 1007 3098 ἔσται)
1035 3038 1248 3103 πότερον
1374 3036 1651 3101 ὁριζόμενοι
1683 3040 1814 3085 ΠΒΜ
1847 3033 2152 3096 ὀργιζόμενοι
2183 3037 2220 3080 Τ

257 3114 285 3152 4
314 3109 584 3156 παύσεσθαι
614 3111 661 3153 Μ
804 3114 886 3170 τῆς
915 3106 1064 3172 ἀρχῆς
1092 3112 1131 3156 Τ
1273 3108 1548 3170 γνώσεσθαι
1578 3111 1626 3154 Μ
1787 3115 1811 3154 5
1840 3104 1899 3168 ἣν
1927 3108 2030 3153 add.
2061 3107 2227 3152 Reiske

259 3182 285 3222 6
318 3173 675 3238 ἀγαθοποιῆσαι
695 3182 775 3226 UT
892 3187 914 3226 7
949 3184 1101 3242 λέγων
1130 3186 1402 3238 corruptum,
1434 3182 1556 3241 λέγω
1587 3182 1635 3228 δὲ
1657 3181 1791 3234 Seld„
1821 3180 2017 3225 fortasse
2046 3172 2127 3236 (εὖ
2157 3175 2251 3238 γὰρ
2284 3176 2341 3234 ὁ>

261 3249 412 3308 λέγων
527 3255 578 3294 10
610 3250 808 3310 ἑκόντην
836 3252 887 3295 Μ
1000 3254 1186 3299 δίδωσιν
1216 3252 1295 3298 UT
1416 3258 1461 3297 11
1494 3253 1582 3308 μὲν
1611 3266 1696 3298 om.
1730 3252 1767 3295 T
1901 3255 1952 3295 12
1988 3248 2178 3296 οἴεσθαι
2207 3250 2256 3293 M

262 3318 316 3365 ἐν
345 3328 501 3367 ποιεῖν
528 3321 578 3366 Μ
742 3321 958 3379 ἐμποιεῖν
988 3336 1255 3380 quamquam
1285 3324 1514 3368 insolitum
1544 3324 1631 3369 hoc
1661 3323 1916 3379 significatu
1944 3324 2068 3367 reete
2097 3334 2146 3365 se
2175 3320 2343 3364 habere

263 3393 374 3446 puto
469 3392 513 3438 εἰ
541 3393 617 3436 BT
647 3389 677 3452 ἢ
705 3407 788 3450 pro
818 3393 862 3440 εἰ
879 3393 933 3448 U,
963 3407 1049 3439 om.
1070 3395 1117 3436 M
1148 3394 1343 3440 fortasse
1370 3399 1494 3440 recte
1524 3394 1583 3440 cf.
1614 3394 1717 3438 adn.
1749 3407 1817 3450 sq.
1930 3397 1985 3437 14
2016 3392 2263 3452 παρέσχον
2294 3391 2343 3434 Μ

261 3462 384 3506 haud
413 3464 712 3519 spernendum
826 3457 990 3524 ὥσπερ
1020 3479 1106 3511 om.
1137 3465 1187 3508 M
1216 3480 1272 3509 m.
1303 3479 1370 3522 pr.
1491 3471 1541 3511 16
1571 3468 1652 3512 καὶ
1680 3479 1765 3522 pro
1794 3461 1886 3512 κᾶν
1915 3464 2036 3510 UBT
2145 3467 2191 3507 17
2224 3455 2342 3519 μεθ’

262 3531 395 3591 ὑμῶν
423 3535 659 3589 Reiskius‚
699 3531 918 3594 εὐθυμῶν
963 3538 1062 3581 libri
1234 3541 1288 3581 20
1318 3533 1439 3596 ἦραν
1476 3549 1561 3594 pro
1601 3530 1659 3596 ἦν
1689 3533 1750 3585 ἄν
1779 3537 1828 3581 Μ
2002 3538 2052 3579 21
2088 3534 2137 3581 δὲ
2168 3528 2344 3592 άφερο·

266 3607 437 3663 μένους
466 3607 503 3650 Τ
677 3612 729 3652 22
760 3604 821 3655 ἀν
847 3612 955 3653 ante
985 3600 1148 3667 ὥσπερ
1176 3608 1327 3653 malim
1354 3612 1651 3665 transponere
1812 3611 2050 3654 νοσοῦντα
2081 3602 2348 3664 ἄνθρωπον

264 3682 369 3735 (hoc
398 3677 513 3728 ord.)
543 3677 623 3721 BT
768 3683 820 3723 23
850 3683 931 3726 καὶ
958 3682 1336 3726 κατακλείναντα
1368 3680 1415 3723 Μ
1559 3679 1823 3740 προσφέρει
1853 3680 1892 3723 Β
2035 3681 2091 3721 24
2120 3679 2285 3728 ταῦτα,
2316 3670 2348 3721 οἳ

269 3753 412 3809 Emp.,
443 3752 564 3808 quod
584 3765 675 3796 non
695 3751 865 3796 sufficit
950 3754 1002 3794 25
1036 3748 1223 3797 οἴεσθαι
1246 3751 1333 3795 ΜΤ
1423 3756 1476 3797 26
1505 3749 1744 3811 ἐπήγοντο
1767 3751 1893 3806 Wil.,
1924 3744 2226 3808 ἐπηγάγοντο
2248 3746 2349 3789 libri
