2684 4140
986 299 1210 347 ORATIO
1240 302 1426 349 XLVII.
2179 297 2247 348 85

169 461 342 523 μῆκος
395 453 488 502 καὶ
545 451 713 511 στοὰς
771 447 1121 518 ἑκατέρωθεν
1178 450 1586 519 πεποιήκασιν·
1646 441 1774 499 οὐδὲ
1826 448 1957 508 τούς
2010 449 2250 516 Ταρσεῖς

0 550 147 591 mun
173 536 298 588 οὐδὲ
336 542 429 587 νῦν
455 532 812 604 Νικομηδεῖς,
854 534 911 583 οἳ
946 533 1308 602 ἐψηφίσαντο
1346 534 1414 584 τά
1451 534 1712 603 μνήματα
1750 533 2052 601 μεταίρειν.
2117 532 2151 581 o‘
2188 527 2249 581 δὲ,
2274 531 2335 580 17

170 623 479 690 Μακρῖνος,
520 621 581 671 ὃν
606 620 891 688 εὐεργέτην
919 619 1272 686 ἀνεγράψατε
1311 625 1409 689 τῆς
1446 616 1684 682 πόλεως,
1722 620 1785 669 τὸ
1824 617 2115 687 Προυσίου
2154 621 2257 666 τοῦ

169 703 449 773 βασιλέως
485 707 754 774 μνημεῖον
789 704 1112 772 μετήνεγκεν
1151 703 1210 753 ἐκ
1246 709 1345 773 τῆς
1394 704 1598 770 ἀγορᾶς
1643 703 1737 753 καὶ
1784 704 1880 752 τὸν
1929 698 2249 770 ἀνδριάντα.

112 801 136 842 5
173 787 352 850 οὐδεὶς
388 791 490 857 γάρ
528 791 651 839 ἔστι
688 780 830 856 παρ’
874 787 1108 847 ἐκείνοις
1136 783 1443 856 φιλόπολις
1469 788 1606 857 ἀνὴρ
1648 783 1773 837 οὐδὲ
1811 783 2084 856 ἐπιμελὴς
2120 786 2254 854 περὶ

168 876 298 936 τοὺς
323 875 522 935 θεούς·
554 870 693 923 ἀλλὰ
725 873 879 940 παρά
906 887 966 939 γε
991 875 1125 941 ἡμῖν
1151 867 1293 941 ἦσαν
1319 868 1540 922 πολλοί,
1598 868 1745 942 πλὴν
1770 876 1943 921 ταῦτα
1969 871 2070 936 μὲν
2095 871 2253 930 ὅπως

169 961 308 1009 ποτὲ
350 957 515 1009 δοκεῖ.
579 959 636 1008 τί
670 957 772 1025 γὰρ
812 957 940 1022 ἐμοὶ
976 962 1074 1026 τῆς
1110 953 1320 1006 ἐνθάδε
1360 961 1556 1017 στοᾶς,·
1596 956 1787 1024 ὥσπερ
1828 955 1924 1005 οὐκ
1963 955 2158 1019 ἔχοντά
2183 971 2254 1019 με

169 1047 305 1094 ὅποι
330 1040 606 1110 βούλομαι
631 1044 985 1109 περιπατεῖν,
1012 1042 1110 1108 τὴν
1139 1038 1414 1109 Ποικίλην
1432 1032 1725 1109 Ἀθήνησι,
1763 1041 1861 1109 τὴν
1886 1040 2169 1108 Περσικὴν
2195 1039 2253 1089 ἐν

0 1143 26 1175 -ι
44 1141 145 1184 RH)
169 1126 575 1194 Λακεδαίμονι,
614 1127 716 1187 τὰς
740 1127 798 1176 ἐν
826 1132 894 1194 τῇ
914 1118 1088 1192 Ῥώμῃ
1116 1125 1217 1185 τὰς
1237 1131 1460 1193 χρυσᾶς,
1502 1127 1560 1175 ἐν
1599 1128 1725 1185 ταῖς
1762 1130 1872 1174 τῶν
1905 1116 2250 1187 Ἀντιοχέων,

89 1224 136 1265 10
171 1219 280 1264 τῶν
324 1216 602 1279 Ταρσέων,
640 1210 780 1276 μετὰ
817 1206 1081 1269 πλείονος
1117 1215 1298 1278 τιμῆς,
1337 1209 1369 1277 ἢ
1409 1211 1581 1274 μόνον
1620 1205 1816 1271 ἕξοντά
1854 1225 1923 1273 με
1960 1208 2054 1257 καὶ
2091 1222 2250 1275 περι-

167 1299 513 1367 πατήσοντα,
551 1301 661 1345 τῶν
702 1291 760 1344 δὲ
801 1290 986 1343 ἄλλων
1026 1290 1224 1343 οὐδένα
1264 1290 1531 1343 πολιτῶν.
1609 1285 1736 1342 ἀλλ’
1783 1292 1909 1342 οὔτε
1944 1292 2250 1359 γυμνάσιον

165 1383 222 1432 ἐν
261 1379 427 1432 πόλει
461 1382 632 1446 μόνος
670 1375 852 1438 οὐδεὶς
890 1377 1002 1441 ἔχει
1051 1372 1461 1443 γυμναζόμενος
1513 1377 1640 1428 οὔτε
1692 1377 1862 1427 στοάν
1913 1376 2038 1427 οὔτε
2075 1372 2248 1443 βαλα-

163 1470 310 1518 νεῖον
341 1466 465 1516 οὔτε
492 1461 628 1514 ἄλλο
655 1468 765 1513 τῶν
795 1459 1082 1531 δημοσίων
1110 1459 1284 1513 οὐδέν.
1340 1463 1371 1532 ἢ
1403 1463 1508 1530 ἐγὼ
1537 1464 1868 1532 τετύφωμαι
1892 1462 1987 1512 καὶ
2012 1461 2248 1530 ἀνόητός
2271 1459 2338 1512 18

164 1551 306 1616 εἰμι,
344 1545 489 1618 πλὴν
527 1550 558 1598 ὅ
593 1563 652 1615 γε
689 1544 924 1617 ἠξίωσα,
965 1544 1417 1612 συμβουλεύσατέ
1451 1563 1567 1613 μοι.
1645 1548 1722 1608 ὡς
1768 1548 1873 1614 ἐγὼ
1913 1543 2252 1613 βουλόμενος

86 1644 133 1686 15
168 1635 296 1700 ὑμῖν
334 1634 587 1702 ἀρέσκειν
626 1634 812 1682 πάντα
851 1634 1064 1700 τρόπον
1104 1631 1321 1701 ἀπορῶ.
1409 1638 1502 1683 νῦν
1540 1632 1643 1701 γὰρ
1695 1632 1792 1682 ἐὰν
1845 1633 2117 1696 ἅπτωμαι
2154 1635 2256 1680 τοῦ

167 1720 496 1788 πράγματος
531 1718 625 1767 καὶ
665 1711 964 1778 σπουδάζω
1003 1716 1302 1783 γίγνεσθαι
1339 1718 1402 1766 τὸ
1453 1717 1639 1786 ἔργον,
1678 1720 1964 1783 τυραννεῖν
2000 1719 2072 1780 με’
2108 1715 2255 1785 φασί

162 1820 308 1864 τινες
343 1803 437 1852 καὶ
471 1802 886 1852 κατασκάπτειν
924 1796 1021 1870 τὴν
1060 1798 1229 1852 πόλιν
1266 1802 1360 1852 καὶ
1396 1801 1464 1851 τά
1508 1802 1629 1871 ἱερὰ
1670 1803 1875 1852 πάντα.
1941 1797 2107 1871 δῆλον
2145 1800 2248 1867 γὰρ

15 1899 69 1935 528
91 1889 251 1941 Μ)ὅτι
298 1889 579 1955 ἐνέπρησα
627 1887 723 1936 τὸν
771 1885 909 1936 νεὼν
957 1890 1059 1935 τοῦ
1099 1886 1243 1946 Διὸς
1289 1887 1382 1936 καὶ
1432 1887 1563 1946 τοὺς
1612 1883 1998 1954 ἀνδριάντας*
2045 1886 2105 1935 ἐκ
2152 1890 2255 1935 τοῦ

162 1969 771 2039 μυδῶνοςὲρρυσάμην,
809 1971 902 2020 καὶ
926 1975 1028 2031 νῦν,
1047 1971 1105 2020 ἐν
1131 1968 1210 2037 τῷ
1240 1972 1617 2039 φανερωτάτῳ
1645 1974 1859 2022 κεῖνται
1885 1978 1989 2040 τῆς
2010 1968 2249 2031 πόλεως.

86 2066 133 2106 20
169 2057 264 2106 ἐὰν
321 2053 379 2106 δὲ
435 2052 533 2124 τὴν
585 2055 818 2124 ἡσυχίαν
873 2055 1017 2121 ἄγω,
1072 2050 1147 2123 μὴ
1195 2052 1537 2121 βουλόμενος
1586 2052 1796 2124 μηδένα
1849 2058 2060 2105 στένειν
2108 2053 2248 2125 μηδὲ

164 2141 532 2209 προσκρούειν
567 2136 780 2208 μηδενί,
819 2139 984 2204 βοᾶτε
1022 2140 1207 2203 ὑμεῖς,
1247 2140 1544 2206 Γιγνέσθω
1584 2140 1647 2188 τὸ
1687 2140 1846 2206 ἔργον
1883 2139 1915 2207 ἢ
1955 2138 2249 2206 καθαιρεί-

72 2278 79 2281 ,
167 2225 292 2274 σθω
332 2226 394 2274 τὸ
432 2221 681 2291 γεγονός·
723 2224 914 2292 ὥσπερ
955 2225 1083 2288 ἐμοὶ
1120 2229 1285 2274 τοῦτο
1313 2228 1700 2294 προφέροντες
1733 2225 1827 2274 καὶ
1865 2218 2246 2284 ὀνειδίζοντες.

0 2320 140 2374 :mm
163 2311 219 2360 τί
247 2309 340 2360 οὖν
365 2306 647 2375 βούλεσθέ
670 2325 739 2374 με
766 2312 986 2370 ποιεῖν,-
1020 2308 1051 2358 ὃ
1076 2309 1179 2378 γάρ
1208 2309 1274 2359 ἂν
1302 2307 1516 2378 εἴπητε,
1544 2314 1710 2359 τοῦτο
1738 2308 1966 2378 ποιήσω
1992 2310 2086 2359 καὶ
2112 2309 2250 2377 περὶ
2268 2313 2332 2364 19

161 2400 271 2445 τῶν
310 2391 492 2444 ἄλλων
530 2395 796 2444 ἁπάντων
819 2389 1010 2460 (οὐδὲν
1049 2389 1204 2463 ἐρῶ),
1247 2385 1375 2445 οὐδὲ
1415 2395 1482 2445 ἂν
1520 2378 1556 2464 ᾗ
1594 2412 1681 2455 τις
1720 2395 1879 2463 ἔργον
1918 2395 2249 2462 πεποιηκὼς

83 2487 130 2528 25
164 2480 305 2548 ὑπὲρ
329 2477 398 2528 οὗ
415 2474 575 2546 λόγον
594 2474 668 2548 μὴ
698 2476 949 2542 δέδωκεν,
980 2472 1104 2529 οὐδ’
1136 2480 1202 2530 ἂν
1230 2480 1315 2530 ἔτι
1342 2486 1526 2530 ποιῶν
1550 2481 1644 2530 καὶ
1665 2481 1922 2549 χρήματα
1951 2476 2248 2545 λαμβάνων

164 2564 251 2613 ἀεὶ
288 2564 443 2632 παρὰ
483 2569 592 2614 τῶν
628 2557 754 2614 κατ’
797 2565 921 2625 ἔτος
948 2562 1250 2634 ἀρχόντων,
1293 2566 1484 2635 ὥσπερ
1513 2566 1595 2626 εἰς
1621 2567 1717 2616 τὸν
1745 2561 2037 2635 ἄπληστον
2065 2564 2248 2614 πίθον

161 2645 293 2698 τάδε
334 2645 680 2721 ληψόμενος,
733 2641 860 2699 οὐδὲ
901 2650 967 2700 ἂν
1006 2646 1141 2700 ἄλλο
1181 2667 1237 2700 τι
1275 2652 1555 2720 γίγνηται·
1605 2651 1663 2700 τί
1698 2650 1801 2718 γὰρ
1842 2645 1967 2716 ἐμοὶ
2003 2651 2248 2711 τούτων,·

163 2730 254 2783 διὰ
292 2735 391 2798 μὲν
429 2738 531 2803 γᾶρ
570 2741 667 2803 τῆς
708 2740 876 2795 στοᾶς
917 2727 979 2784 οὐ
1021 2732 1398 2800 διελεύσομαι,
1442 2741 1644 2805 σαφῶς
1672 2734 1808 2786 ἴστε.
1871 2731 2011 2784 ἀλλὰ
2052 2736 2247 2784 πονεῖν

299 2985 323 3025 3
352 2991 609 3042 μακρεῖνος
638 2983 687 3027 Μ
715 2990 984 3040 μακαρῖνος
1015 2983 1053 3026 Τ
1227 2978 1284 3028 τὸ
1315 2983 1363 3026 in
1392 2995 1554 3026 rasura
1582 2982 1632 3026 M
1777 2985 1864 3029 τοῦ
1894 2995 1981 3027 om.
2013 2981 2135 3027 UBT

157 3056 184 3096 4
213 3060 442 3111 μνημεῖον
472 3053 510 3097 Τ
655 3049 939 3114 ἀνδρειάντα
970 3053 1020 3096 Μ
1166 3057 1190 3096 5
1222 3049 1501 3109 φιλοπόλεις
1531 3052 1579 3095 Μ
1708 3048 1816 3098 οὐδὲ
1844 3048 1968 3112 ἀνὴρ
1997 3052 2101 3106 (hoc
2131 3053 2245 3106 ord.)

155 3122 281 3176 libri,
320 3123 598 3178 transposuit
636 3124 770 3181 Emp.
944 3127 966 3165 7
1008 3122 1127 3169 ποτὲ
1162 3119 1319 3169 ἐδόκει
1346 3122 1472 3177 libri,
1510 3136 1626 3167 corr.
1656 3122 1790 3180 Emp.
1937 3127 1961 3168 8
1991 3120 2158 3177 ἕξοντά
2186 3140 2247 3180 με

158 3192 333 3247 scripsi,
361 3189 548 3246 ἐξιόντα
576 3209 637 3247 με
665 3194 794 3250 libri;
826 3190 1038 3239 εἰσιόντα
1069 3193 1269 3249 praefert
1298 3192 1402 3237 Wil.
1542 3196 1594 3236 13
1625 3193 1849 3238 desidero:
1883 3191 1912 3252 ἢ
1940 3192 2034 3253 ἐγὼ
2063 3187 2247 3253 (μόνος

160 3254 316 3319 οὕτω)
345 3259 620 3322 τετύφωμαι
707 3268 760 3308 14
788 3259 1021 3322 ἠξιώσατε
1050 3264 1099 3307 Μ
1199 3266 1251 3308 18
1281 3261 1518 3324 ἐνέπρησα
1549 3264 1731 3318 Reiske‚
1761 3262 2028 3324 ἐνέπρησαν
2056 3265 2160 3310 libri

157 3331 248 3379 νεώ
279 3333 329 3376 Μ
466 3334 673 3378 lacunam
702 3334 949 3391 significavi
976 3339 1080 3391 post
1109 3328 1394 3395 ἀνδριάντας
1550 3338 1601 3379 19
1629 3339 1847 3392 μυδῶνος
1881 3335 2000 3380 UBT
2030 3331 2246 3393 μύδωνος

155 3403 220 3457 Μ,
247 3407 463 3459 μυλῶνος
492 3404 687 3449 Casaub.
836 3402 1076 3464 ἐρυσάμην
1105 3405 1153 3448 Μ
1299 3409 1351 3449 20
1384 3405 1564 3452 στένειν
1594 3409 1876 3462 suspectum:
1907 3405 2051 3451 fuitne
2081 3421 2243 3452 στενο-

151 3475 357 3532 χωρεῖνῗ
528 3477 581 3519 23
611 3492 694 3532 μοι
723 3489 804 3533 pro
834 3492 894 3533 με
924 3475 1004 3521 UT
1185 3477 1232 3522 τί
1263 3468 1349 3522 οὖν
1377 3473 1644 3536 βούλεσθε,·
1672 3475 1734 3535 μὴ
1768 3484 1923 3524 ποιεῖν
1933 3499 1948 3534 ,·
1978 3476 2110 3533 Emp.

156 3547 210 3588 24
238 3545 444 3589 lacunam
482 3549 587 3602 post
625 3541 853 3593 ἁπάντων
892 3546 1117 3604 supplevit
1145 3546 1251 3591 Wil.
1426 3542 1532 3593 οὐδ’
1570 3542 1656 3594 ἐὰν
1693 3547 1732 3591 Β
1903 3551 1957 3592 25
1996 3543 2064 3594 ἔτι
2093 3548 2245 3606 Emp.,

157 3605 233 3660 ὅτι
259 3615 308 3658 Μ
338 3607 424 3662 ὦτι
454 3616 575 3662 UBT
720 3620 773 3662 26
802 3613 1012 3670 κάθετος
1040 3617 1088 3661 Μ
1245 3613 1505 3664 ἀπλειστον
1534 3618 1582 3661 Μ
1734 3619 1945 3665 πίθοντα
1975 3618 2024 3665 δὲ
2051 3619 2102 3664 Μ

155 3687 206 3727 27
237 3682 520 3745 λειψόμενος
551 3687 631 3732 BU
662 3701 719 3731 m.
751 3702 819 3745 pr.
965 3682 1069 3735 οὐδ’
1100 3683 1186 3735 ἐὰν
1215 3688 1253 3732 Β
1414 3691 1468 3733 28
1500 3684 1626 3736 εἷ’στε
1655 3688 1704 3733 Μ
1849 3697 2017 3736 πονεῖν
2047 3689 2241 3744 GeeHus,

155 3762 308 3801 ποιεῖν
336 3756 437 3801 libri
