2684 4140
357 257 460 304 216
1099 249 1251 296 DION
1253 249 1308 295 IS
1335 248 1421 293 DE
1451 247 1694 294 INVIDIA

355 393 669 463 αὐτόματον
706 397 765 446 ἐκ
789 400 894 444 τοῦ
916 385 1156 463 ούρανοῦ
1180 394 1276 444 τὸν
1299 389 1514 443 κόλπον
1541 390 1898 463 ἐμπλήσειεν,
1940 396 2133 466 ὥσπερ
2160 404 2229 467 τῇ
2252 399 2448 469 Δανάῃ

355 481 419 551 δή
459 496 599 531 ποτε
627 477 881 546 λέγουσιν
908 479 965 529 ἐν
994 479 1258 548 οἰκήματι
1277 474 1466 544 χαλκῷ
1507 474 1896 548 φυλαττομένῃ
1920 482 2152 550 χρυσίον
2178 479 2449 553 ἐξαίφνης
2473 495 2553 537 (659
2575 487 2647 538 My

352 565 576 616 ἄνωθεν
613 565 904 634 εἰσρυῆναι
941 556 1055 631 [διὰ
1094 564 1158 614 τὸ
1195 559 1400 624 κάλλος
1439 554 1643 634 αὗτῆς],
1685 556 1813 615 οὐδὲ
1853 565 1904 615 εἰ
1935 568 2275 635 χειμάρρους
2303 562 2455 636 αὐτῷ

352 650 538 700 ποθεν
577 645 824 698 ἐπέλθοι
855 649 1063 718 χρυσὸν
1104 644 1282 698 πολὺν
1319 648 1413 698 καὶ
1439 647 1660 717 ἄθρουν
1685 653 2039 720 καταφέρων,
2081 652 2273 722 ὥσπερ
2303 650 2451 704 ἰλύν·

349 734 614 802 καθάπερ
656 731 820 799 οἶμαί
857 746 1003 803 φασι
1040 733 1270 801 Κροίσῳ
1313 735 1591 802 πρότερον
1641 735 1738 785 τόν
1775 733 2086 787 Πακτωλὸν
2126 734 2220 788 διὰ
2258 741 2447 803 μέσων
2485 747 2509 788 5

352 820 762 889 ἀφικνούμενον
798 815 1062 884 Σάρδεων
1101 821 1300 885 ἕτοιμα
1334 820 1593 889 χρήματα
1631 816 1907 886 κομίζειν,
1953 819 2135 873 πλείω
2178 824 2356 892 φόρον
2394 840 2453 874 τε

347 905 442 955 καὶ
480 901 695 970 δασμὸν
743 905 776 974 ἢ
818 901 1087 970 ξύμπασα
1129 906 1346 974 Φρυγία
1396 906 1490 955 καὶ
1532 903 1728 956 Λυδία
1776 903 1924 975 (καὶ)
1962 908 2221 969 Μαίονές
2266 925 2327 959 τε
2363 907 2458 958 καὶ

266 987 332 1039 32
353 989 551 1040 Μυσοὶ
586 990 681 1040 καὶ
719 986 1038 1055 ξύμπαντες
1077 990 1134 1039 οἱ
1170 991 1469 1055 νεμόμενοι
1506 991 1605 1060 τήν
1629 991 1788 1052 ἐντὸς
1814 984 2032 1053 Ἅλυος.
2108 989 2239 1043 οὐδέ
2261 1007 2321 1060 γε
2360 994 2456 1043 τὸν

351 1071 595 1141 λαβόντα
645 1074 801 1145 παρὰ
839 1075 1092 1145 Κροίσου
1145 1076 1243 1146 τήν
1297 1072 1511 1144 δωρεὰν
1563 1077 1774 1127 ἐκεῖνον
1807 1070 2128 1143 Ἀλκμέωνα
2182 1073 2456 1147 ἐζήλωσεν

267 1186 270 1187 ’
351 1161 476 1211 οὔτε
513 1157 706 1211 Σόλων
746 1160 872 1212 οὔτε
911 1158 1081 1222 ἄλλος
1121 1158 1304 1222 οὐδεὶς
1341 1166 1453 1212 τῶν
1492 1164 1621 1213 τότε
1674 1168 1870 1232 σοφῶν
1920 1160 2166 1233 ἀνδρῶν,
2219 1154 2265 1230 ᾧ
2306 1175 2452 1232 φασι
2490 1171 2536 1213 10

348 1247 447 1296 τὸν
495 1243 694 1297 Λυδὸν
742 1248 1057 1317 ἐπιτρέψαι
1105 1248 1237 1309 τοὺς
1285 1247 1616 1316 θησαυροὺς
1666 1245 1968 1311 ἀνοίξαντα
2033 1252 2226 1319 φέρειν
2290 1249 2457 1299 αὐτὸν
2482 1258 2663 1302 (426311

351 1331 567 1382 ὁπόσον
603 1329 868 1395 βούλεται
904 1338 1008 1383 τοῦ
1037 1339 1262 1402 χρυσοῦ.
1337 1334 1432 1383 καὶ
1469 1335 1565 1384 τὸν
1607 1331 1945 1385 εἰσελθόντα
1984 1336 2133 1385 πάνυ
2184 1331 2457 1403 ἀνδρείως

350 1418 803 1488 ἐμφορήσασθαι
838 1425 938 1489 τῆς
972 1415 1270 1489 βασιλικῆς
1310 1415 1547 1488 δωρεᾶς,
1591 1422 1803 1485 χιτῶνά
1843 1437 1904 1471 τε
1944 1417 2166 1490 ποδήρη
2205 1415 2453 1482 καταζω-

353 1504 594 1568 σάμενον
630 1504 724 1554 καὶ
761 1505 858 1554 τὸν
895 1500 1109 1554 κόλπον
1148 1501 1516 1574 ἐμπλήσαντα
1555 1509 1869 1572 γυναικεῖον
1894 1507 1989 1556 καὶ
2025 1506 2217 1572 βαθύν
2254 1506 2350 1556 καὶ
2386 1506 2455 1555 τὰ

349 1585 688 1657 ὑποδήματα
728 1585 1056 1658 ἐξεπίτηδες
1091 1586 1306 1655 μεγάλα
1344 1590 1439 1640 καὶ
1473 1587 1635 1640 κοῖλα
1674 1588 2138 1660 ὑποδησάμενον,
2188 1588 2349 1652 τέλος
2390 1588 2448 1641 δὲ
2488 1597 2536 1639 15

349 1674 448 1742 τήν
485 1675 660 1742 κόμην
701 1670 1065 1724 διαπάσαντα
1103 1675 1199 1724 καὶ
1233 1674 1303 1723 τοὶ
1341 1678 1527 1741 γένεια
1580 1673 1660 1742 τῷ
1711 1677 1972 1746 ψήγματι
2019 1677 2113 1727 καὶ
2159 1678 2222 1727 τὸ
2275 1679 2455 1742 στόμα

349 1755 718 1828 ἐμπλήσαντα
754 1760 849 1810 καὶ
885 1759 987 1820 τὰς
1024 1759 1276 1826 γνάθους
1315 1762 1582 1828 ἑκατέρας
1618 1758 1786 1826 μόλις
1819 1758 1925 1824 ἔξω
1954 1757 2222 1828 βαδίζειν,
2264 1763 2458 1830 ὥσπερ

357 1841 631 1895 αὐλοῦντα
671 1846 771 1915 τήν
810 1851 909 1915 τῆς
946 1842 1194 1915 Σεμέλης
1232 1842 1426 1909 ὠδῖνα,
1464 1842 1680 1913 γέλωτα
1718 1848 1812 1897 καὶ
1854 1847 2001 1897 θέαν
2041 1847 2272 1917 Κροίσῳ
2314 1863 2459 1916 παρ-

264 1927 331 1978 33
354 1932 549 1994 έχοντα
587 1931 681 1980 καὶ
706 1927 944 1991 Λυδοῖς.
1005 1932 1100 1981 καὶ
1136 1927 1202 2000 ἧν
1241 1933 1369 1982 τότε
1401 1923 1683 1997 Ἀλκμέων
1713 1929 1976 1998 οὐδεμιᾶς
2003 1929 2165 1995 ἄξιος
2195 1930 2458 2003 δραχμῆς,
2558 1965 2561 1967 -

350 2015 427 2075 ὡς
467 2013 610 2080 εἶχεν
651 2016 965 2081 ἱστάμενος.
1114 2016 1239 2067 οὔτε
1279 2016 1375 2067 οὖν
1414 2018 1514 2068 ἐπὶ
1543 2019 1785 2081 τούτοις,
1826 2019 1902 2079 ὡς
1941 2019 2100 2089 ἔφην,
2141 2014 2450 2088 ζηλοτυπή-
2488 2024 2537 2066 20

354 2112 502 2151 σειεν
541 2102 608 2151 ἄν
620 2141 636 2165 ,
687 2101 814 2152 οὔτε
853 2099 911 2152 εἴ
952 2118 1077 2152 τινα
1126 2099 1335 2168 βλέποι
1380 2098 1814 2168 θαυμαζόμενόν
1862 2121 1922 2154 τε
1970 2105 2066 2155 καὶ
2112 2105 2458 2169 ὑμνούμενον

350 2186 464 2236 ὑπὸ
518 2186 847 2255 ἀνθρώπων
896 2188 1112 2255 μυρίων
1157 2188 1189 2257 ἢ
1233 2184 1571 2256 δισμυρίων,
1623 2189 1674 2239 εἰ
1713 2185 1772 2239 δὲ
1817 2186 2037 2255 βούλει,
2085 2189 2458 2258 κροτούμενον

352 2273 447 2323 καὶ
483 2274 891 2338 ταινιούμενον,
929 2278 1288 2342 κορωνιῶντα
1326 2274 1420 2324 καὶ
1455 2279 1789 2343 γαυριῶντα,
1828 2275 2096 2344 καθάπερ
2139 2274 2321 2324 ἵππον
2360 2273 2460 2323 ἐπὶ

352 2358 491 2427 νίκῃ,
532 2360 1061 2427 παραπεμπόμενον
1099 2359 1212 2408 ὑπὸ
1253 2355 1534 2409 πλειόνων
1571 2360 1603 2429 ἢ
1647 2361 1858 2410 ὁπόσοι
1885 2364 2301 2429 προπέμπουσι
2327 2359 2459 2418 τούς

351 2444 657 2514 νυμφίους·
712 2444 879 2505 αὐτὸς
918 2441 977 2494 δὲ
1017 2441 1353 2513 ἀδοξότερος
1388 2446 1490 2510 μὲν
1530 2443 1613 2515 εἴη
1654 2451 1766 2496 τῶν
1805 2451 2072 2510 πτωχῶν,
2113 2446 2450 2514 ἐρημότερος
2488 2453 2538 2494 25

355 2527 414 2579 δὲ
454 2534 566 2580 τῶν
604 2530 663 2580 ἐν
707 2533 835 2590 ταῖς
885 2526 1041 2590 ὁδοῖς
1089 2531 1464 2599 ἐρριμμένων,
1516 2527 1759 2600 μηδενὸς
1809 2528 1868 2582 δὲ
1919 2528 2252 2597 ἀξιούμενος
2300 2530 2458 2599 παρὰ

355 2612 555 2684 μηδενὶ
593 2611 774 2682 λόγου,
813 2615 1082 2683 καθάπερ
1111 2616 1415 2684 Μεγαρέας
1442 2619 1587 2665 ποτέ
1627 2629 1789 2686 φασι,
1831 2614 1925 2667 διὰ
1952 2619 2015 2667 τὸ
2055 2618 2128 2687 μή
2173 2613 2462 2667 δύνασθαι

354 2701 701 2769 θεραπεύειν
738 2698 879 2770 μηδὲ
919 2702 1065 2770 πρὸς
1097 2702 1263 2770 χάριν
1302 2697 1534 2766 ὁμιλεῖν,
1575 2702 1672 2752 ἅτε
1713 2701 1990 2771 αὐστηρὸς
2028 2703 2105 2752 ὢν
2146 2704 2244 2772 τὴν
2286 2703 2458 2771 φύσιν
2483 2709 2682 2753 (42ΊΒΠ)

355 2787 451 2836 καὶ
495 2783 775 2855 ἀληθείας
816 2783 1011 2856 φίλος,
1062 2784 1222 2837 οὐδὲν
1260 2787 1764 2855 ἀποκρυπτόμενος
1811 2813 1881 2822 —
1930 2785 2057 2837 οὐδὲ
2110 2789 2287 2848 οὕτως
2336 2787 2460 2837 πεί-

359 2885 519 2922 σεται
557 2873 620 2921 τὸ
660 2877 772 2922 τῶν
808 2875 1095 2941 κεραμέων
1134 2889 1193 2923 τε
1229 2874 1325 2923 καὶ
1361 2875 1632 2923 τεκτόνων
1657 2874 1752 2924 καὶ
1790 2871 2001 2924 ἀοιδῶν
2030 2871 2156 2924 οὐδὲ
2191 2874 2461 2943 καμφθή-
2499 2879 2684 2924 30(66οΜ’

359 2957 521 3008 σεταί
556 2972 700 3008 ποτε
740 2948 818 3007 δι’
863 2954 1083 3008 ἔνδειαν
1131 2958 1163 3028 ἢ
1206 2950 1286 3008 δι>
1330 2958 1562 3024 ἀτιμίαν
1614 2956 1740 3009 οὐδὲ
1787 2956 2102 3025 μεταβαλεῖ
2141 2960 2238 3009 τὸν
2288 2959 2463 3008 αὑτοῦ

501 3167 521 3206 1
557 3157 826 3224 ἀνθρώπου
855 3164 1154 3222 (compendio)
1185 3177 1268 3222 pro
1301 3161 1513 3221 οὐρανοῦ
1541 3165 1583 3210 U
1612 3179 1670 3209 m.
1700 3179 1769 3222 pr.
1914 3168 1939 3209 2
1970 3160 2022 3223 δὴ
2054 3178 2141 3210 om.
2173 3164 2254 3210 ΠΒ
2380 3182 2461 3222 φυ-

359 3233 655 3292 λαττομένην
683 3234 725 3280 U
869 3234 1063 3295 ἐξέφνης
1093 3236 1143 3280 Μ
1318 3240 1342 3280 3
1374 3231 1447 3282 διὰ
1479 3236 1538 3283 τὸ
1569 3233 1747 3290 κάλλος
1777 3229 1920 3295 αὐτῆς
1959 3235 2124 3281 seclusi
2291 3237 2462 3296 χίμαρ-

362 3321 449 3363 ρος
477 3304 527 3349 Μ
673 3309 700 3350 4
730 3303 908 3365 ἐπέλθῃ
941 3307 1026 3361 (vel
1047 3310 1112 3367 -η)
1141 3307 1289 3361 UBM,
1318 3306 1518 3355 ἐπέλθοι
1548 3307 1587 3352 Τ
1731 3303 1858 3354 εἰλὺν
1887 3307 1937 3351 Μ
2101 3310 2125 3350 5
2156 3298 2383 3367 καθάπερ
2413 3306 2462 3350 Μ

361 3367 527 3436 ὥσπερ
557 3375 639 3421 UB
753 3385 957 3437 κροῖσον
985 3378 1026 3423 U
1059 3383 1123 3432 (at
1155 3395 1200 3425 οι
1231 3392 1259 3424 a
1289 3382 1424 3433 corr.)
1568 3377 1721 3436 μέσον
1749 3379 1792 3425 U
1821 3392 1877 3423 m.
1910 3392 1978 3436 pr.
2011 3379 2050 3422 B
2195 3381 2219 3420 7
2248 3379 2330 3423 καὶ
2359 3376 2461 3422 add.

360 3446 494 3503 Emp.
613 3450 637 3491 8
668 3463 721 3493 τε
750 3460 831 3504 pro
862 3464 917 3506 γε
945 3448 996 3493 Μ
1113 3453 1138 3494 9
1169 3445 1256 3509 τὴν
1286 3449 1334 3497 δὲ
1362 3451 1413 3494 Μ
1444 3451 1502 3496 cf.
1532 3450 1751 3495 Herodot.
1783 3449 1847 3495 VI
1870 3452 1949 3493 125
2065 3444 2300 3506 ἐξήλωσεν
2328 3447 2378 3491 Μ

365 3521 417 3562 16
449 3515 782 3565 διασπάσαντα
812 3518 863 3562 Μ
977 3516 1110 3578 γε’νια
1139 3520 1189 3564 Μ
1308 3525 1359 3566 18
1391 3520 1668 3580 παρέχοντα
1699 3524 1805 3565 ante
1833 3522 1914 3566 καὶ
1942 3518 2064 3566 θέαν
2094 3519 2289 3579 Κροίσῳ
2308 3516 2349 3562 U

361 3592 414 3633 19
446 3582 698 3646 ἀλκμαίων
718 3590 755 3633 Β
844 3593 897 3634 22
920 3589 1030 3637 εἰδὲ
1051 3591 1100 3634 Μ
1123 3586 1231 3638 οὐδὲ
1250 3591 1332 3637 UB
1418 3590 1584 3653 βούλει
1613 3591 1806 3648 Pfiugk„
1836 3585 2062 3650 βούλεται
2081 3589 2185 3633 libri
2272 3592 2325 3633 23
2355 3605 2464 3646 γαυ-

362 3662 542 3716 ριῶντα
573 3672 658 3705 om.
690 3659 732 3706 U
850 3663 905 3704 24
935 3659 1085 3707 πόσοι
1114 3664 1216 3715 (om.
1247 3658 1294 3721 ἢ)
1325 3663 1376 3707 Μ
1491 3666 1547 3708 26
1576 3660 1900 3724 ἐρῥειμμένων
1928 3660 1977 3704 Μ
2064 3663 2118 3704 30
2150 3654 2257 3706 οὐδὲ
2286 3659 2466 3716 scripsi,

365 3723 422 3777 οὗ
452 3731 558 3776 libri
673 3734 725 3775 31
760 3725 917 3777 ἔνὸιαν
944 3731 993 3776 Μ
1111 3728 1260 3779 αὐτοῦ
1287 3733 1331 3779 U
