2684 4140
1090 292 1316 338 ORATIO
1347 293 1510 338 LXXI.
2239 296 2339 343 181

44 616 240 659 (377311)
742 605 862 670 (54)
917 603 1175 671 ΠΕΡΙ
1230 603 1841 673 ΦΙΛΟΣΟΦΟΥ.

392 844 552 895 Εἰσὶν
591 845 653 895 οἶ
685 858 830 914 φασι
873 842 988 896 δεῖν
1028 848 1214 896 πάντα
1253 848 1310 896 ἐν
1341 852 1514 897 πᾶσιν
1553 845 1698 897 εἶναι
1736 848 2001 915 περιττὸν
2039 849 2135 898 τὸν
2177 846 2337 918 φιλό-
2379 840 2403 888 1

255 939 461 997 σοφον·
509 930 602 980 καὶ
641 927 912 1000 ὁμιλῆσαι
949 931 1288 998 ἀνθρώποις
1328 933 1470 1000 φασὶ
1520 929 1635 982 δεῖν
1683 930 1830 981 εἶναι
1880 928 2201 982 δεινότατον
2247 934 2340 984 καὶ

250 1010 536 1081 μηδέποτε
567 1019 722 1080 σιγᾶν
747 1011 886 1083 μηδὲ
915 1015 1153 1080 ἀπορεῖν
1182 1012 1358 1082 λόγων
1384 1017 1655 1065 τοιούτων
1686 1017 1830 1084 πρὸς
1867 1017 1998 1076 τοὺς
2036 1019 2337 1085 παρόντας,

254 1098 312 1147 οἳ
348 1095 680 1167 δυνήσονται
716 1102 943 1167 τέρπειν
985 1099 1213 1160 αὐτούς·
1254 1101 1305 1149 εἰ
1344 1097 1402 1150 δὲ
1440 1101 1533 1169 μή,
1575 1101 1747 1169 φασὶν
1788 1097 2019 1169 ἰδιώτην
2059 1099 2205 1151 εἶναι
2242 1103 2338 1151 τὸν

195 1191 218 1230 5
254 1183 326 1251 μὴ
369 1186 891 1251 παρεσκευασμένον
931 1183 1107 1243 οὕτως
1143 1185 1237 1233 καὶ
1275 1181 1464 1250 ὀλίγου
1492 1181 1667 1246 ἄξιον.
1731 1184 1837 1250 ἐγὼ
1868 1181 1929 1233 δέ
1956 1201 2103 1253 φημι
2132 1186 2200 1234 τὰ
2238 1187 2338 1250 μὲν
2380 1197 2385 1201 ⁴

252 1263 440 1316 δίκαια
476 1267 570 1316 καὶ
608 1263 795 1335 ἀληθῆ
837 1263 1013 1332 λέγειν
1052 1267 1269 1329 αὐτούς,
1308 1267 1377 1316 τά
1418 1264 1476 1317 δὲ
1518 1267 1596 1316 οὔ.
1660 1269 1723 1317 τὸ
1762 1269 1863 1332 μὲν
1901 1269 2003 1335 γὰρ
2045 1265 2335 1337 διαφέρειν
2375 1271 2406 1320 2

250 1356 540 1414 πανταχοῦ
573 1352 669 1400 τὸν
709 1347 1031 1419 φιλόσοφον
1070 1356 1181 1400 τῶν
1208 1348 1392 1402 ἄλλων
1422 1349 1679 1402 δοκοῦσιν
1715 1352 1907 1421 ὀρθῶς
1934 1348 2154 1414 ἀξιοῦν·
2194 1349 2341 1421 πλὴν

250 1436 301 1485 εἰ
348 1436 423 1503 μή
473 1450 533 1501 γε
580 1435 673 1484 καὶ
718 1434 820 1495 τὰς
877 1437 1072 1498 τέχνας
1122 1437 1265 1505 φασὶ
1315 1433 1431 1486 δεῖν
1479 1436 1646 1486 αὐτὸν
1705 1438 1935 1497 ἁπάσας
1993 1434 2204 1487 εἰδέναι
2250 1437 2344 1487 καὶ

247 1515 469 1583 βέλτιον
493 1519 633 1568 κατὰ
662 1520 760 1589 τὴν
786 1522 980 1588 τέχνην
1020 1521 1245 1571 ἅπαντα
1285 1525 1474 1571 ποιεῖν
1512 1527 1623 1572 τῶν
1652 1519 2019 1591 δημιουργῶν,
2061 1522 2242 1583 οἰκίας
2279 1538 2339 1572 τε

174 1611 221 1652 10
258 1600 727 1668 οἰκοδομούμενον
763 1605 856 1654 καὶ
894 1601 1071 1655 πλοῖα
1099 1608 1554 1675 ναυπηγούμενον
1578 1608 1672 1657 καὶ
1692 1604 2030 1671 χαλκεύοντα
2055 1608 2149 1657 καὶ
2173 1607 2342 1676 ὑφαί-

247 1703 412 1737 νοντα
448 1689 543 1738 καὶ
577 1694 953 1756 γεωργοῦντα·
1005 1690 1196 1758 ὥσπερ
1238 1691 1269 1739 ὁ
1302 1685 1523 1751 Ἠλεῖος
1551 1683 1779 1752 Ἱππίας
1816 1688 1974 1760 ἠξίου
2009 1691 2341 1760 σοφώτατος

74 1781 153 1823 (625
174 1770 393 1824 Μ)εἶναι
442 1778 552 1823 τῶν
584 1766 883 1842 Ἑλλήνων,
934 1774 996 1823 οὐ
1044 1776 1217 1839 μόνον
1266 1776 1557 1844 ποιήματα
1610 1773 1954 1826 παντοδαπὰ
2003 1777 2097 1825 καὶ
2145 1772 2340 1842 λόγους

252 1858 424 1906 αὑτοῦ
459 1854 752 1917 ποικίλους
792 1861 1098 1927 προφέρων
1119 1849 1463 1924 Ὀλυμπίασί
1487 1877 1546 1910 τε
1583 1861 1676 1910 καὶ
1701 1861 1759 1910 ἐν
1786 1864 1911 1920 ταῖς
1938 1856 2136 1919 ἄλλαις
2162 1873 2339 1927 πανη-

252 1943 444 2009 γύρεσι
470 1947 579 1992 τῶν
599 1935 882 2011 Ἑλλήνων,
910 1939 1050 1992 ἀλλὰ
1076 1945 1169 1994 καὶ
1195 1941 1336 1993 ἄλλα
1367 1938 1722 2013 [ἐπιδεικνύς]
1750 1945 1898 2013 ἔργα,
1937 1947 2032 1995 τόν
2058 1961 2117 1994 τε
2146 1941 2339 1994 δακτύ-

171 2033 216 2074 15
254 2023 374 2077 λιον
410 2029 502 2078 καὶ
538 2028 635 2097 τὴν
664 2025 907 2096 λήκυθον
932 2029 1025 2078 καὶ
1053 2025 1343 2095 στλεγγίδα
1369 2031 1462 2080 καὶ
1497 2024 1619 2095 <τό>
1646 2031 1870 2095 ἱμάτιον
1905 2031 1999 2080 καὶ
2023 2031 2120 2099 τὴν
2148 2024 2338 2097 ζώνην,

251 2113 328 2172 ὡς
366 2113 589 2169 ἅπαντα
628 2113 957 2182 πεποιηκώς
996 2113 1179 2176 αὐτός,
1222 2113 1341 2164 οἶον
1381 2115 1641 2183 ἀπαρχὰς
1678 2122 1775 2185 τῆς
1826 2116 2035 2184 σοφίας
2071 2117 2193 2173 τοῖς
2219 2106 2338 2163 Ἕλ-

252 2192 411 2264 λησιν
450 2194 831 2247 ἐπιδεικνύων.
897 2195 1090 2262 σχεδὸν
1131 2195 1189 2248 δὲ
1226 2200 1319 2249 καὶ
1340 2192 1585 2269 Ὅμηρος
1614 2191 1885 2250 Ὀδυσσέα
1924 2200 2232 2268 πεποίηκεν
2273 2197 2334 2246 οὐ
2375 2200 2405 2251 3

246 2283 418 2345 μόνον
454 2267 640 2351 γνώμη
682 2280 1028 2353 διαφέροντα
1066 2286 1160 2335 καὶ
1196 2283 1274 2351 τῷ
1316 2282 1602 2335 δύνασθαι
1650 2286 1782 2353 περὶ
1830 2286 2174 2352 πραγμάτων
2211 2283 2339 2349 βου-

0 2361 15 2426 J
249 2363 520 2417 λεύεσθαι
567 2369 661 2418 καὶ
710 2365 886 2435 λέγειν
937 2366 1258 2420 δεινότατον
1307 2371 1363 2420 ἔν
1412 2387 1473 2420 τε
1522 2367 1739 2439 πλήθει
1785 2371 1879 2420 καὶ
1925 2370 2070 2437 πρὸς
2120 2365 2340 2434 ὀλίγους

11 2445 14 2461 ²
170 2456 218 2497 20
252 2452 345 2501 καὶ
382 2454 526 2520 πρὸς
563 2454 686 2516 ἕνα,
734 2455 828 2504 καὶ
865 2455 926 2523 νὴ
967 2455 1081 2504 Δία
1120 2471 1180 2522 γε
1217 2456 1275 2505 ἐν
1314 2453 1575 2524 ἐκκλησία
1612 2472 1671 2505 τε
1708 2456 1802 2505 καὶ
1839 2455 1994 2523 παρὰ
2035 2455 2211 2502 πότον
2248 2452 2341 2501 καὶ

10 2520 231 2624 ξωτεΒΙΙ)
249 2535 301 2585 εἰ
337 2537 493 2600 τύχοι
516 2539 656 2602 μετά
682 2554 835 2598 τινος
862 2534 1106 2604 βαδίζων
1134 2537 1281 2603 ὀδόν,
1319 2542 1413 2590 καὶ
1439 2542 1584 2609 πρὸς
1611 2537 1849 2606 βασιλέα
1875 2541 1969 2590 καὶ
2006 2539 2150 2603 πρὸς
2184 2534 2338 2586 ἰδιώ-

249 2637 364 2689 την,
399 2622 493 2671 καὶ
530 2624 674 2691 πρὸς
711 2620 1011 2692 ἐλεύθερον
1048 2626 1141 2675 καὶ
1179 2626 1324 2693 πρὸς
1364 2622 1578 2687 δοῦλον,
1615 2626 1709 2675 καὶ
1748 2625 1914 2675 αὐτὸν
1942 2620 2167 2685 ἔνδοξον
2207 2622 2337 2671 ὄντα

9 2721 12 2764 4
248 2706 341 2755 καὶ
376 2703 613 2771 βασιλέα
650 2709 743 2758 καὶ
781 2708 854 2757 αυ
876 2706 1050 2759 πάλιν
1077 2710 1449 2776 ἀγνοούμενον
1474 2711 1567 2760 καὶ
1593 2712 1834 2774 πτωχόν,
1873 2710 1966 2758 καὶ
1992 2709 2136 2774 πρὸς
2163 2703 2337 2774 ἄνδρα

248 2807 306 2840 τε
347 2792 555 2855 ὁμοίως
590 2794 684 2843 καὶ
720 2797 948 2860 γυναῖκα
985 2796 1079 2845 καὶ
1114 2797 1306 2864 κόρην,
1361 2796 1446 2845 ἔτι
1496 2793 1554 2844 δὲ
1604 2795 1894 2859 μάχεσθαι
1944 2792 2336 2855 ἐπιστάμενον,

8 2870 15 2934 ἱ
156 2882 203 2923 25
243 2872 382 2926 ἀλλὰ
419 2878 513 2927 καὶ
549 2883 659 2927 τῶν
704 2880 976 2929 τοιούτων
1025 2880 1293 2930 ἁπάντων
1342 2880 1640 2948 ἔμπειρον,
1689 2884 2003 2946 τεκτονικῆς
2049 2876 2142 2925 καὶ
2192 2874 2336 2923 οἰκο-

8 2935 11 2991 s
248 2957 448 3025 δομίας
484 2963 577 3012 καὶ
614 2970 971 3033 ναυπηγικῆς.
1036 2969 1161 3024 πῶς
1197 2964 1300 3032 γὰρ
1341 2964 1407 3013 ἂν
1445 2965 1508 3013 τὸ
1550 2961 1706 3027 λέχος
1732 2963 2000 3030 ἐποίησεν
2027 2959 2332 3023 ἀποκόψας
2371 2965 2403 3013 4

8 3051 11 3078 l

389 3097 572 3142 titulus:
605 3101 715 3156 περὶ
744 3100 836 3144 τοῦ
867 3095 1141 3157 φιλοσόφου
1170 3098 1211 3143 U
1331 3104 1348 3142 1
1384 3097 1473 3144 τὸν
1502 3095 1776 3155 φιλόσοφον
1806 3110 1890 3142 om.
1923 3096 2055 3142 UBM
2185 3098 2210 3138 3
2242 3111 2336 3140 σει-

245 3170 338 3227 γᾶν
366 3168 415 3211 Μ
530 3173 556 3212 6
585 3165 828 3227 ἄληλέγειν
857 3168 896 3213 U
927 3182 985 3214 m.
1016 3183 1084 3225 pr.
1115 3172 1196 3227 (θῆ
1226 3181 1452 3226 superscr.
1484 3181 1512 3212 a
1542 3172 1675 3222 corr.)
1792 3173 1814 3212 7
1846 3169 2044 3214 δοκοῦσί
2072 3183 2155 3225 μοι
2186 3165 2233 3209 Μ
2265 3168 2338 3209 δο-

245 3241 411 3285 κοῦσιν
440 3241 543 3292 (om.
575 3243 674 3295 μοι)
705 3239 842 3283 ceteri
1016 3233 1171 3295 ὀρθῶι
1203 3239 1247 3283 Η
1421 3242 1445 3283 8
1472 3237 1592 3298 μήτε
1620 3238 1671 3283 Μ
1698 3235 1760 3298 μὴ
1792 3238 1872 3284 UB
1900 3236 1963 3297 μή
1994 3255 2038 3285 τι
2066 3237 2161 3290 PH,
2191 3231 2253 3293 μή
2283 3250 2338 3293 γε

247 3309 440 3354 malebat
468 3310 599 3367 Emp.
720 3314 771 3353 10
802 3313 941 3355 πλεῖα
972 3309 1007 3353 P
1128 3313 1175 3354 11
1208 3302 1342 3368 ἥλιος
1370 3311 1418 3354 Μ
1511 3313 1560 3354 13
1591 3303 1739 3357 αὐτοῦ
1755 3309 1879 3356 UHP
1999 3312 2051 3352 14
2081 3301 2338 3357 ἐπιδεικνὺς

246 3382 410 3425 seclusi
530 3384 577 3425 15
598 3377 717 3438 (τὸ)
737 3378 932 3437 ὶμοίτιον
951 3379 1054 3424 Wil.
1077 3392 1103 3424 e
1122 3379 1241 3426 Plat.
1262 3381 1396 3437 Hipp.
1419 3381 1466 3424 II
1494 3394 1539 3436 p.
1564 3385 1645 3425 368
1657 3394 1695 3434 c,
1727 3374 1902 3437 ἱμάντα
1922 3378 2087 3425 UBPH
2113 3374 2200 3434 Zaa
2222 3377 2270 3419 M

250 3456 299 3497 18
328 3449 492 3510 γνώμη
521 3448 583 3510 μὴ
616 3452 664 3493 Μ
765 3447 1120 3510 βουλεύσασθαι
1151 3451 1254 3508 libri
1282 3454 1463 3507 praeter
1492 3451 1536 3495 H
1655 3455 1704 3495 19
1736 3448 2015 3498 δεινότατον
2043 3448 2219 3507 scripsi,
2251 3450 2335 3492 δει-

244 3521 428 3569 νότατα
457 3523 582 3575 libri3
616 3522 672 3567 cf.
705 3522 1006 3580 διαφέροντα,
1036 3518 1370 3578 ἐπιστάμενον,
1400 3518 1651 3582 {ammom
1679 3522 1934 3579 eloquentia
1963 3521 2153 3566 alterum
2184 3520 2334 3573 caput,

245 3606 273 3638 a
303 3593 488 3639 consilio
522 3594 744 3638 diversum
888 3595 941 3636 22
979 3585 1128 3639 αὐτὸν
1167 3587 1360 3646 ἔνδοξον
1399 3594 1501 3647 (del.
1531 3596 1628 3648 καὶ)
1657 3592 1764 3638 Wil.
1803 3596 1884 3639 καὶ
1914 3591 2004 3639 τὸν
2034 3587 2225 3644 ἔνδοξον
2252 3588 2335 3633 UB

246 3661 335 3710 τὸν
363 3661 552 3719 ἔνδοξον
582 3667 683 3719 (om.
713 3667 811 3718 καὶ)
840 3664 888 3707 Μ
917 3665 998 3708 καὶ
1027 3661 1152 3719 πρὸς
1181 3659 1373 3717 ἔνδοξον
1402 3663 1483 3707 PH
1599 3669 1651 3709 25
1682 3661 1886 3724 ἔμπιρον
1915 3663 1963 3707 Μ
2064 3664 2143 3707 καὶ
2174 3674 2336 3705 τεκτο-

248 3738 374 3793 νικῆς
402 3735 532 3781 UBM
649 3735 928 3792 οἰκονομίας
958 3734 1006 3778 Μ
