2684 4140
386 288 451 336 62
1139 265 1289 313 DION
1291 264 1343 309 IS
1375 258 1658 307 POLITICA

379 428 596 495 μήποτε
634 419 962 474 ἀκούσαντες
998 413 1194 462 ἔπειτα
1235 399 1298 456 οὗ
1338 403 1567 462 δικαίως
1605 401 1744 465 ἐμοῦ
1777 403 2118 464 καταγνῶτε,
2158 396 2246 445 ὅτι
2285 387 2446 447 αὐτοὶ

380 509 473 558 οὐκ
509 503 696 571 ὀρθῶς
731 495 971 559 ἐδόξατε.
1047 489 1316 542 οὐδέποτε
1353 487 1454 555 γὰρ
1485 482 1666 535 οὐδενὶ
1703 484 1872 550 ἔγωγε
1899 487 2063 531 τοῦτο
2107 481 2445 549 ὑπεσχόμην,

380 592 454 649 ὡς
493 586 675 643 ἱκανὸς
711 583 786 631 ὢν
825 576 999 645 λέγειν
1035 577 1066 644 ἢ
1098 575 1326 644 φρονεῖν
1355 572 1386 639 ἢ
1416 567 1589 619 πλέον
1615 585 1672 618 τι
1695 567 2018 634 γιγνώσκειν
2057 570 2167 615 τῶν
2200 561 2444 628 πολλῶν,

376 662 498 719 ἀλλ’
550 667 688 733 ὑπὲρ
736 664 907 713 αὐτοῦ
952 661 1149 709 τούτου
1212 654 1622 720 διαμαχόμενος
1675 653 1938 702 ἑκάστοτε
1993 650 2087 699 καὶ
2143 645 2445 715 ἀντιλέγων

374 757 491 812 τοῖς
527 748 776 812 ἀξιοῦσιν
813 746 1009 796 ἔπειτα
1049 743 1130 803 εἰς
1167 742 1229 791 τὸ
1270 737 1446 806 λέγειν
1482 727 1864 802 καθίσταμαι·
1903 736 1997 786 καὶ
2031 730 2236 784 πολλοὶ
2271 739 2438 783 τοῦτο
2476 742 2501 783 5

307 839 337 890 3
377 835 505 885 αὐτὸ
542 827 813 891 ἐπίδειξιν
850 828 1140 898 ἡγήσαντο.
1233 825 1383 889 ὅμως
1431 819 1489 872 δὲ
1535 822 1628 872 καὶ
1678 821 1845 881 αὐτὸς
1891 823 2085 888 ἑτέραν
2122 819 2216 868 καὶ
2253 821 2447 886 ἑτέραν

372 918 629 984 λαμβάνω
658 911 801 964 ὁδόν.
871 914 1001 961 ὅταν
1025 910 1126 974 μὲν
1152 909 1254 976 γάρ
1295 908 1376 968 εἰς
1414 907 1653 972 ἐμαυτὸν
1681 902 1871 955 ἀπίδω
1911 905 2004 955 καὶ
2041 905 2139 974 τὴν
2179 903 2447 972 ἀπειρίαν

369 1003 464 1070 τὴν
510 1002 772 1065 ἐμαυτοῦ,
822 996 952 1063 περὶ
988 994 1174 1043 πάντα
1211 994 1313 1057 μὲν
1352 988 1574 1052 ἁπλῶς,
1623 987 1870 1055 μάλιστα
1912 986 1970 1039 δὲ
2009 990 2107 1059 την
2146 988 2280 1055 περὶ
2317 988 2448 1048 τοὺς

371 1084 586 1152 λόγους,
639 1083 714 1142 ὡς
764 1077 992 1148 ἰδιώτης
1040 1079 1116 1127 ὢν
1168 1074 1503 1142 διανοοῦμαι
1549 1077 1642 1126 καὶ
1690 1077 1753 1126 τὸ
1796 1072 1999 1125 λοιπὸν
2051 1070 2281 1124 ἰδιώτου
2321 1072 2446 1138 βίον

293 1166 295 1168 ’
367 1170 730 1236 βιωσόμενος·
779 1166 909 1215 ὅταν
960 1160 1017 1213 δὲ
1064 1163 1146 1223 εἰς
1183 1163 1314 1223 τοὺς
1354 1157 1776 1223 σπουδάζοντας
1823 1161 1918 1210 καὶ
1956 1155 2437 1229 παρακαλοῦντας,
2478 1167 2524 1210 10
2553 1140 2684 1227 (Ῑῗῖ)Β

368 1255 626 1304 ὑπονοεῖν
663 1250 898 1315 ἐμαυτὸν
935 1243 1340 1314 ἀναγκάζομαι,
1390 1248 1462 1317 μὴ
1505 1248 1613 1316 ἄρα
1652 1263 1707 1296 τι
1746 1251 1855 1296 τῶν
1894 1246 2042 1311 ἐμῶν
2083 1241 2246 1311 λόγου
2287 1240 2447 1305 ἀξιον

368 1339 460 1389 καὶ
507 1334 766 1387 λανθάνω
817 1332 1131 1393 πεπονθώς
1188 1334 1250 1382 τὸ
1303 1332 1436 1382 αὐτὸ
1486 1333 1660 1393 ἐνίοις
1707 1337 1818 1382 τῶν
1870 1327 2052 1398 ζῴων,
2112 1331 2146 1379 ἃ
2197 1329 2446 1398 χρήσιμα

371 1426 497 1473 ὅντα
552 1423 670 1481 τοῖς
717 1418 1049 1487 ἀνθρώποις
1094 1417 1187 1467 καὶ
1235 1414 1468 1483 δύναμίν
1516 1434 1641 1467 τινα
1699 1417 1894 1481 ἔχοντα
1942 1417 2001 1467 ἐν
2062 1417 2254 1475 αὐτοῖς
2302 1414 2447 1481 πρὸς

371 1506 520 1556 ἴασιν
569 1505 893 1573 νοσημάτων
939 1503 1066 1571 ἤτοι
1108 1499 1280 1572 χολῆς
1327 1503 1360 1571 ἢ
1403 1503 1641 1567 αἵματος
1679 1503 1711 1571 ἢ
1753 1498 1995 1572 πιμελῆς
2033 1502 2065 1571 ἢ
2106 1505 2309 1570 τριχῶν
2350 1491 2447 1549 οὐκ

371 1590 582 1652 ἴσασιν,
636 1589 690 1637 οἱ
738 1584 794 1637 δὲ
845 1586 1151 1654 ἄνθρωποι
1200 1584 1413 1647 εἰδότες
1462 1584 1760 1636 διώκουσιν
1811 1579 1952 1636 αὐτοὶ
1997 1586 2091 1636 καὶ
2132 1590 2443 1654 πειρῶνται
2482 1593 2528 1634 15

370 1675 550 1724 πάντα
596 1673 805 1740 τρόπον
846 1666 1164 1736 συλλαβεῖν,
1219 1662 1281 1720 οὗ
1322 1675 1433 1720 τῶν
1470 1675 1644 1739 κρεῶν
1682 1672 1887 1733 ἕνεκεν,
1928 1663 2057 1720 ἀλλ’
2101 1670 2313 1738 ἐκείνης
2350 1675 2449 1738 τῆς

303 1762 334 1809 4
375 1757 667 1823 δυνάμεως.
729 1758 800 1826 μὴ
831 1757 938 1824 ἄρα
975 1756 1113 1821 κάμὲ
1154 1751 1555 1822 ἀναγκάζουσιν
1594 1757 1859 1805 ἑκάστοτε
1900 1753 2092 1822 λέγειν,
2134 1746 2300 1804 οὐδὲν
2329 1750 2448 1803 δεό-

368 1858 524 1907 μενοι
561 1847 669 1891 τῶν
708 1837 908 1908 λόγων,
959 1833 1083 1890 ἀλλ’
1142 1844 1333 1909 ἑτέρου
1381 1842 1549 1901 τινός.
1646 1833 1774 1891 οὐδὲ
1823 1842 1926 1910 γὰρ
1978 1842 2155 1891 ἐκεῖνο
2208 1836 2451 1903 δύναμαι
2476 1850 2555 1892 (504
2576 1849 2629 1890 Μ)

370 1929 707 1996 ὑπονοῆσαι,
758 1927 845 1976 ὅτι
896 1926 1220 1992 ἀγνοοῦντες
1271 1923 1334 1996 δὴ
1384 1926 1478 1976 καὶ
1526 1926 1756 1995 ἀνήκοοι
1806 1926 1959 1986 ὄντες
2014 1921 2449 1984 ἐσπουδάκασιν,

374 2012 560 2079 ὥσπερ
600 2007 792 2075 ἀμέλει
828 2007 1030 2061 πολλοὶ
1067 2007 1293 2060 πολλῶν
1334 2007 1427 2061 διὰ
1454 2012 1552 2081 τὴν
1579 2011 1809 2078 ἄγνοιαν
1836 2010 2238 2076 ἐπιθυμοῦσιν.
2304 2010 2445 2059 πάν·
2484 2017 2532 2059 2ο

373 2112 460 2156 τες
498 2098 626 2163 γάρ,
677 2097 752 2156 ὡς
790 2096 927 2156 ἔπος
966 2097 1173 2159 εἰπεῖν,
1223 2097 1354 2157 τοὺς
1390 2097 1491 2162 μὲν
1530 2097 1699 2161 ἐμοὺς
1750 2093 1946 2163 λόγους
1983 2096 2324 2145 ἐπίστανται
2360 2094 2454 2144 καὶ

376 2178 736 2249 διαφέρουσιν
787 2173 984 2241 αὐτοὺς
1031 2178 1192 2231 ἄλλοι
1241 2178 1508 2246 ἀλλαχοῦ,
1560 2182 1751 2250 ὥσπερ
1790 2181 1858 2230 τά
1901 2177 2088 2251 φαῦλα
2128 2172 2355 2247 ᾄσματα
2397 2179 2455 2228 οἱ

376 2262 575 2325 παῖδες
613 2266 669 2314 ἐν
708 2269 832 2325 ταῖς
870 2263 1101 2316 πόλεσιν
1142 2259 1345 2331 ᾄδουσι
1383 2268 1447 2317 τὸ
1487 2267 1632 2335 πρὸς
1671 2269 1944 2334 ἑσπέραν·
1982 2266 2076 2316 καὶ
2114 2265 2245 2325 τοὺς
2283 2264 2452 2329 ἐμοὺς

379 2345 570 2414 λόγους
621 2346 809 2413 σχεδὸν
860 2352 1066 2411 πάντες
1116 2348 1378 2420 ἀλλήλοις
1427 2348 1901 2418 ἀπαγγέλλουσιν,
1955 2341 2053 2414 οὐχ
2100 2351 2258 2410 ὅπως
2295 2348 2453 2417 ἐρρή-

315 2434 344 2481 5
382 2435 584 2501 θησαν,
614 2426 737 2483 ἀλλ’
771 2435 853 2484 ἔτι
871 2433 1121 2500 βελτίους
1141 2437 1482 2506 ποιήσαντες
1501 2436 1640 2487 κατὰ
1663 2438 1760 2506 τὴν
1784 2436 1966 2485 αὑτῶν
1989 2432 2238 2499 δύναμιν,
2269 2433 2325 2482 οἱ
2349 2433 2449 2498 μὲν
2487 2441 2534 2483 25

380 2519 590 2578 ἑκόντες
617 2519 1099 2587 ἐπανορθούμενοι
1129 2523 1222 2572 καὶ
1262 2519 1427 2592 δῆλον
1466 2524 1554 2573 ὅτι
1594 2523 1986 2587 αἰσχυνόμενοι
2023 2521 2086 2570 τὸ
2125 2518 2457 2589 μεμνῆσθαι

379 2603 644 2651 τοιούτων
673 2599 1031 2666 ἀλλάττοντες
1056 2606 1149 2656 καὶ
1175 2607 1580 2672 μετατιθέντες
1608 2604 1791 2656 πολλὰ
1823 2607 1917 2656 καὶ
1952 2607 2260 2674 κρείττονα,
2302 2605 2358 2655 οἱ
2396 2601 2455 2654 δὲ

383 2684 519 2746 ἴσως
555 2687 645 2737 καὶ
686 2689 907 2750 ἄκοντες
947 2687 1037 2740 διὰ
1076 2693 1138 2741 τὸ
1177 2693 1249 2761 μὴ
1283 2690 1505 2762 σφόδρα
1531 2692 1889 2762 μεμνῆσθαι·
1932 2692 2076 2741 ὥστε
2104 2682 2290 2741 οὐκέτι
2328 2690 2456 2756 ὀβο-

383 2767 493 2833 λοῦ,
531 2772 790 2841 καθάπερ
819 2772 946 2824 εἶπέ
970 2792 1071 2838 τις,
1111 2776 1352 2845 εὔπορον
1391 2779 1449 2827 ἐκ
1486 2785 1584 2848 τῆς
1623 2778 1826 2846 ἀγορᾶς
1864 2775 2160 2845 πρίασθαι
2184 2777 2283 2844 τὴν
2321 2775 2457 2844 ἐμὴν

385 2855 604 2920 σοφίαν,
644 2853 781 2906 ἀλλὰ
817 2859 1070 2925 κύψαντα
1109 2859 1418 2913 ἀνελέσθαι
1449 2863 1727 2928 χαμᾶθεν.
1794 2858 1987 2926 σχεδὸν
2016 2860 2110 2910 οὖν
2150 2856 2451 2928 παραπλή-
2487 2867 2535 2909 30

387 2954 504 2990 σιον
544 2943 903 2994 πεπόνθασιν
943 2946 995 2994 οἱ
1033 2947 1158 3010 ἐμοὶ
1198 2944 1354 3014 λόγοι
1391 2947 1469 3015 τῷ
1507 2950 1726 3017 κεράμῳ
1778 2945 1856 3013 τῷ
1903 2943 2171 3012 Τενεδίῳ·
2221 2944 2315 2994 καὶ
2351 2942 2453 3011 γὰρ

529 3140 666 3206 1μοῦκ
695 3141 830 3193 αὐτοὶ
859 3149 960 3201 (hoo
990 3151 1101 3206 ord.)
1130 3152 1246 3208 libri,
1278 3158 1502 3211 transpos.
1534 3154 1665 3210 Emp.
1769 3156 1793 3197 2
1823 3148 2082 3207 ἐδοξάσατε
2115 3151 2336 3208 Cobetus;
2367 3163 2457 3195 non

389 3214 527 3293 Rrobo
668 3221 692 3260 6
722 3215 959 3273 ἐπιδείξειν
988 3221 1034 3264 Μ
1208 3229 1229 3266 7
1263 3221 1495 3284 λαμβάνω
1529 3219 1644 3271 ὁδόν
1673 3224 1748 3270 vix
1777 3236 1908 3279 sana3
1941 3221 2159 3284 ἐμβαίνω
2193 3217 2307 3268 ὁδόν
2339 3220 2456 3266 Seld.

391 3285 566 3330 απείδω
597 3285 646 3328 Μ
757 3291 782 3330 9
812 3292 890 3334 καὶ
919 3293 1193 3349 διανοοῦμαι
1223 3294 1261 3338 Τ
1379 3300 1425 3340 11
1462 3291 1805 3355 ἀναγκάζωμαι
1835 3295 1874 3339 Τ
2019 3285 2115 3354 ἆρά
2147 3310 2191 3339 τι
2221 3291 2343 3339 ΠΒΤ

393 3351 549 3434 λόγων
577 3354 657 3399 UT
820 3361 871 3402 14
899 3361 1114 3421 πειμέλης
1142 3365 1191 3408 Μ
1364 3371 1410 3411 17
1443 3363 1505 3426 μὴ
1537 3364 1633 3426 ἄρα
1666 3367 1859 3421 Geelius,
1892 3365 1936 3412 εἰ
1963 3361 2059 3426 ἄρα
2089 3365 2192 3409 libri
2318 3367 2368 3408 18
2401 3361 2459 3410 οὗ

393 3440 486 3481 γαρ
514 3423 551 3466 Τ
677 3428 726 3469 19
757 3422 807 3484 δὴ
837 3428 986 3486 Emp.;
1017 3428 1099 3491 ἤδη
1127 3434 1229 3479 libri
1343 3440 1396 3481 20
1426 3435 1706 3494 ἐπιθυμοῦσι
1737 3437 1819 3483 ΠΤ
1963 3439 2016 3480 23
2047 3435 2244 3481 fortasse
2281 3425 2460 3492 (οὕτω)

393 3494 473 3538 καὶ
526 3557 535 3574 =
593 3495 644 3537 25
676 3492 830 3540 αὐτῶν
858 3496 938 3541 UT
1073 3505 1124 3545 27
1156 3501 1307 3551 πολλὰ
1337 3509 1418 3552 καὶ
1445 3508 1700 3566 κρείττονα
1730 3507 1781 3552 Μ
1810 3520 1869 3551 m.
1890 3519 1958 3564 pr.
1991 3511 2124 3556 (corr.
2157 3505 2258 3551 add.
2290 3501 2368 3558 τὰ)
2397 3500 2456 3551 τὰ

395 3565 545 3608 πολλα
576 3566 654 3608 καὶ
682 3566 928 3623 κρείττονα
957 3567 1076 3613 ΠΒΤ
1107 3575 1265 3633 πολλῷ
1286 3577 1538 3633 κρείττονα
1560 3578 1691 3634 Emp.
1809 3581 1862 3622 29
1894 3573 1996 3623 εἶπέ
2017 3594 2108 3631 τιςε
2139 3576 2268 3632 frgm.
2301 3574 2460 3620 comici

397 3632 534 3686 (Νη)
563 3627 780 3692 εὐπορῶν
807 3635 927 3681 UBT
1069 3646 1298 3700 πριᾶσθαι
1328 3646 1368 3691 Π
1512 3652 1563 3692 30
1592 3644 1815 3706 χαμάθεν
1845 3649 1883 3692 Β
1911 3647 2133 3706 χαμαθὲν
2163 3647 2211 3691 Μ
2238 3641 2461 3706 χαμόθεν

396 3707 441 3755 (ο
472 3702 556 3746 fuit
586 3706 631 3757 α)
661 3703 702 3748 Π
728 3701 945 3762 χαμόθεν
974 3706 1013 3751 Τ
