2684 4140
930 263 1344 309 CORINTHIAGA
1371 263 1602 310 XXXVII.
2239 263 2305 314 27

223 412 435 479 τρόπον
471 411 572 475 μὲν
603 402 868 479 Ἑλλήνων
901 404 1164 476 (ἔχουσι),
1203 411 1369 475 τύχας
1409 407 1466 460 δὲ
1499 403 1798 475 Ῥωμαίων.
1861 409 2190 478 ἐθεασάμην
2215 411 2308 461 καὶ

223 496 320 544 τόν
361 487 718 563 Ἀλκιβιάδην
766 496 861 545 τὸν
909 491 1077 544 καλὸν
1125 496 1220 544 τὸν
1270 491 1558 557 Κλεινίου,
1622 496 1717 544 οὐκ
1766 487 1880 544 οἷδ’
1935 496 2106 557 ὅπου,
2160 492 2304 564 πλήν

225 579 552 648 ἐθεασάμην
589 581 646 629 ἐν
671 576 821 645 καλῷ
847 585 945 649 τῆς
965 571 1223 640 Ἑλλάδος
1249 581 1568 649 ἐπιγραφήν
1595 579 1790 643 ἔχοντα
1816 576 2303 646 Χαλκοπώγωνος,

224 665 411 732 ἕτερον
462 661 519 713 δὲ
570 666 1038 732 περικεκομμένον
1090 665 1166 713 τὼ
1211 667 1390 732 χεῖρε,
1441 663 1502 724 ὃς
1551 661 1768 730 ἐλέγετο
1817 670 1915 733 τῆς
1952 661 2305 725 Πολυκλέους

165 756 190 798 5
224 750 415 815 τέχνης
452 746 622 797 εἶναι·
662 749 843 816 ὅραμα
884 745 1081 809 δεινόν,
1120 746 1163 797 ὦ
1191 750 1270 817 Γῆ
1308 749 1400 798 καὶ
1426 741 1607 810 (Ήλιε,
1641 741 1998 817 Ἀλκιβιάδης
2036 764 2303 818 πεπηρω-

220 835 402 896 μένος.
468 830 594 882 οἶδα
635 825 689 882 δ’
732 833 837 899 ἐγὼ
865 822 1274 900 καὶἈρμόδιον
1299 834 1393 883 καὶ
1413 825 1862 901 Ἀριστογείτονα
1893 830 2300 895 δουλεύσαντας
2322 837 2382 885 41

221 917 279 966 ἐν
304 917 572 985 Πέρσαις,
610 918 703 968 καὶ
726 917 1051 986 Δημητρίου
1077 922 1180 966 τοῦ
1205 914 1510 986 Φαληρέως
1536 918 1941 978 πεντακοσίους
1968 915 2306 987 ἀνδριάντας

219 1002 313 1051 καὶ
343 998 560 1066 χιλίους
599 1003 707 1052 ὑπὸ
740 992 1063 1071 Ἀθηναίων
1100 1000 1205 1068 μιᾷ
1241 1003 1334 1051 καὶ
1373 1008 1441 1070 τῇ
1480 1002 1619 1070 αὐτῇ
1656 1005 1835 1071 ἡμέρᾳ
1872 1003 2089 1063 πάντας
2127 1004 2306 1071 καθῃ-

220 1089 506 1154 ρημένους.
569 1083 881 1155 ἐτόλμησαν
919 1083 978 1136 δὲ
1003 1087 1096 1136 καὶ
1125 1083 1424 1136 Φιλίππου
1452 1091 1556 1135 τοῦ
1577 1083 1857 1152 βασιλέως
1895 1084 2102 1150 ἀμίδας
2138 1105 2304 1137 κατα-

19 1179 112 1221 zen)
134 1175 181 1217 10
220 1167 503 1221 σκεδάσαι.
573 1163 877 1240 Ἀθηναῖοι
918 1172 1019 1235 μὲν
1060 1170 1154 1220 οὖν
1192 1176 1290 1239 τῆς
1328 1171 1541 1231 εἰκόνος
1582 1170 1746 1239 οὖρον
1783 1174 2058 1234 κατέχεον,
2098 1172 2308 1232 ἐκεῖνος

221 1252 279 1305 δὲ
318 1262 416 1325 τῆς
453 1252 674 1315 πόλεως
710 1254 850 1319 αἷμα
884 1256 977 1304 καὶ
1009 1257 1222 1323 τέφραν
1247 1255 1341 1304 καὶ
1363 1255 1570 1304 κονίαν.
1634 1255 1854 1322 καὶγὰρ
1893 1251 1959 1323 ἦν
2000 1257 2304 1324 νεμεσητὸν

219 1341 314 1390 τὸν
353 1341 518 1390 αὐτὸν
545 1337 719 1406 ἀνδρα
746 1345 840 1389 νῦν
865 1340 966 1404 μὲν
991 1340 1049 1388 ἐν
1075 1339 1241 1399 θεοῖς
1269 1336 1462 1405 λέγειν,
1502 1345 1595 1389 νῦν
1625 1332 1679 1389 δ’
1714 1332 1835 1389 οὐδ’
1867 1341 1925 1389 ἐν
1953 1339 2305 1407 ἀνθρώποις.

18 1431 192 1473 123R11)
219 1422 339 1474 εἶτα
378 1424 482 1490 ἐγὼ
522 1429 695 1473 ταῦτα
735 1421 1112 1488 ἐπιστάμενος
1149 1425 1237 1473 ὅτι
1278 1424 1332 1473 οἱ
1369 1424 1677 1493 ἄνθρωποι
1706 1417 1833 1474 οὐδὲ
1860 1430 1971 1474 τῶν
1998 1424 2152 1474 θεῶν
2182 1425 2303 1493 spei·
2326 1428 2392 1477 42

219 1505 436 1570 δονται,
482 1505 812 1576 ἀνδριάντος
858 1508 987 1573 ὑμῖν
1040 1508 1343 1577 φροντίσαι
1394 1506 1536 1559 δοκῶ
1551 1527 1570 1570 ;
1623 1510 1718 1560 καὶ
1765 1510 1896 1570 τοὺς
1944 1510 2045 1574 μὲν
2102 1505 2305 1569 ἄλλους

136 1596 182 1639 15
221 1593 468 1661 σιγήσειν
493 1608 593 1657 μοι
620 1589 781 1654 δοκῶ,
809 1589 950 1642 ἀλλὰ
970 1593 1066 1642 τὸν
1083 1584 1361 1657 Ἴσθμιον,
1389 1594 1485 1643 τὸν
1511 1594 1873 1663 ἀγωνοθέτην
1899 1595 1995 1644 τὸν
2021 1594 2302 1662 ὑμέτερον,

213 1677 487 1742 Μόμμιος
513 1679 572 1727 ἐκ
596 1675 833 1747 βάθρων
871 1675 1210 1739 ἀνασπάσας
1236 1678 1477 1747 ἀνέθηκε
1502 1677 1580 1746 τῴ
1608 1680 1726 1742 Διί,
1769 1685 1878 1750 φεῦ
1900 1685 1999 1748 τῆς
2026 1678 2301 1743 ἀμαθίας,

212 1763 308 1812 τὸν
347 1759 593 1832 ἀδελφὸν
631 1763 707 1823 ὡς
745 1759 1033 1831 ἀνάθημα,
1074 1763 1387 1831 ἄνθρωπος
1426 1761 1772 1824 ἀπαίδευτος
1809 1765 1902 1813 καὶ
1926 1761 2166 1833 μηδενὸς
2192 1768 2303 1812 τῶν

0 1855 189 1898 ll24R11)
211 1843 394 1897 καλῶν
435 1850 866 1915 πεπειραμένος.
944 1846 1006 1907 ὃς
1047 1844 1344 1897 Φίλιππον
1382 1849 1482 1913 μὲν
1520 1850 1616 1898 τὸν
1643 1839 1933 1913 Ἀμύντου,
1973 1848 2035 1898 ὂν
2073 1849 2133 1898 ἐκ
2163 1846 2304 1898 Θεσ-

218 1937 365 1981 πιῶν
403 1928 615 1997 ἔλαβεν,
655 1933 946 2001 ἐπέγραψε
983 1933 1098 1982 Δία
1124 1933 1218 1982 καὶ
1243 1934 1374 1993 τοὺς
1400 1935 1459 1982 ἐκ
1488 1935 1701 1984 Φενεοῦ
1723 1934 2045 1994 νεανίσκους
2082 1935 2179 1983 τὸν
2204 1934 2305 1998 μὲν

134 2021 182 2064 20
216 2018 501 2085 Νέστορα,
553 2018 649 2067 τὸν
702 2014 760 2067 δὲ
810 2018 1088 2085 Πρίαμον.
1175 2019 1207 2067 ὁ
1256 2015 1314 2067 δὲ
1366 2015 1540 2087 δῆμος
1592 2021 1623 2068 ὁ
1660 2025 1771 2069 τῶν
1802 2012 2087 2084 Ῥωμαίων
2127 2010 2299 2086 [τοῦτ’

213 2095 409 2168 ἐκεῖνο]
457 2102 588 2161 τούς
639 2098 699 2163 ἐξ
745 2102 955 2151 ἐκείνου
1005 2103 1136 2170 ὁρᾶν
1189 2095 1394 2169 ᾠόντο,
1455 2104 1598 2171 ὁρῶν
1644 2096 1918 2172 Ἀρκάδας
1966 2105 2025 2153 ἐκ
2076 2106 2301 2155 Φενεοῦ.

211 2190 386 2234 ταῦτα
416 2186 517 2249 μὲν
557 2185 652 2235 οὖν
690 2182 876 2248 ἔξεστι
911 2187 1004 2236 καὶ
1029 2183 1204 2252 γελᾶν.
1273 2184 1494 2256 σπουδῇ
1522 2184 1584 2237 δέ
1619 2204 1719 2252 μοι
1757 2185 2107 2257 ἐπελήλυθεν
2139 2180 2302 2258 Ἀγη-
2324 2191 2391 2240 43

213 2266 406 2319 σίλαον
457 2271 553 2319 τὸν
600 2266 838 2335 βασιλέα
887 2275 997 2320 τῶν
1035 2268 1509 2336 Λακεδαιμονίων
1559 2279 1657 2342 τῆς
1705 2274 1926 2342 γνώμης
1974 2275 2302 2342 μακαρίσαι,

209 2355 365 2415 ὅστις
404 2354 611 2404 οὔποτε
649 2352 888 2424 ἠξίωσεν
938 2355 1062 2406 οὔτε
1115 2352 1373 2406 πλαστὰν
1426 2357 1550 2407 οὔτε
1599 2355 1847 2427 μιμηλὰν
1897 2364 2000 2408 τοῦ
2044 2360 2304 2424 σώματος

129 2445 176 2486 25
214 2440 595 2508 ποιήσασθαι,
636 2433 733 2505 οὐχ
758 2442 845 2490 ὅτι
866 2437 1049 2504 χωλὸς
1074 2437 1155 2510 ἥν,
1197 2442 1272 2502 ὥς
1302 2455 1460 2511 φασι,
1497 2443 1591 2492 καὶ
1614 2445 1827 2512 μικρός,
1869 2444 1946 2506 (τί
1969 2444 2072 2512 γὰρ
2100 2441 2305 2495 ἐκώλυε

209 2526 379 2590 μέγαν
420 2523 563 2575 εἶναι
600 2526 695 2575 τὸν
734 2522 1070 2594 ἀνδριάντα,·
1116 2527 1174 2576 τί
1210 2526 1312 2595 γὰρ
1353 2527 1656 2596 ἀρτίπουν,
1711 2529 1903 2598 ὥσπερ
1942 2530 2038 2579 τὸν
2076 2522 2302 2599 Εὐφρά-

209 2624 372 2677 νορος
413 2603 779 2678 Ἠφαιστον,·)
830 2607 971 2660 ἀλλὰ
1020 2603 1175 2661 τοῦτ’
1229 2613 1439 2672 ἐκεῖνος
1489 2610 1635 2663 εἶδεν
1686 2614 1930 2682 ἀκριβῶς
1978 2615 2066 2665 ὅτι
2102 2617 2175 2684 μή
2219 2612 2312 2665 δεῖ

14 2699 184 2741 ΩὸΒΙΙ)
209 2693 310 2754 τὰς
348 2694 720 2762 ἀνθρωπίνας
758 2697 925 2760 τύχας
963 2697 1224 2747 ἐκτείνειν
1261 2694 1401 2766 μηδὲ
1439 2695 1777 2749 κινδυνεύειν
1817 2700 1948 2768 περὶ
1973 2697 2052 2766 τῷ
2083 2701 2304 2765 σώματι

209 2779 349 2829 κατὰ
390 2776 558 2829 λίθον
582 2781 676 2830 καὶ
695 2777 915 2845 χαλκόν.
980 2780 1106 2832 εἴθε
1132 2782 1235 2849 γὰρ
1265 2780 1349 2851 εἴη
1378 2784 1471 2833 καὶ
1496 2789 1599 2832 τοῦ
1625 2785 1886 2848 σώματος
1913 2782 2300 2854 ἀπηλλάχθαι.

128 2868 176 2910 30
208 2867 449 2932 χαιρέτω
491 2856 546 2914 δ’
591 2865 621 2914 ὁ
656 2862 945 2926 Δαίδαλος
981 2867 1074 2916 καὶ
1111 2867 1179 2916 τά
1206 2864 1498 2917 Δαιδάλου
1535 2865 1752 2937 μιμηλὰ
1779 2869 2118 2938 τεχνήματα·
2159 2867 2298 2938 ἄδην
2321 2873 2388 2921 44

349 3018 370 3059 1
403 3010 563 3073 ἔχουσι
592 3014 744 3060 addidi
858 3011 1009 3074 τάχας
1028 3016 1077 3059 Μ
1107 3019 1349 3074 (superscr.
1380 3018 1515 3073 vulg.)
1631 3021 1738 3074 post
1750 3013 1997 3076 Ῥωμαίων
2015 3019 2212 3066 fortasse
2232 3020 2302 3065 in-

206 3083 397 3128 serenda
426 3089 549 3139 sunt,
590 3097 705 3141 quae
734 3099 780 3143 p.
812 3088 867 3130 26
897 3085 927 3129 1.
961 3090 1011 3130 31
1044 3086 1231 3140 seclusi,
1263 3100 1365 3131 cum
1394 3087 1565 3132 Valesii
1595 3088 1929 3144 supplemento:
1955 3085 1981 3135 ὁ
2020 3084 2065 3136 δ’
2107 3085 2301 3151 ἀνδριὰς

209 3149 433 3210 ἑλληνίζει
561 3157 642 3201 καὶ
672 3168 758 3200 om.
789 3154 839 3199 M
867 3169 927 3200 m.
958 3169 1027 3212 pr.
1160 3160 1185 3200 2
1221 3153 1342 3215 πλὴν
1364 3157 1559 3211 Geelius‚
1581 3159 1786 3217 πλησίον
1800 3159 1904 3204 libri
1989 3165 2017 3205 4
2050 3164 2139 3208 τῶι
2174 3162 2214 3207 U

209 3226 233 3266 8
262 3226 344 3269 καὶ
370 3225 551 3282 χιλίους
569 3220 663 3271 ὑπὸ
685 3218 946 3283 Ἀθηναίων
971 3228 1057 3282 μία
1085 3226 1154 3272 bis
1185 3227 1387 3273 exaravit
1415 3228 1466 3272 M
1584 3233 1634 3273 11
1664 3231 1875 3287 χωνείαν
1904 3231 1952 3275 Μ
2071 3237 2121 3277 15
2153 3229 2294 3293 σηγὴ-

209 3306 309 3338 σειν
327 3293 367 3338 U
490 3298 539 3339 18
563 3297 726 3340 καλῶν
745 3295 971 3349 Reiskius,
1000 3299 1166 3343 κακῶν
1192 3297 1297 3342 libri
1388 3302 1629 3346 θεσπειῶν
1648 3301 1686 3344 Β
1798 3304 1848 3345 19
1868 3299 2142 3362 ἐπέγραψεν
2164 3304 2213 3348 Μ

210 3364 300 3409 Δία
330 3366 410 3410 καὶ
441 3364 634 3418 Geelius‚
665 3363 715 3411 δὲ
741 3366 822 3410 καὶ
850 3365 952 3409 libri
1087 3367 1286 3425 φαινέου
1306 3368 1354 3412 Μ
1489 3373 1543 3414 20
1564 3365 1701 3417 τοῦτ’
1721 3369 1879 3418 έκεῖνο
1902 3373 2106 3431 delenda,
2137 3375 2298 3420 deinde

207 3435 468 3491 requiritur:
503 3430 674 3489 αὐτοὺς
702 3433 913 3489 ἐκείνους
1018 3440 1071 3481 22
1103 3435 1281 3496 σπουδή
1310 3439 1361 3484 Μ
1453 3444 1507 3486 24
1536 3436 1746 3501 ήξήωσεν
1773 3443 1824 3487 Μ
1943 3441 2054 3496 οὔτε
2084 3442 2302 3492 πλαστὸν

208 3500 319 3550 οὔτε
348 3502 554 3563 μιμήλαν
582 3506 697 3560 libri,
731 3519 848 3550 corr.
880 3506 1013 3564 Emp.
1045 3520 1101 3552 ex
1130 3509 1250 3555 Plut.
1281 3511 1599 3568 apophthegm.
1630 3527 1720 3571 reg.
1750 3518 1799 3559 et
1825 3515 1932 3572 imp.
1964 3529 2009 3572 p.
2044 3519 2119 3561 191
2155 3517 2196 3560 D

210 3578 261 3619 25
294 3572 492 3635 σμικρὸς
521 3577 559 3621 Β
676 3580 726 3620 27
760 3573 857 3623 ἴδεν
886 3577 935 3621 Μ
1080 3583 1132 3624 29
1163 3577 1293 3628 καθὰ
1330 3581 1370 3626 U
1505 3582 1576 3643 εἴη
1604 3584 1838 3640 Reiskius‚
1879 3582 2000 3633 εἶναι
2037 3587 2164 3644 libr13
2207 3601 2298 3634 non

207 3649 399 3730 gossunt
428 3648 541 3693 haec
572 3647 631 3692 ad
651 3647 850 3704 Agesilai
880 3647 1047 3694 dictum
1067 3651 1236 3707 referri,
1269 3652 1387 3710 quod
1406 3654 1546 3700 voluit
1569 3655 1749 3702 Geelius
1867 3660 1920 3702 30
1940 3654 2140 3717 μειμηλὰ
2166 3659 2211 3702 Μ

208 3720 325 3776 αδην
354 3718 422 3764 bis
453 3718 493 3763 U
