2684 4140
364 243 464 293 128
1159 227 1363 274 moms
1394 225 1640 271 NESTOR

360 379 617 450 ἐβούλετο
655 381 1008 428 ταπεινῶσαι
1043 374 1137 423 καὶ
1173 378 1276 421 τοῦ
1312 371 1701 440 φρονήματος,
1755 370 1806 419 εἰ
1847 365 2102 430 δύναιτο,
2153 365 2446 419 καθελεῖν·

362 469 550 532 ὥσπερ
592 464 647 513 οἱ
683 462 751 512 τὰ
792 458 1051 510 οἰδοῦντα
1090 453 1351 519 νύξαντες
1387 456 1419 524 ἢ
1449 458 1766 520 πιέσαντες.
1834 451 1927 502 διὰ
1967 458 2132 502 τοῦτο
2171 453 2447 522 ἐμέμνητο

361 547 575 616 ἀνδρῶν
611 542 850 607 ἐνδόξων
885 543 979 592 καὶ
1017 538 1293 602 δυνατῶν,
1344 540 1430 590 ἔτι
1480 537 1538 589 δὲ
1587 537 1749 603 οἶμαι
1799 539 2077 604 πρότερον
2121 540 2446 604 γεγονότων,
2470 549 2664 592 (299311)

291 638 322 688 8
362 629 525 691 εἰδὼς
561 630 793 689 ἐκείνοις
828 623 1040 700 μᾶλλον
1082 627 1462 693 συνεπομένην
1500 625 1598 693 τὴν
1639 620 1823 685 δόξαν.
1890 623 1983 672 καὶ
2019 625 2216 687 μέντοι
2252 638 2313 689 γε
2354 616 2451 674 οὐκ

355 709 452 765 ἐπ’
497 705 686 774 αὐτοῖς
723 713 1036 782 ἐποιήσατο
1074 710 1199 761 τίνα
1237 711 1459 779 γνώμην
1497 705 1688 771 ἕξουσι
1726 708 1858 776 περὶ
1884 712 1994 757 τῶν
2035 704 2269 776 ἀνδρῶν,
2310 701 2437 757 ἀλλ’
2482 717 2507 758 5

358 800 524 859 αὐτὸς
575 797 963 867 ἀποφαίνεται
1010 798 1268 861 ἄντικρυς
1318 797 1395 857 ὡς
1446 792 1593 845 πολύ
1642 795 1966 863 κρείττονας
2004 794 2229 844 ἐκείνων
2269 795 2450 858 ὄντας,

355 885 406 935 εἰ
456 881 713 934 δύναιντο
767 880 954 950 ὀλίγον
1002 884 1232 952 ὑφεῖναι
1279 887 1382 931 τοῦ
1427 883 1608 950 τύφου
1656 882 1750 931 καὶ
1802 886 1900 950 τῆς
1937 879 2159 945 μανίας.
2343 879 2451 948 ἄρα

354 970 473 1038 εἰκῇ
513 965 672 1019 δοκεῖ
700 969 830 1034 ὑμῖν
855 962 1100 1038 Ὅμηρος
1140 967 1472 1036 περιθεῖναι
1508 967 1640 1027 τοὺς
1679 963 1875 1032 λόγους
1912 966 2147 1026 τούτους
2185 966 2451 1034 Νέστορι,

355 1056 416 1105 ὅν
457 1067 600 1125 φησι
650 1051 971 1104 δεινότατον
1020 1052 1166 1104 εἶναι
1204 1053 1532 1122 ἀνθρώπων
1576 1052 1670 1102 καὶ
1717 1052 1816 1121 τὴν
1857 1047 2091 1115 δύναμιν
2132 1042 2308 1099 αὐτοῦ
2341 1054 2452 1099 τῶν

283 1170 286 1171 ⁷
358 1136 533 1206 λόγων
572 1134 932 1209 προσεικάζει
969 1137 1039 1208 τῇ
1079 1140 1248 1208 φύσει
1285 1144 1388 1188 τοῦ
1420 1135 1674 1203 μέλιτος,
1725 1136 1755 1186 ὃ
1803 1140 1925 1196 τοῖς
1961 1136 2062 1201 μὲν
2100 1135 2447 1202 ὑγιαίνουσιν
2489 1143 2535 1184 10

357 1222 589 1294 ἥδιστον
612 1226 706 1275 καὶ
728 1222 1065 1291 γλυκύτατον
1092 1225 1376 1286 ἁπάντων,
1416 1227 1538 1284 τοῖς
1578 1220 1637 1273 δὲ
1677 1227 1911 1272 νοσοῦσι
1940 1222 2035 1272 καὶ
2061 1223 2452 1289 πυρέττουσιν,

362 1310 437 1370 ὥς
477 1323 669 1379 φασιν,
709 1307 1056 1379 ἀηδέστατον
1095 1311 1188 1360 καὶ
1225 1309 1293 1358 τὰ
1331 1305 1622 1378 ἡλκωμένα
1660 1309 1754 1358 καὶ
1781 1306 2123 1357 πεπονθότα
2150 1305 2454 1373 καθαίρειν

290 1386 324 1437 9
361 1396 454 1445 καὶ
492 1392 710 1446 δάκνειν
749 1398 1012 1464 πέφυκεν.
1086 1395 1181 1445 καὶ
1216 1394 1319 1462 γὰρ
1360 1395 1392 1443 o‘
1428 1399 1531 1443 τοῦ
1554 1395 1844 1462 Νέστορος
1885 1389 2059 1459 λόγος,
2099 1394 2221 1452 τοῖς
2260 1386 2457 1450 ἄλλοις

357 1476 552 1545 γλυκύς
591 1482 954 1549 φαινόμενος,
995 1481 1197 1548 πικρὸς
1235 1476 1393 1541 ἔδοξε
1432 1477 1511 1546 τῷ
1543 1469 1796 1543 Ἀχιλλεῖ
1823 1478 1917 1527 καὶ
1953 1475 2033 1544 τῷ
2064 1469 2454 1543 Ἀγαμέμνονι,

357 1569 590 1614 νοσοῦσι
624 1565 717 1614 καὶ
755 1561 1202 1633 διεφθαρμένοις
1239 1565 1351 1614 ὑπὸ
1389 1570 1488 1634 τῆς
1527 1564 1718 1633 ὀργῆς,
1771 1563 1914 1613 ὥστε
1955 1555 2053 1612 οὐκ
2089 1561 2449 1629 ἐπείσθησαν
2493 1568 2536 1610 15

359 1641 510 1715 αὐτῷ
560 1646 653 1698 διὰ
702 1650 800 1718 την
848 1650 1061 1699 ἄνοιαν.
1149 1642 1344 1699 οὐκοῦν
1405 1641 1533 1698 οὐδὲ
1583 1654 1749 1698 τοῦτο
1800 1646 1928 1698 εἷπε
1976 1648 2157 1716 μάτην
2196 1640 2457 1716 Ὅμηρος,

361 1723 507 1795 οὗδέ,
549 1734 741 1803 ὥσπερ
783 1732 1003 1784 οἴονταί
1039 1751 1210 1797 τινες,
1251 1735 1367 1784 ἀπὸ
1406 1735 1587 1803 τύχης.
1675 1727 1723 1803 [ἢ
1767 1730 1925 1783 δοκεῖ
1955 1734 2085 1797 ὑμῖν
2124 1732 2192 1781 τοὶ
2233 1729 2458 1792 παιδία,

361 1816 436 1869 ὧν
473 1822 701 1884 νέμεται
737 1820 801 1869 τὸ
844 1821 1023 1885 στόμα
1061 1820 1155 1870 καὶ
1182 1816 1607 1889 διεφθαρμένον
1635 1819 1787 1868 ἐστὶν
1824 1818 1936 1867 ὑπὸ
1965 1813 2153 1875 ἑλκῶν,
2193 1809 2291 1867 οὐκ
2329 1817 2459 1883 ἀγα-

361 1908 577 1956 νακτεῖν
614 1906 708 1955 καὶ
744 1905 899 1971 βοᾶν,
939 1902 1168 1970 μέλιτος
1204 1907 1473 1972 γευόμενα
1486 1898 1523 1972 ,·]
1564 1905 1697 1974 περὶ
1733 1904 1835 1969 μὲν
1877 1902 1972 1952 οὖν
2010 1904 2224 1952 τούτων
2263 1902 2456 1967 ἐῶμεν.

277 1994 339 2043 10
362 1993 536 2042 ἐκεῖνο
577 1981 630 2040 δ’
674 1990 1074 2060 ἐνθυμηθῆναι
1112 1987 1272 2053 ἄξιον
1311 1991 1427 2040 ἀπὸ
1467 1995 1578 2040 τῶν
1606 1980 1928 2059 εἰρημένων,
1968 1989 2065 2037 ἐάν
2104 2004 2190 2047 τις
2230 1987 2449 2056 ἀνθρώ·
2492 1994 2544 2036 20
2563 1995 2675 2040 (5721

360 2092 494 2136 ποις
533 2073 743 2141 ὁμιλῶν
783 2073 1043 2146 διηγῆται
1091 2077 1237 2145 πρὸς
1276 2068 1478 2137 αὐτούς
1516 2077 1604 2126 ὅτι
1639 2076 1733 2125 καὶ
1772 2075 2049 2143 πρότερον
2099 2069 2294 2133 ἄλλοις
2334 2072 2456 2137 ὁμι-

362 2159 533 2231 λήσας
573 2159 717 2211 πολὺ
755 2162 1054 2231 κρείττοσι,
1096 2158 1297 2231 δήμοις
1332 2162 1363 2231 ἢ
1393 2157 1721 2228 βασιλεῦσιν
1748 2160 1790 2229 ἢ
1831 2161 2141 2228 τυράννοις,
2183 2150 2281 2207 οὐκ
2318 2157 2457 2207 ἀπέ-

358 2264 514 2312 τυχεν
554 2240 751 2310 αὐτῶν,
792 2238 912 2296 ἀλλ’
956 2247 1113 2312 ἔσχεν
1151 2248 1542 2307 ὑπακούοντας
1577 2247 1671 2296 καὶ
1709 2245 2109 2310 πειθομένους,
2149 2244 2200 2293 εἰ
2240 2240 2457 2302 δίκαιός

360 2334 513 2383 ἐστιν
552 2328 769 2395 ἀλαζὼν
809 2330 1007 2396 δοκεῖν,
1049 2334 1125 2394 ὡς
1165 2330 1259 2383 διὰ
1297 2338 1462 2382 τοῦτο
1494 2334 1844 2401 μεμνημένος
1870 2330 2094 2380 ἐκείνων
2121 2334 2232 2378 τῶν
2261 2325 2454 2394 λόγων,

363 2418 451 2468 ἵνα
490 2413 843 2483 θαυμάζοιτο
882 2419 975 2468 καὶ
1014 2415 1205 2488 δοκοίη
1244 2421 1547 2486 μακάριος,
1596 2418 1627 2486 ἢ
1679 2413 1889 2482 μᾶλλον
1930 2415 2019 2465 ἵνα
2070 2414 2455 2479 πειθομένους
2492 2421 2538 2462 25

362 2504 479 2567 ἔχοι
515 2504 646 2564 τοὺς
686 2504 1017 2567 ἀκούοντας,
1067 2505 1412 2569 μιμούμενος
1454 2504 1553 2573 τὴν
1595 2508 1698 2552 τοῦ
1732 2504 2023 2570 Νέστορος
2073 2495 2457 2550 διδασκαλίαν.

281 2587 339 2637 11
364 2589 456 2638 καὶ
491 2588 593 2657 γὰρ
634 2589 877 2652 ἄτοπον,
930 2589 981 2638 εἰ
1017 2590 1317 2658 Σωκράτης
1363 2589 1465 2654 μὲν
1514 2588 1645 2648 τούς
1682 2588 1741 2638 ἐν
1778 2586 2005 2652 Λυκείῳ
2047 2585 2331 2655 ῥηθέντας
2370 2581 2458 2633 λό-
2484 2590 2673 2655 (3003113

362 2687 492 2738 γους
541 2670 726 2740 ὀλίγον
774 2673 1023 2740 μεταβὰς
1073 2670 1383 2743 ἀπήγγελλε
1433 2677 1555 2733 τοῖς
1605 2674 1663 2722 ἐν
1706 2665 2049 2741 Ἀκαδημίᾳ,
2101 2670 2364 2731 καὶτοὺς
2402 2670 2459 2719 ἐν

507 2857 524 2896 1
558 2855 639 2899 καὶ
667 2851 895 2912 ἐβούλετο
929 2854 966 2897 Β
995 2855 1076 2900 καὶ
1105 2851 1386 2913 ἐβουλεύετο
1410 2853 1459 2896 Μ
1489 2854 1703 2912 κραδίηεε
1735 2850 1933 2912 ἐβουλεε
1953 2867 2036 2898 ετο
2071 2851 2109 2896 U
2197 2850 2240 2896 εἰ
2268 2845 2457 2896 δύναιτο

364 2937 447 2969 om.
479 2923 560 2968 PH
674 2927 699 2968 2
731 2926 886 2969 eadem
916 2925 1011 2969 fere
1040 2925 1177 2970 verba
1207 2938 1271 2969 or.
1304 2924 1370 2968 IX
1403 2927 1427 2979 ξ
1451 2927 1520 2978 21,
1550 2923 1684 2968 huius
1717 2924 1926 2969 editionis
1957 2923 2056 2968 Vol.
2088 2922 2111 2965 I
2140 2935 2183 2978 p.
2207 2924 2300 2973 107,
2318 2923 2341 2964 8

363 2995 570 3054 μέμνητο
602 2996 636 3039 Ρ
667 3010 724 3039 m.
755 3009 822 3052 pr.
940 3001 965 3040 4
993 2995 1159 3052 μέντοι
1188 3012 1243 3055 γε
1275 2995 1353 3039 PH
1383 3013 1437 3054 γε
1467 3009 1554 3041 om.
1587 2994 1719 3040 UBM
1855 2999 1877 3038 7
1910 2991 2098 3040 δύναιτο
2132 2992 2166 3035 Ρ
2197 3005 2253 3035 m.
2285 3004 2352 3047 pr.
2386 2983 2458 3037 δύ-

369 3081 503 3155 ναῖτο
535 3109 577 3152 Η
661 3108 756 3167 ἄρα
785 3110 821 3154 Ρ
910 3114 935 3155 9
966 3107 1279 3157 δειοκότατον
1309 3111 1428 3165 (εἰοέ)
1459 3110 1494 3154 Ρ
1586 3113 1637 3153 10
1668 3105 1984 3169 προσεικάζω
2002 3106 2057 3151 Η.
2091 3104 2372 3149 Cf.11.1249

373 3183 421 3224 11
455 3180 735 3236 πυρέτουσιν
765 3180 799 3223 Ρ
921 3185 970 3225 12
1001 3181 1263 3237 εἱλκωμένα
1294 3182 1342 3226 Μ
1373 3177 1617 3238 ἐλκώμενα
1650 3181 1684 3224 Ρ
1715 3194 1773 3224 m.
1806 3192 1872 3235 pr.
1995 3180 2046 3221 13
2078 3176 2257 3234 πέφυκε
2287 3175 2374 3221 UH

371 3254 424 3295 14
452 3253 634 3310 πικρῶς
664 3251 711 3294 Μ
837 3255 888 3296 16
919 3247 1066 3299 αὐτοῦ
1095 3253 1224 3303 BMU
1255 3267 1312 3298 m.
1344 3267 1413 3311 pr.
1559 3248 1776 3299 διάνοιαν
1803 3249 1961 3305 (voluit
1990 3243 2055 3294 δι’
2085 3244 2273 3301 ἄνοιαν)
2304 3247 2347 3292 U

373 3324 422 3364 17
455 3317 484 3378 ἢ
513 3324 646 3367 δοκεῖ
679 3346 734 3353 -
777 3325 827 3366 19
867 3321 1104 3380 γενόμενα
1143 3325 1183 3369 si
1221 3325 1379 3369 Dionis
1418 3326 1548 3378 sunt,
1587 3326 1693 3380 post
1730 3322 1940 3382 πέφυκεν
1976 3320 2007 3366 1.
2042 3322 2091 3362 13
2123 3316 2462 3374 transponenda

368 3395 478 3436 sunt
593 3396 644 3436 18
677 3384 745 3438 ὧν
774 3389 936 3449 ἔμεται
966 3396 1000 3438 Ρ
1030 3409 1088 3439 m.
1120 3411 1188 3452 pr.
1305 3396 1669 3457 διεφθαρμένων
1690 3396 1728 3439 Β
1844 3397 1896 3437 20
1927 3389 2084 3438 ἐκεῖνο
2121 3415 2169 3420 -
2202 3384 2462 3447 εἰρημένων

373 3475 475 3516 om„
506 3462 586 3507 sed
614 3463 662 3507 in
690 3475 826 3518 marg.
858 3464 1003 3520 suppl.
1034 3466 1076 3510 U
1191 3467 1240 3513 δὲ
1272 3468 1309 3511 Β
1445 3471 1495 3512 21
1529 3470 1754 3526 διηγεῖται
1781 3464 1817 3508 Ρ
1961 3456 2086 3520 πρὸς
2117 3452 2278 3512 αὐτοῖς
2307 3458 2346 3499 Μ

370 3564 427 3604 22
458 3563 629 3607 πολλοὶ
659 3561 706 3604 Μ
791 3563 1007 3618 κρίττοσι
1036 3563 1085 3607 Μ
1180 3568 1234 3608 23
1266 3542 1446 3621 δίκαιός
1471 3565 1600 3613 ἐστιν
1630 3565 1673 3609 Η
1701 3559 1885 3611 δίκαιόν
1914 3559 2042 3608 ἐστιν
2071 3556 2190 3602 PBU
2221 3569 2275 3599 m.
2306 3568 2373 3612 pr.
2426 3559 2428 3561 ’

374 3634 427 3676 25
459 3635 575 3689 δοκῇ
603 3631 653 3675 Μ
683 3635 815 3677 δοκεῖ
840 3632 921 3677 UB
1037 3637 1089 3677 26
1122 3631 1220 3692 ἔχοι
1252 3637 1374 3693 Wil.,
1404 3633 1486 3695 ἔχῃ
1519 3637 1695 3682 UBMH
1725 3632 1820 3693 ἔχει
1849 3632 1884 3676 Ρ
1915 3644 1972 3677 m.
2000 3642 2068 3687 pr·
2187 3631 2237 3671 27
2272 3623 2459 3685 σωκθά·

372 3720 457 3762 την
487 3703 524 3747 Β
640 3704 782 3764 λυκίῳ
814 3702 902 3747 UM
1019 3706 1070 3748 28
1102 3699 1355 3764 ἀπήγγειλε
1384 3707 1466 3751 PH
