2684 4140
426 209 491 256 26
1320 201 1608 249 ANONYMI

423 354 646 420 πρύμνα
684 357 782 418 τῆς
813 342 1094 410 Ἑλλάδος,
1135 344 1321 413 ὄλβιοι
1358 348 1459 411 μὲν
1495 347 1590 396 καὶ
1628 347 1855 415 ἀφνειοὶ
1891 346 1985 395 καὶ
2021 347 2089 396 τοὶ
2128 354 2362 398 τοιαῦτα
2401 356 2511 401 τῶν

423 436 711 499 ὀνομάτων
761 434 820 482 ἐκ
869 429 1128 481 παλαιῶν
1172 432 1387 496 χρόνων
1435 431 1547 480 ὑπὸ
1600 428 1709 481 τᾱν
1761 429 2013 500 ποιητῶν
2062 433 2155 483 καὶ
2202 430 2311 484 τῶν
2359 434 2511 486 θειῖν

421 511 848 580 ὀνομαζόμενοι,
898 517 989 564 ὅτε
1037 516 1131 564 καὶ
1178 520 1289 564 τῶν
1329 511 1513 565 ἄλλων
1552 516 1700 566 τισὶν
1737 517 1949 586 ὑπῆρχε
1986 517 2079 567 καὶ
2117 514 2381 569 πλουτεῖν
2418 521 2510 571 καὶ

421 596 730 648 δύνασθαι·
780 604 873 648 νῦν
924 591 980 648 δ’
1034 591 1140 668 ἀφ’
1197 596 1267 648 οὗ
1311 595 1691 667 προλέλοιπεν
1731 600 1761 648 ὁ
1809 597 2054 662 πλοῦτος
2086 593 2414 670 Ὀρχομενόν
2451 621 2510 655 τε

416 683 510 732 καὶ
543 679 808 751 Δελφούς
844 679 980 749 ἐλέῳ
1019 684 1121 748 μὲν
1160 684 1312 748 ὑμῶν
1341 681 1606 734 δύνανται
1635 681 1943 754 διαφέρειν,
1984 681 2125 756 ζήλῳ
2157 684 2215 738 δὲ
2256 681 2383 738 οὐδὲ
2413 688 2508 750 εἷς.
2544 700 2568 741 5

332 766 399 817 37
559 768 653 816 καὶ
690 773 864 817 ταῦτα
902 768 1004 833 μὲν
1030 768 1173 837 ὑπὲρ
1200 774 1299 838 τῆς
1326 765 1564 831 πόλεως,
1603 769 1669 838 ἣν
1698 763 1758 819 οὗ
1803 767 1897 821 δεῖ
1926 771 2081 840 παρὰ
2109 776 2230 834 τοῖς
2254 765 2512 843 Ἕλλησιν

416 852 679 921 αἰσχύνην
719 849 932 923 ὀφλεῖν,
972 855 1104 904 ὅταν
1143 855 1238 904 τὸν
1277 845 1378 924 ὑφ’
1424 856 1578 920 ὑμῶν
1607 856 2011 906 ἐκπεπτωκότα
2041 859 2249 918 πάντες
2275 859 2511 924 ἄσμενοι

411 935 828 1003 καταδέχωνται
869 931 930 989 οὗ
969 942 1159 1005 μόνον,
1199 937 1340 990 ἀλλά
1379 941 1472 991 καὶ
1496 937 1715 991 καλῶσι
1739 942 1833 991 καὶ
1861 938 2384 1011 διαπρεσβεύωνται
2420 945 2513 994 καὶ

412 1027 606 1088 τιμαῖς
643 1028 769 1086 ταῖς
807 1042 866 1075 τε
905 1022 1105 1087 ἄλλαις
1142 1027 1451 1095 γεραίρωσι
1488 1027 1582 1077 καὶ
1622 1023 1685 1095 δή
1727 1027 1821 1077 καὶ
1859 1033 1928 1096 τῇ
1966 1032 2076 1077 τῶν
2114 1028 2342 1077 εἰκόνων
2381 1028 2512 1078 ἀνα-

412 1108 596 1159 θέσει.
670 1111 813 1179 ὑπὲρ
855 1107 913 1160 δὲ
953 1111 1200 1176 ἐμαυτοῦ
1232 1112 1327 1162 καὶ
1363 1118 1462 1181 τῆς
1502 1112 1716 1173 εἰκόνος
1755 1117 1849 1162 νῦν
1888 1113 1996 1181 ἐρῶ
2027 1109 2205 1179 λόγον,
2246 1112 2308 1162 ὃν
2348 1111 2506 1163 εἶπεν
2545 1123 2592 1166 10

405 1185 787 1265 Ἀναξαγόρας
823 1197 945 1247 υἱὸν
984 1194 1389 1267 ἀποβεβληκώς
1425 1190 1659 1260 ,’Ὴιδειν
1700 1198 1914 1267 θνητὸν
1951 1197 2324 1267 γεγεννηκώς(
2384 1186 2512 1249 ἀλλ’

416 1278 511 1330 οὖν
547 1273 706 1349 ᾔδειν
737 1283 831 1332 ’ότι
859 1283 1073 1333 τούτων
1112 1289 1223 1333 τῶν
1263 1280 1611 1352 ἀνδριάντων
1651 1285 1885 1344 ἕκαστος
1925 1284 2265 1334 ἀνατίθεται
2300 1285 2402 1349 μὲν
2441 1285 2517 1345 ὡς

415 1365 647 1427 αἰώνιος
684 1367 968 1432 ε’σόμενος,
1010 1368 1317 1438 φθείρεται
1356 1366 1414 1419 δὲ
1444 1366 1615 1430 ἀλλος
1640 1365 1767 1419 κατ’
1797 1366 1969 1438 ἀλλην
2009 1370 2364 1439 εἱμαρμένην,
2403 1385 2516 1420 κοι-

415 1453 654 1521 νοτάτην
690 1454 792 1518 μὲν
828 1455 922 1504 καὶ
961 1451 1322 1524 δικαιοτάτην
1361 1455 1455 1505 καὶ
1493 1460 1638 1505 πᾶσι
1677 1457 1971 1524 πράγμασι
2009 1458 2380 1525 προκειμένην
2419 1456 2516 1524 τὴν

328 1530 393 1582 38
416 1543 519 1587 τοῦ
547 1540 780 1607 χρόνου’
821 1540 852 1588 ὁ
891 1536 949 1590 δὲ
990 1541 1233 1610 ποιητής
1270 1537 1455 1601 ἄλλως
1492 1536 1804 1606 ἐκόμπαζεν
1843 1542 1874 1590 ὁ
1898 1546 2062 1590 τοῦτο
2090 1542 2153 1591 τὸ
2180 1541 2508 1609 ἐπίγραμμα
2547 1549 2594 1591 15

417 1624 682 1692 ποιήσας,
722 1625 752 1673 ὅ
793 1637 970 1693 φασιν
1008 1626 1107 1676 ἐπὶ
1144 1623 1223 1692 τῷ
1265 1623 1431 1676 Μίδα
1474 1627 1684 1695 σήματι
1720 1623 2075 1695 γεγράφθαι·

665 1705 838 1778 χαλκῆ
879 1710 1177 1778 παρθένος
1215 1710 1349 1775 εἰμί.
1428 1707 1591 1760 Μίδα
1634 1703 1690 1760 δ’
1734 1712 1834 1761 ἐπὶ
1874 1711 2082 1780 σήματι
2119 1714 2335 1776 κεῖμαι,
2538 1695 2684 1780 ξὲὲὲῗῑ

670 1786 791 1843 ἔστ’
836 1794 903 1844 ἂν
942 1791 1091 1863 ὕδωρ
1131 1811 1191 1845 τε
1230 1792 1332 1863 νάῃ
1372 1795 1466 1845 καὶ
1506 1792 1735 1864 δένδρεα
1773 1796 1957 1864 μακρὰ
1997 1793 2241 1865 τεθήλῃ,

672 1872 849 1928 αὐτοῦ
883 1876 1015 1948 τῇδε
1053 1883 1301 1945 μένουσα
1343 1877 1708 1947 πολυκλαύτῳ
1751 1881 1850 1930 ἐπὶ
1887 1881 2076 1947 τύμβῳ

669 1961 911 2031 ἀγγελέω
953 1971 1229 2034 παριοῦσι
1267 1963 1465 2027 Μίδας
1503 1967 1591 2016 ὅτι
1629 1963 1760 2035 τῇδε
1799 1965 2108 2015 τέθαπται.
2548 1974 2594 2015 20

328 2041 394 2094 39
416 2040 542 2099 ἀλλ’
578 2048 621 2099 ὦ
652 2050 909 2117 παρθένε
938 2043 1253 2118 αὐτάγγελε,
1280 2057 1383 2101 τοῦ
1404 2052 1506 2117 μὲν
1533 2057 1780 2120 ποιητοῦ
1797 2051 2086 2116 ἀκούομεν,
2118 2051 2177 2100 σὲ
2208 2048 2266 2101 δὲ
2295 2045 2515 2119 ζητοῦν-

413 2151 506 2196 τες
557 2127 654 2199 οὐχ
707 2136 938 2204 εὕρομεν
990 2129 1117 2186 οὐδὲ
1167 2138 1230 2186 τὸ
1286 2143 1434 2206 σῆμα
1482 2138 1546 2186 τὸ
1588 2134 1798 2188 Μίδου.
1875 2133 2053 2186 ὕδατα
2106 2133 2164 2186 δὲ
2204 2137 2385 2187 ἐκεῖνα
2423 2136 2516 2185 καὶ

419 2218 619 2289 δένδρα
658 2221 744 2271 ἔτι
779 2223 882 2287 μὲν
920 2219 1043 2272 νάει
1080 2239 1139 2271 τε
1177 2223 1271 2272 καὶ
1307 2215 1533 2285 θάλλει,
1567 2224 1749 2291 χρόνῳ
1794 2219 1852 2272 δὲ
1891 2223 1986 2272 καὶ
2010 2227 2186 2271 ταῦτα
2224 2220 2364 2286 μετὰ
2404 2225 2514 2270 τῶν

418 2303 603 2357 ἄλλων
643 2307 821 2358 ἔοικεν
859 2304 1203 2375 ἐπιλείψειν,
1244 2308 1320 2368 ὡς
1359 2305 1573 2370 Μίδας,
1614 2309 1692 2368 ὡς
1730 2308 2039 2375 παρθένος.

671 2389 832 2461 ἀνδρὶ
867 2394 969 2457 μὲν
1000 2377 1320 2458 Ἱππαίμων
1361 2385 1520 2458 ὄνομ’
1562 2389 1645 2461 ἦν,
1688 2393 1849 2459 ἵππῳ
1893 2390 1951 2442 δὲ
1990 2389 2305 2459 Πόδαργος,
2546 2399 2592 2440 25

668 2478 762 2527 καὶ
799 2478 919 2528 κυνὶ
956 2478 1278 2547 Λήθαργος
1315 2478 1409 2528 καὶ
1445 2475 1770 2546 θεράποντι
1807 2475 2016 2546 Βάβης.
2461 2505 2464 2508 s

413 2563 501 2623 τίς
541 2562 636 2613 οὖν
675 2557 811 2631 [οὐκ]
854 2559 1005 2613 οἶδεν
1038 2555 1308 2632 Ἑλλήνων
1361 2563 1457 2627 οὐχ
1506 2565 1594 2613 ὅτι
1643 2564 1740 2613 τὸν
1782 2563 1992 2625 ἵππον,
2042 2555 2168 2611 ἀλλ’
2214 2562 2380 2611 αὐτὸν
2420 2562 2515 2611 τὸν

409 2637 786 2713 Ἱππαίμονα,
826 2645 969 2698 δοκῶ
1010 2649 1110 2714 μὲν
1153 2645 1279 2698 οὐδὲ
1308 2649 1646 2718 Μαγνήτων,
1687 2648 1824 2698 ὅθεν
1850 2644 1915 2717 ἦν
1948 2641 2286 2713 Ἰππαίμων.
2353 2645 2516 2708 οὗτος

326 2723 393 2773 40
414 2734 516 2798 μὲν
557 2733 651 2783 οὖν
693 2731 941 2803 φροῦδος
971 2731 1032 2797 ἐξ
1059 2734 1388 2803 ἀνθρώπων
1428 2732 1580 2801 αὐτῷ
1605 2734 1827 2803 Βάβητι
1850 2735 1947 2784 καὶ
1971 2731 2268 2803 Ποδάργῳ.
2334 2735 2515 2802 ἕτεροι

412 2816 471 2868 δὲ
512 2822 708 2869 ἑστᾶσι
744 2821 837 2870 καὶ
873 2821 1293 2887 γιγνώσκονται,
1333 2821 1432 2889 τήν
1462 2816 1520 2869 δὲ
1548 2820 1871 2889 ἐπιγραφὴν
1910 2820 2132 2883 ἔχουσιν
2158 2822 2378 2887 ἑτέρων,
2416 2820 2509 2867 καὶ
2545 2826 2593 2866 30

411 2905 474 2954 τὸ
514 2907 837 2971 γιγνόμενόν
877 2907 1031 2956 ἐστιν
1073 2904 1193 2955 οἷον
1221 2906 1279 2955 ἐν
1305 2908 1427 2966 τοῖς
1452 2901 1680 2969 μέλεσιν
1708 2905 2095 2954 ἀντίσπαστον
2135 2898 2216 2971 [τὸ
2248 2904 2349 2968 μὲν
2388 2903 2512 2952 ἐπί·
2540 2911 2671 2950 (122ss

414 3005 642 3059 γραμμα
680 2986 981 3060 ῥωμαΐζει,
1032 2984 1143 3059 καὶ]
1193 2992 1407 3059 τρόπον
1446 2989 1571 3039 τινὰ
1621 2986 2113 3039 ἀντιδιδάσκουσιν
2154 2989 2210 3037 οἱ
2247 2989 2512 3057 ποιηταί·

557 3174 580 3213 7
617 3166 784 3229 ὄφλειν
813 3168 894 3215 UB
1011 3169 1098 3230 τὴν
1127 3183 1210 3227 pro
1241 3166 1330 3215 τὸν
1359 3169 1409 3213 Μ
1441 3171 1505 3223 (at
1532 3168 1579 3213 in
1609 3180 1788 3223 rasura,
1818 3167 1916 3212 scil.
1947 3180 2004 3212 ex
2034 3166 2088 3221 Τ)
2242 3170 2265 3211 8
2297 3170 2515 3226 διαπρεσ-

414 3235 642 3300 βεύονται
672 3241 722 3284 Μ
840 3245 890 3286 10
924 3236 971 3287 δ’
1002 3242 1040 3286 Β
1162 3246 1207 3286 11
1244 3235 1353 3288 ἀλλ’
1388 3231 1474 3286 οὖν
1503 3239 1679 3296 scripsi,
1710 3233 1822 3286 ἀλλ’
1854 3233 1941 3286 οὐκ
1970 3238 2073 3282 libri
2199 3241 2249 3282 12
2281 3234 2515 3284 τοιούτων

414 3312 515 3356 τῶν
534 3311 583 3355 Μ
614 3311 735 3355 unde
765 3314 1013 3358 τοιοῦτον·
1046 3315 1144 3358 τῶν
1172 3310 1267 3371 γὰρ
1292 3311 1462 3357 Jacobs
1508 3306 1760 3364 τοιούτως·
1792 3313 1890 3356 τῶν
1918 3305 2013 3369 γὰρ
2035 3309 2168 3365 Emp.
2189 3311 2368 3354 servato
2400 3303 2510 3356 ἀλλ’

414 3376 502 3428 οὐκ
591 3385 641 3424 13
664 3382 891 3442 φθίρεται
911 3382 950 3428 U
1071 3387 1120 3427 15
1154 3383 1213 3429 cf.
1245 3382 1363 3427 Plat.
1398 3382 1592 3427 Phaedr.
1625 3384 1707 3426 264
1740 3382 1780 3425 Ι)
1903 3385 1951 3426 17
1987 3377 2171 3437 σώματι
2198 3380 2236 3425 U
2359 3383 2406 3424 18
2426 3378 2510 3439 ῥέῃ

416 3451 536 3507 libri,
558 3464 674 3497 corr.
696 3452 830 3510 Emp.
918 3455 971 3511 ἧς
992 3466 1074 3511 pro
1095 3454 1240 3500 καὶΜ
1387 3456 1439 3497 22
1471 3449 1529 3500 τὸ
1561 3449 1711 3512 μήδου
1739 3453 1789 3496 Μ
1819 3454 1907 3499 τοῦ
1933 3453 2074 3509 μίδου
2103 3450 2185 3497 Uss
2329 3453 2382 3493 23
2414 3449 2511 3495 δέν-

414 3526 527 3583 δρεα
559 3523 607 3566 Μ
757 3526 811 3567 25
852 3524 1127 3579 epigramma
1163 3524 1385 3570 Pisandro
1430 3525 1645 3569 tribuitur
1684 3524 1822 3567 Anth.
1864 3523 1957 3567 Pal.
1999 3522 2084 3567 VII
2115 3524 2198 3566 304
2342 3523 2394 3563 27
2428 3513 2513 3567 οὖν

415 3588 504 3640 οὐκ
534 3593 637 3647 ΒΜ,
672 3593 721 3638 in
751 3593 791 3638 U
823 3590 910 3640 οὐκ
940 3606 1118 3639 erasum
1254 3599 1308 3640 28
1340 3598 1469 3642 δοκῶ
1497 3594 1586 3651 μὲν
1614 3594 1842 3644 Reiskius,
1872 3595 2106 3648 δοκοῦμεν
2134 3590 2237 3635 libri
2368 3595 2416 3635 31
2454 3587 2509 3637 τὸ

413 3664 501 3722 μὲν
531 3690 584 3696 -
617 3667 669 3707 32
701 3666 780 3710 καὶ
811 3665 979 3709 seclusi
1011 3665 1068 3709 cf.
1101 3665 1173 3710 ad.
1204 3679 1249 3723 p.
1284 3669 1354 3720 27,
1380 3670 1427 3722 13
1458 3666 1587 3710 locus
1617 3664 1975 3710 emendationem
2006 3666 2239 3718 exspectat
