2684 4140
336 266 439 315 294
1041 258 1248 304 DIONIS
1278 257 1701 303 MELANCOMAS

331 406 669 475 ἐτελεύτησε,
708 403 818 454 τῶν
848 405 949 469 μὲν
977 401 1172 454 πόνων
1200 410 1299 473 τῆς
1326 400 1628 473 ἀθλήσεως
1654 404 1753 454 ἐπὶ
1778 400 2048 455 πλεῖστον
2075 402 2280 468 ἐλθών,
2321 404 2432 456 τῶν

332 490 391 543 δὲ
418 492 476 541 ἐν
502 488 582 555 τῷ
617 490 722 556 βίῳ
759 486 1014 558 τερπνῶν
1057 480 1284 549 οὐδενὸς
1323 487 1645 556 πειραθείς.
1711 489 1856 538 οὕτω
1898 486 1957 538 δὲ
2001 486 2225 558 σφόδρα
2267 487 2431 559 φιλό-

329 590 492 640 τιμος
536 576 780 644 ὑπῆρχεν
838 573 985 623 ὥστε
1031 573 1125 623 καὶ
1173 574 1264 622 ὅτε
1315 572 1675 640 ἀπέθνησκεν
1706 565 2111 643 Ἀθηνοδώρου
2150 579 2253 623 τοῦ
2287 589 2429 641 παγ-
2446 587 2530 630 (291
2553 587 2604 630 M)

328 663 684 728 κρατιαστοῦ,
727 653 896 727 φίλου
931 658 1095 718 ὄντος
1123 657 1240 708 ἀπὸ
1269 654 1498 720 παιδός,
1538 653 1892 708 ἐπυνθάνετο
1921 656 2108 709 πόσαι
2133 660 2281 719 τινὲς
2320 657 2431 710 εἷεν

328 746 532 813 ἡμέραι
572 739 773 792 λοιπαὶ
812 747 916 791 τοῦ
952 742 1184 809 ἀγῶνος.
1365 743 1460 792 καὶ
1506 735 1683 792 ταῦθ’
1729 744 1842 808 ἅμα
1885 740 2056 811 λέγων
2096 741 2357 813 ἐδάκρυεν
2398 745 2429 794 ὁ
2465 755 2487 793 5

246 831 306 880 11
333 828 668 896 πρεσβύτης.
810 820 981 878 Ἀλλὰ
1013 827 1104 878 σοὶ
1140 830 1260 892 μέν,
1299 828 1459 897 ἔφην,
1501 829 1789 897 συγγνώμη
1818 825 2295 897 ὑπερλυπουμένῳ
2340 826 2434 879 διὰ

326 914 389 964 τὸ
429 914 659 973 πάντως
697 913 1007 981 προσήκειν
1045 914 1104 964 τί
1143 926 1237 964 σοι
1276 906 1463 963 αὐτοῦ’.
1531 914 1636 963 Μὰ
1664 915 1796 975 τοὺς
1821 915 2013 977 θεούς,
2054 913 2230 978 εἶπεν,
2271 907 2434 965 οὐδὲν

325 999 543 1065 ἔμοιγε·
592 997 716 1048 οὔτε
769 997 872 1066 γὰρ
924 998 1042 1048 ἀπὸ
1085 1002 1279 1065 γένους
1316 1014 1417 1064 μοι
1453 995 1518 1067 ἥν
1559 998 1686 1050 οὔτε
1723 995 2026 1066 ἐγύμναζον
2067 1000 2250 1063 αὐτόν,
2291 997 2433 1050 ἀλλὰ

324 1088 436 1134 τῶν
484 1080 710 1134 παίδων
761 1083 890 1134 τινὰ
929 1089 1041 1135 τῶν
1081 1089 1570 1154 παγκρατιαστῶν.
1648 1085 1680 1134 ὁ
1724 1082 1782 1135 δὲ
1822 1085 2138 1155 ἄνθρωπος
2174 1090 2433 1146 τοιοῦτος

323 1165 390 1237 ἥν
430 1169 574 1219 ὥστε
613 1170 834 1230 πάντας
873 1163 972 1219 ἐπ’
1024 1168 1175 1237 αὐτῷ
1217 1167 1535 1221 λυπεῖσθαι
1571 1171 1703 1230 τοὺς
1746 1171 2160 1235 ἐπισταμένους
2198 1172 2426 1220 ἐκεῖνον.
2468 1178 2513 1219 10

244 1257 309 1308 12
338 1252 578 1317 Οὔκουν,
624 1255 784 1325 ἔφην,
827 1252 1037 1306 ἄθλιον
1078 1253 1172 1306 δεῖ
1198 1253 1387 1306 καλεῖν
1428 1247 1625 1306 αὐτόν·
1662 1245 1988 1306 τούναντίον
2026 1255 2129 1325 γὰρ
2170 1247 2433 1321 εὐδαιμο-

326 1343 595 1401 νέστατος
633 1340 701 1390 ἂν
740 1338 825 1409 εἴη
867 1342 962 1392 καὶ
998 1343 1458 1408 μακαριώτατος,
1499 1339 1661 1410 εἴπερ
1704 1340 1824 1402 οἶος
1864 1338 2084 1408 λέγεται
2120 1337 2212 1410 ἤν·
2255 1333 2300 1408 ᾧ
2337 1342 2431 1392 καὶ
2447 1350 2571 1392 (535ss
2588 1350 2642 1394 11)

328 1428 522 1492 γένους
567 1422 780 1496 ὑπῆρξε
833 1423 1100 1496 λαμπροῦ
1144 1431 1327 1492 τυχεῖν
1363 1427 1458 1477 καὶ
1492 1423 1755 1489 κάλλους,
1806 1427 1890 1477 ἔτι
1942 1424 2000 1476 δὲ
2041 1423 2303 1495 ἀνδρείας
2338 1427 2434 1477 καὶ

327 1511 520 1575 ἰσχύος
544 1511 638 1561 καὶ
667 1514 1076 1582 σωφροσύνης,
1102 1513 1136 1561 οἳ
1166 1509 1229 1582 δή
1258 1516 1496 1579 μέγιστα
1523 1517 1634 1562 τῶν
1673 1511 1909 1578 ἀγαθῶν
1936 1512 2082 1561 ἐστι·
2122 1513 2188 1560 τό
2224 1526 2284 1577 γε
2322 1511 2432 1580 μήν

323 1592 803 1660 θαυμαστότατον
859 1597 918 1647 ἐν
971 1597 1297 1666 ἀνθρώπῳ,
1349 1590 1625 1667 ἀήττητον
1672 1597 1944 1664 γενέσθαι
1995 1589 2058 1648 οὗ
2105 1586 2430 1662 μόνοντῶν
2469 1602 2514 1644 15

323 1670 786 1747 ἀνταγωνιστῶν,
847 1674 988 1732 ἀλλά
1036 1683 1129 1733 καὶ
1183 1680 1363 1733 πόνου
1418 1683 1513 1732 καὶ
1561 1684 1846 1748 καύματος
1893 1683 1987 1732 καὶ
2035 1677 2279 1750 γαστρὸς
2337 1682 2432 1732 καὶ

323 1757 707 1835 ἀφροδισίων”
748 1763 842 1816 δεῖ
871 1767 975 1836 γὰρ
1016 1773 1244 1837 πρῶτον
1283 1769 1508 1828 τούτοις
1546 1759 1823 1837 ἀήττητον
1851 1765 1999 1817 εἶναι
2023 1768 2121 1816 τὸν
2152 1763 2429 1831 μέλλοντα

240 1850 304 1901 13
321 1851 434 1900 ὑπὸ
460 1847 701 1919 μηδενὸς
727 1857 839 1902 τῶν
868 1844 1303 1920 ἀνταγωνιστῶν
1332 1850 1783 1923 λειφθήσεσθαι.
1847 1848 2055 1920 ἡδονὰς
2095 1848 2154 1901 δὲ
2193 1851 2280 1911 τίς
2309 1852 2429 1916 μεί-

322 1931 486 1997 ζονας
523 1936 696 2005 ἥσθη,
743 1938 905 1998 ὅστις
945 1934 1391 2008 φιλοτιμότατος
1430 1939 1506 1988 ὢν
1547 1938 1635 1988 ἀεὶ
1672 1939 1826 1989 ἐνίκα
1863 1937 1958 1986 καὶ
1994 1931 2429 2002 θαυμαζόμενος

319 2013 610 2090 ᾐσθάνετο
622 2039 642 2084 ,·
689 2023 787 2072 καί
833 2038 935 2088 μοι
985 2021 1214 2074 δοκοῦσι
1267 2020 1490 2094 σφόδρα
1532 2023 1699 2074 αὐτὸν
1738 2024 2034 2092 ἀγαπῆσαι
2073 2023 2129 2071 οἱ
2164 2021 2299 2072 θεοὶ
2334 2022 2428 2072 καὶ
2463 2028 2514 2069 20Α

318 2102 567 2171 μάλιστα
594 2113 664 2175 τῇ
690 2104 919 2177 τελευτῇ
945 2115 1198 2179 τιμῆσαι,
1222 2110 1299 2170 ὡς
1325 2109 1392 2159 ἂν
1417 2105 1657 2177 μηδενὸς
1684 2108 1993 2176 πειραθείη
2016 2112 2128 2158 τῶν
2144 2104 2427 2172 χαλεπῶν.

321 2190 528 2257 ἀνάγκη
570 2191 672 2259 γὰρ
715 2190 868 2259 αὐτῷ
911 2189 974 2262 ἦν
1012 2194 1386 2262 προβαίνοντι
1424 2194 1549 2244 ἀντὶ
1596 2195 1698 2258 μὲν
1734 2190 2035 2243 καλλίστου
2082 2193 2424 2261 αἰσχροτέρῳ

319 2275 636 2341 γίγνεσθαι,
663 2276 788 2327 ἀντὶ
818 2274 877 2327 δὲ
905 2278 1272 2347 ἰσχυροτάτου
1300 2279 1712 2347 ἀσθενεστέρῳ,
1742 2276 1881 2339 ἴσως
1909 2275 1967 2327 δὲ
1993 2278 2087 2328 καὶ
2114 2274 2430 2343 λειφθῆναί

320 2375 435 2409 του.
510 2361 668 2421 ὅστις
720 2358 779 2411 δὲ
831 2366 954 2423 τοῖς
999 2363 1291 2430 μεγίστοις
1338 2352 1586 2430 ἀγαθοῖς
1642 2366 2052 2431 συναπέρχεται
2099 2363 2168 2412 τοὶ
2218 2363 2424 2431 ἄριστα

321 2441 562 2512 πράξας,
605 2443 768 2507 οὗτος
808 2444 1288 2513 εὐδαιμονέστατα
1328 2445 1575 2516 τελευτᾷ.
1651 2449 1806 2516 εὕροι
1846 2441 1900 2497 δ’
1944 2449 2011 2498 ἄν
2056 2464 2143 2508 τις
2178 2448 2274 2497 καὶ
2309 2453 2420 2497 τῶν
2459 2454 2505 2492 25

322 2526 583 2580 παλαιῶν
622 2532 754 2592 τούς
792 2530 1096 2602 θεοφιλεῖς
1136 2534 1472 2602 ὠκυμόρους.
1547 2534 1736 2596 Τίνας,
1776 2533 1904 2602 ἔφη,
1944 2534 2178 2593 τούτους
2218 2530 2426 2599 λέγεις,·

324 2615 435 2664 Τὸν
469 2607 742 2679 Ἀχιλλέα,
784 2615 966 2680 εἷπον,
1005 2618 1098 2667 καὶ
1133 2614 1465 2687 Πάτροκλον
1502 2619 1596 2668 καὶ
1619 2611 1850 2687 Ἕκτορα
1888 2618 1983 2668 καὶ
2019 2618 2294 2683 Μέμνονα
2331 2617 2427 2667 καὶ

317 2697 677 2768 Σαρπηδόνα.
755 2701 840 2751 ἔτι
896 2699 954 2751 δὲ
1007 2699 1212 2763 ἄλλους
1263 2698 1637 2768 ὀνομάζοντος
1685 2704 1848 2768 ἐμοῦ,
1902 2706 2090 2752 Ταῦτα
2128 2706 2247 2768 μέν,
2293 2703 2646 2771 ἔφη,(ῠ361ὶΠ)

316 2781 501 2845 καλῶς
551 2783 720 2846 εἶπας
771 2787 853 2847 εἰς
903 2788 1280 2857 παραμυθίαν
1338 2789 1692 2857 ἀνθρώπων,
1748 2789 1843 2838 καὶ
1889 2788 2058 2855 ἔγωγε
2111 2785 2583 2856 ἑβουλόμην(292Μ)

321 2881 420 2918 σου
470 2870 555 2920 ἔτι
593 2871 842 2922 ἀκούειν’
895 2869 1035 2923 ἀλλὰ
1073 2873 1176 2943 γὰρ
1220 2874 1336 2942 ὥρα
1385 2869 1678 2940 γυμνάζειν
1717 2874 1813 2924 τὸν
1852 2870 2062 2936 παῖδα,
2110 2875 2204 2923 καὶ
2241 2874 2415 2941 ἀπέρ-
2454 2878 2500 2919 30

312 2971 502 3021 χομαι.

463 3137 484 3177 1
516 3130 763 3181 ἐλθόντων
793 3134 842 3181 δὲ
872 3134 922 3178 Μ
1037 3138 1062 3179 3
1094 3133 1380 3196 ἐτέθνησκεν
1410 3137 1446 3180 Β
1573 3140 1598 3180 5
1628 3133 1856 3196 ἐδάκρυεν
1886 3136 1935 3179 Μ
1965 3132 2223 3197 ἐδάκρυσεν
2253 3136 2332 3182 UB

319 3207 345 3248 6
377 3199 432 3249 σὺ
461 3203 549 3260 μὲν
580 3199 668 3264 ἔφη
701 3206 738 3249 Β
830 3209 880 3249 12
913 3196 1017 3260 οἷος
1044 3206 1205 3266 λέγετε
1235 3208 1273 3252 Β
1306 3203 1378 3261 οἷς
1406 3206 1595 3266 λέγεται
1615 3207 1655 3252 U
1746 3211 1796 3251 13
1828 3203 2022 3267 ἀνδρίας
2051 3207 2094 3253 U
2183 3211 2234 3252 16
2265 3206 2420 3268 ἀφρο-

319 3274 509 3320 δεισίων
536 3274 586 3317 Μ
732 3279 780 3319 17
814 3273 1052 3331 τοιούτοις
1082 3278 1131 3321 Μ
1278 3282 1331 3323 18
1361 3271 1695 3337 ληφθήσεσθαι
1724 3278 1839 3335 libri,
1872 3291 1989 3324 corr.
2023 3279 2215 3324 casaub.
2369 3277 2419 3323 δέ

319 3360 390 3397 τις
418 3344 462 3390 U
553 3348 602 3388 19
634 3337 757 3404 ἥσθη
790 3338 922 3401 ὅστις
949 3348 1082 3406 Emp.
1114 3352 1300 3395 secutus
1319 3349 1552 3395 Reiskium
1584 3350 1661 3406 qui
1689 3341 1814 3409 ἥσθη
1841 3345 1872 3409 ἢ
1894 3342 2049 3408 ὅστις,
2083 3345 2112 3408 ἢ
2142 3342 2249 3395 ἔσθ’
2284 3340 2415 3401 ὅστις

318 3414 452 3460 UBM
566 3413 950 3474 φιλοτιμώτατος
978 3419 1028 3462 Μ
1144 3423 1198 3465 22
1227 3421 1449 3480 γίνεσθαι
1478 3418 1611 3467 UBM
1640 3420 1867 3481 γενέσθαι
1897 3421 1935 3465 Τ
2053 3424 2105 3465 23
2137 3419 2418 3467 ἀσθενεστέ-

322 3502 410 3544 ρου
438 3486 488 3530 Μ
603 3490 659 3531 24
689 3486 749 3533 τὰ
781 3501 864 3532 om.
896 3490 939 3534 U
1055 3494 1106 3534 27
1138 3494 1219 3538 καὶ
1249 3488 1421 3546 ἄλλους
1451 3491 1490 3536 Τ
