2684 4140
326 1191 372 1232 10

327 1617 375 1658 15

329 2043 377 2085 20

413 276 516 324 332
820 269 1140 318 APPENDIX
1167 269 1249 314 111.
1309 267 1679 315 THEODORUS
1709 269 2091 316 METOGHITA.

409 422 506 470 τὸν
547 423 675 468 νοῦν
716 416 803 477 οἷς
841 413 1016 482 λέγει·
1071 412 1238 485 δῆλος
1279 412 1338 465 δὲ
1375 417 1470 466 καὶ
1507 418 1596 466 ὅτι
1636 413 1840 486 δεῆσαν
1880 411 2029 488 αὐτῷ
2079 422 2224 488 πρὸς
2273 421 2508 490 ἄσκησιν

409 508 512 552 τοῦ
548 499 725 567 λέγειν
755 497 1180 550 ἐκκαλέσασθαί
1204 517 1331 551 τινα
1359 506 1470 571 τῶν
1497 499 1839 571 ἐπιτηδείων
1863 506 1958 555 καὶ
1983 502 2342 575 παραδοῦναι
2377 507 2508 566 τούς

410 590 469 638 ἐκ
518 591 629 636 τῶν
677 582 861 635 πάλαι
913 587 1190 654 πρότερον
1242 582 1487 652 δοκίμων
1534 587 1628 637 καὶ
1675 593 1787 637 τῶν
1836 583 2050 656 ἔγγιστ’
2108 588 2257 657 αὐτῷ
2303 590 2397 640 καὶ
2444 590 2506 638 οὐ

411 674 607 741 πόρρω
647 675 759 720 τῶν
792 672 1010 738 χρόνων
1051 666 1522 740 λυσιτελήσοντας
1561 673 1644 732 εἰς
1683 671 1714 721 ὃ
1742 677 2128 742 προτρέπεται
2169 675 2287 744 (τὴν
2326 675 2508 744 εὐφω-

408 757 532 806 νίαν
573 755 742 823 αὐτὴν
784 750 992 824 δηλαδὴ
1033 755 1128 805 καὶ
1153 755 1252 824 τὴν
1279 760 1383 805 τοῦ
1407 752 1585 822 λέγειν
1613 756 1690 816 ὡς
1720 753 1987 823 βέλτιστα
2013 756 2284 827 μελέτην),
2324 775 2508 828 παρα-

409 842 641 892 τίθεται
665 841 767 906 μὲν
796 837 946 906 αὐτῷ
989 836 1191 909 φίλους
1230 837 1455 910 ἄνδρας,
1498 840 1584 902 οἷς
1613 838 1734 891 δέοι
1761 842 1828 891 ἂν
1857 843 1915 891 ἐν
1944 846 2066 904 τοῖς
2098 841 2345 910 βιβλίοις
2385 857 2508 911 συγ-

409 926 676 995 γίνεσθαι
737 925 832 975 καὶ
883 920 1177 991 γυμνάζειν
1245 927 1345 996 τὴν
1404 927 1596 996 φωνην
1651 918 1777 976 κατ’
1840 927 2085 989 ἐκείνους
2141 930 2508 994 τυπούμενον,

408 1009 655 1078 μάλιστα
685 1003 738 1060 δ’
771 1011 1006 1060 ἐπαινεῖ
1021 1011 1116 1061 καὶ
1157 1012 1483 1081 συνίστησιν
1522 1013 1605 1074 εἰς
1643 1013 1876 1082 τοῦργον
1913 1014 2007 1063 καὶ
2043 1014 2142 1083 τὴν
2181 1010 2511 1078 ἐπιμέλειαν

410 1099 616 1167 ταύτην
654 1091 1000 1166 Ξενοφῶντα
1039 1097 1136 1146 τὸν
1174 1094 1453 1164 Γρύλλου,
1493 1099 1590 1148 τὸν
1621 1089 1876 1149 Ἀττικὸν
1921 1102 2048 1164 μέν,
2099 1100 2150 1149 εἰ
2190 1096 2254 1168 δή
2295 1116 2382 1160 τις
2419 1100 2512 1149 καὶ

412 1181 598 1245 ἄλλος,
636 1183 731 1232 καὶ
767 1185 926 1248 γένος
963 1183 1057 1232 καὶ
1093 1179 1362 1248 γλῶτταν,
1402 1189 1471 1251 τῇ
1513 1180 1571 1233 δὲ
1610 1190 1709 1253 τῆς
1750 1190 1942 1254 φωνῆς
1983 1181 2107 1252 ἰδέᾳ
2142 1186 2511 1253 χρησάμενον,

409 1269 550 1335 μετὰ
577 1275 676 1339 τῆς
700 1267 841 1317 κατὰ
865 1269 1038 1337 φύσιν
1063 1268 1157 1318 καὶ
1177 1269 1234 1318 ἐν
1259 1275 1429 1338 σκηνῇ
1448 1270 1542 1319 καὶ
1564 1266 1809 1337 δράματι
1828 1271 2034 1339 ταύτης
2055 1266 2342 1339 ἀφελείας,
2368 1271 2515 1319 πάν-

411 1371 523 1404 των
549 1350 796 1419 μάλιστα
824 1357 935 1403 τῶν
963 1349 1149 1403 ἄλλων
1169 1346 1439 1423 Ἑλλήνων
1467 1351 1730 1405 παλαιῶν
1757 1372 1816 1405 τε
1841 1356 1935 1405 καὶ
1960 1358 2099 1406 νέων
2125 1355 2219 1405 καὶ
2238 1357 2365 1405 ὅσοι
2383 1348 2508 1405 κατ’

414 1439 581 1489 αὐτὸν
628 1438 978 1506 Σωκρατικοὶ
1026 1439 1119 1488 καὶ
1164 1438 1305 1503 μετὰ
1359 1435 1685 1508 φιλοσόφου
1736 1440 2078 1508 προθέσεως
2129 1440 2375 1506 ἐβίωσαν
2421 1440 2515 1490 καὶ

413 1527 541 1575 ὅσοι
577 1516 706 1573 κατ’
739 1524 907 1573 αὐτὸν
947 1521 1121 1573 πάλιν
1149 1526 1475 1593 ῥητορικῶς.
1552 1526 1697 1574 οὕτω
1728 1523 1790 1595 δὴ
1819 1525 2124 1576 κάντεῦθεν
2151 1523 2515 1595 προδείκνυσι

411 1611 505 1660 καὶ
543 1614 851 1659 πιστοῦται
890 1608 958 1657 τὰ
999 1609 1132 1676 περὶ
1172 1609 1345 1658 αὐτοῦ
1380 1615 1473 1659 νῦν
1512 1612 1643 1677 ἡμῖν
1694 1607 1976 1676 λεγόμενα.
2057 1610 2143 1671 οἷς
2189 1611 2292 1677 γάρ
2328 1611 2516 1678 χαίρει

412 1695 505 1744 καὶ
546 1693 632 1754 οἷς
670 1690 866 1759 ἥδεται
906 1689 1081 1755 ξυνὼν
1117 1695 1212 1743 καὶ
1252 1691 1454 1763 φίλους
1493 1691 1702 1763 ἄνδρας
1738 1696 1831 1745 καὶ
1870 1695 1955 1755 οἷς
1992 1695 2061 1744 τὰ
2093 1692 2358 1761 βέλτιστα
2386 1695 2514 1762 βού-

417 1776 573 1829 λεται
612 1779 1003 1847 προτρέπεταί
1038 1793 1098 1845 γε
1138 1782 1260 1839 τοῖς
1301 1779 1483 1829 αὐτῶν
1528 1780 1812 1849 χρῆσθαι,
1863 1785 2121 1840 τοιοῦτος
2170 1779 2336 1840 αὐτός
2374 1781 2513 1842 ἐστι,

416 1866 645 1924 πάντως
683 1856 848 1913 ταῦτ’
894 1865 1148 1914 ἐπαινῶν
1190 1864 1275 1925 οἷς
1319 1871 1551 1935 χρῆται,
1598 1866 1692 1915 καὶ
1740 1866 2029 1933 χρώμενος
2079 1864 2247 1925 αὐτὸς
2294 1866 2517 1925 τούτοις

417 1949 504 2010 οἷς
541 1951 634 2000 καὶ
672 1951 804 2010 τοὺς
842 1947 1204 2019 ἐπιτηδείους
1231 1954 1530 2019 προσέχειν
1564 1947 1844 2017 βούλεται.
1911 1951 1973 1999 οὐ
2010 1950 2114 2018 γὰρ
2154 1946 2359 2010 ἄλλους
2395 1946 2519 2015 βελ-

414 2037 599 2086 τίοσιν
637 2036 668 2104 ἢ
708 2037 802 2085 καὶ
851 2036 1018 2097 αὐτὸς
1056 2037 1330 2106 ἐχρήσατο
1370 2040 1672 2106 προσέχειν
1717 2033 1956 2106 ἠξίωσεν
2002 2037 2096 2098 ἄν,
2149 2031 2275 2084 οὐδὲ
2318 2031 2519 2104 φίλους

414 2122 627 2190 ἔκρινεν
667 2122 734 2171 ἂν
776 2121 920 2171 ὥστε
957 2122 1051 2171 καὶ
1089 2127 1200 2171 τῶν
1225 2119 1540 2171 καλλίστων
1582 2114 1662 2171 δι’
1695 2124 1899 2171 ἑαυτοῦ
1922 2124 2104 2185 τυχεῖν
2144 2116 2364 2189 πλεῖνῆ
2395 2122 2518 2169 ἐαυ-

413 2209 526 2269 τόν,
574 2204 700 2256 οὐδὲ
740 2208 851 2276 μὴν
892 2206 1082 2270 αὖθις,
1125 2205 1199 2257 ὧν
1240 2205 1421 2273 ἑαυτῷ
1460 2204 1769 2273 βελτίστων
1809 2199 1991 2275 ᾠήθη,
2038 2206 2306 2255 τάναντία
2345 2220 2518 2272 παρε-

415 2291 614 2341 τίθετο
659 2288 880 2361 φίλοις,
930 2293 1024 2342 καὶ
1061 2285 1293 2357 μάλιστ’
1339 2290 1553 2343 ἀδικεῖν
1593 2289 1801 2361 ἄνδρας
1851 2288 2211 2361 ἐπιτηδείους
2249 2291 2515 2357 ἐπειρᾶτο

399 2373 645 2446 .σφόδρα
686 2382 969 2441 τιμῶντας
1010 2378 1177 2428 αὐτὸν
1215 2380 1309 2429 καὶ
1349 2378 1737 2443 πειθομένους
1776 2378 2148 2438 ἀνυπόπτως,
2190 2376 2220 2425 0‘
2255 2367 2391 2444 μηδ’
2435 2375 2518 2438 ἐχ-

335 2469 382 2510 25
420 2462 602 2528 θροῦς
652 2459 865 2512 ἀδικεῖν
915 2461 993 2529 τῷ
1043 2463 1147 2530 βίῳ
1200 2464 1590 2531 προθέμενος,
1649 2464 1743 2513 καὶ
1795 2465 2014 2522 πάντας
2072 2462 2153 2521 εἰς
2202 2461 2300 2530 τὴν
2351 2459 2518 2528 αὐτὴν

424 2547 642 2614 αἵρεσιν
684 2545 886 2616 φίλους
925 2565 983 2598 τε
1021 2550 1113 2598 καὶ
1151 2551 1223 2618 μὴ
1270 2550 1624 2614 συμπείθων.

571 2761 620 2802 18
652 2754 842 2810 τούτοις
872 2756 1046 2812 scripsi,
1080 2755 1198 2810 τέως
1227 2755 1359 2812 vulgo
1479 2758 1531 2799 19
1562 2750 1733 2807 ἄλλους
1763 2753 1940 2810 scripsi,
1971 2748 2133 2806 ἄλλοις
2161 2751 2291 2806 vulgo
