2684 4140
1165 255 1391 301 ORATIO
1421 256 1540 300 LIX.
2290 259 2394 306 133

312 395 449 468 δῆτα
488 399 722 468 ἔφησθα
761 401 894 465 ἐμὸς
933 398 1079 450 εἶναι
1108 398 1290 469 φίλος,
1331 403 1504 452 ὁπότε
1540 418 1600 469 γε
1637 407 1748 453 τῶν
1786 404 1913 468 ἐμοὶ
1952 400 2395 468 πολεμιωτάτων

305 476 568 550 Ἀργείων
606 488 882 554 πέφηνας.
957 486 1170 535 τούτων
1220 483 1283 555 δὴ
1338 493 1435 556 τῆς
1486 484 1708 548 ἀδικίας
1747 487 1942 537 αὐτίκα
1979 485 2130 552 μάλα
2167 486 2396 558 ὑφέξεις

312 564 481 636 δίκην.
520 593 591 602 ——
633 567 694 619 Ο.
729 562 882 619 Ἀλλ’
935 571 978 619 ὢ
1028 571 1174 637 πρὸς
1222 571 1377 620 θεῶν
1425 571 1654 635 ἐπίσχες
1703 572 1936 641 ἀφεῖναι
1984 575 2046 622 τὸ
2097 570 2276 639 βέλος.
2328 600 2390 608 -—

314 655 381 702 Φ.
428 651 507 703 Οὐ
546 651 795 717 δυνατόν,
835 652 995 722 εἴπερ
1021 647 1215 723 (Έλλην
1254 656 1331 705 ὢν
1368 657 1678 722 τυγχάνεις,
1717 658 1780 706 τὸ
1818 657 1891 725 μὴ
1933 654 2293 708 ἀπολωλέναι
2333 673 2393 708 σε

249 745 272 784 5
308 738 366 787 ἑν
403 734 534 806 τῇδε
571 745 639 807 τῇ
686 742 878 807 ήμέρᾳ.
917 767 989 773 -
1030 737 1092 789 Ο.
1126 732 1294 789 Ἀλλὰ
1344 741 1617 790 πέπονθά
1665 755 1724 807 γε
1771 734 1874 789 ὐπ’
1920 741 2100 791 αὐτῶν
2138 748 2388 805 τοιαῦτα,
2430 744 2460 794 8

310 818 371 884 ἐξ
408 821 483 872 ὧν
523 819 754 883 δικαίως
794 824 885 873 σοὶ
908 824 1009 888 μὲν
1036 824 1103 873 ἂν
1132 821 1298 892 φίλος
1323 823 1459 893 εἴην,
1498 825 1722 875 ἐκείνων
1751 821 1809 874 δὲ
1835 826 2057 893 ἐχθρός.
2085 854 2158 860 -—
2185 829 2252 877 Φ.
2281 828 2397 878 Καὶ

310 907 366 956 τί
404 904 467 976 δή
508 910 673 957 τοῦτό
711 909 880 970 ἐστιν,
921 907 952 957 ὃ
990 909 1296 969 πέπονθας
1333 910 1511 969 οὕτως
1544 906 1794 973 χαλεπόν
1805 927 1825 970 ,·
1862 937 1932 943 —-
1964 908 2025 959 Ο.
2058 909 2288 977 Φυγάδα
2326 929 2396 976 με

308 988 513 1059 ἤλασεν
556 984 852 1053 Ὀδυσσεύς
900 993 959 1041 ἐκ
1006 998 1109 1041 τοῦ
1161 998 1416 1060 στρατοῦ.
1466 1020 1534 1028 -
1588 995 1654 1043 Φ.
1701 994 1772 1042 Τί
1810 990 1868 1042 δὲ
1907 990 2096 1060 ἔδρας,
2143 987 2242 1063 ἐφ’
2285 997 2392 1061 ὅτῳ

309 1073 476 1144 τῆσδε
515 1082 612 1146 τῆς
651 1073 805 1145 δίκης
843 1076 1029 1140 ἔτυχες
1040 1094 1060 1137 ,·
1098 1103 1166 1111 -
1199 1075 1261 1127 Ο.
1296 1075 1475 1141 Οἶμαί
1514 1091 1574 1126 σε
1611 1078 1934 1143 γιγνώσκειν
1971 1080 2068 1128 τὸν
2094 1075 2394 1128 Ναυπλίου

224 1167 271 1208 10
308 1157 489 1209 παῖδα
501 1158 951 1229 Παλαμήδην.-
966 1162 1032 1210 Φ.
1054 1153 1133 1210 Οὗ
1149 1161 1252 1226 γὰρ
1273 1158 1335 1230 δή
1358 1166 1468 1210 τῶν
1484 1162 1864 1224 ἐπιτυχόντων
1883 1154 2011 1212 οὐδὲ
2031 1160 2219 1228 ὀλίγου
2235 1160 2395 1224 ἄξιος

311 1242 572 1295 συνέπλει
600 1244 724 1294 οὔτε
751 1243 832 1310 τῷ
860 1242 1078 1311 στρατῷ
1108 1244 1235 1294 οὔτε
1261 1248 1382 1305 τοῖς
1406 1247 1688 1314 ἡγεμόσιν.
1712 1271 1780 1280 -
1809 1243 1871 1295 Ο.
1906 1247 2015 1295 Τὸν
2045 1245 2107 1316 δή
2137 1253 2395 1297 τοιοῦτον

308 1326 482 1397 ἄνδρα
533 1330 564 1378 o‘
598 1329 784 1389 κοινὸς
821 1334 932 1378 τῶν
963 1321 1230 1397 Ἑλλήνων
1271 1326 1485 1394 λυμεὼν
1525 1327 1871 1399 διέφθειρεν.
1921 1357 1993 1364 --
2033 1333 2100 1381 Φ.
2140 1331 2395 1399 Πότερον

308 1413 367 1462 ἐκ
403 1418 506 1461 τοῦ
541 1418 789 1481 φανεροῦ
821 1413 967 1480 μάχῃ
1005 1414 1287 1482 κρατήσας
1323 1414 1356 1482 ἢ
1395 1414 1536 1478 μετὰ
1567 1410 1732 1464 δόλου
1760 1417 1943 1476 τινός,·
1980 1442 2052 1491 -”
2083 1414 2144 1466 Ο.
2173 1414 2395 1484 Προδο-

311 1498 437 1546 σίαν
476 1497 785 1563 ἐπενεγκὼν
831 1503 934 1546 τοῦ
971 1504 1216 1566 στρατοῦ
1249 1502 1371 1559 τοῖς
1408 1496 1778 1566 Πριαμίδαις.
1818 1526 1890 1533 -
1928 1501 1995 1549 Φ.
2035 1492 2129 1550 Ἡν
2170 1497 2229 1550 δὲ
2266 1494 2389 1550 κατ’

55 1592 200 1633 (577111)
224 1589 270 1629 15
307 1577 584 1650 ἀλήθειαν
624 1582 801 1643 οὕτως
839 1583 963 1646 ἔχον
1000 1583 1032 1652 ἢ
1084 1583 1351 1633 πέπονθε
1392 1587 1882 1651 ,κατεψευσμένος
1930 1613 1999 1620 —
2056 1583 2117 1635 O.
2157 1586 2296 1646 Πῶς
2331 1578 2389 1663 δ’

307 1667 373 1715 ἂν
413 1662 643 1727 δικαίως
679 1671 895 1733 γένοιτο
935 1673 1045 1718 τῶν
1083 1661 1187 1718 ὑπ’
1231 1669 1817 1736 ἐκείνουθγιγνομένων
1856 1670 2042 1720 ὁτιοῦν
2054 1688 2074 1731 ,·
2120 1698 2191 1705 -
2231 1672 2298 1720 Φ.
2338 1663 2393 1720 Ὠ
2430 1670 2462 1720 9

307 1744 546 1816 μηδενὸς
572 1748 962 1813 ἀποσχόμενος
988 1754 1099 1799 τῶν
1121 1746 1558 1813 χαλεπωτάτων,
1600 1748 1741 1819 λόγῳ
1770 1770 1830 1803 τε
1854 1755 1948 1804 καὶ
1974 1755 2112 1822 ἔργῳ
2153 1771 2397 1824 πανουρ-

307 1834 504 1898 γότατε
542 1833 868 1900 ἀνθρώπων
899 1826 1193 1897 Ὀδυσσεῦ,
1247 1833 1367 1884 οἷον
1417 1834 1490 1884 αὖ
1533 1842 1730 1887 τοῦτον
1768 1836 1943 1905 ἄνδρα
1983 1837 2287 1908 ἀνῄρηκας,
2337 1839 2399 1900 ὃς

91 1927 283 1967 (307R11)
311 1909 470 1967 οὐδὲν
506 1916 673 1987 ἦττον
713 1916 1002 1987 ὠφέλιμος
1039 1915 1105 1987 ἥν
1141 1923 1263 1980 τοῖς
1303 1917 1611 1985 ξυμμάχοις
1647 1923 1792 1991 ἥπερ
1834 1922 1995 1988 οἶμαι
2035 1925 2118 1986 σύ,
2164 1924 2232 1973 τὰ
2269 1920 2398 1973 κάλ-

229 2010 277 2052 20
315 1998 476 2051 λιστα
502 2003 595 2053 καὶ
624 2005 927 2072 σοφώτατα
956 2004 1294 2072 ἀνευρίσκων
1319 2006 1412 2055 καὶ
1440 2007 1755 2068 συντιθείς·
1797 2009 1989 2077 ὥσπερ
2029 1997 2397 2074 ἀμέλεικάμὲ

307 2083 597 2156 ἐξέθηκας,
636 2089 778 2154 ὑπὲρ
807 2096 905 2158 τῆς
929 2096 1119 2159 κοινῆς
1160 2091 1441 2159 σωτηρίας
1467 2107 1527 2140 τε
1551 2093 1645 2142 καὶ
1671 2090 1824 2160 νίκης
1852 2096 2236 2161 περιπεσόντα
2264 2090 2397 2162 τῇδε

307 2178 375 2240 τῇ
414 2169 690 2242 ξυμφορᾷ,
731 2171 1015 2224 δεικνύντα
1054 2176 1150 2224 τὸν
1176 2176 1408 2244 Χρύσης
1445 2176 1653 2241 βωμόν,
1696 2174 1764 2225 οὕ
1796 2177 2078 2238 θύσαντες
2103 2179 2399 2246 κρατήσειν

307 2253 536 2320 ἔμελλον
574 2263 685 2308 τῶν
719 2255 1034 2323 πολεμίων·
1075 2260 1126 2309 εί
1154 2257 1212 2309 δὲ
1238 2261 1331 2329 μή,
1369 2262 1550 2329 μάτην
1578 2261 1820 2328 ἐγίγνετο
1847 2266 1879 2331 ή
1912 2264 2192 2330 στρατεία.
2257 2260 2398 2312 ἀλλὰ

306 2342 364 2391 τί
401 2339 465 2411 δή
509 2355 601 2393 σοι
639 2350 922 2413 προσῆκον
967 2351 1065 2414 τῆς
1101 2342 1483 2410 Παλαμήδους
1533 2348 1727 2415 τύχηςὶ
1776 2374 1847 2381 --
1900 2345 1962 2399 Ο.
2002 2347 2083 2397 Εὖ
2129 2346 2261 2398 ἴσθι
2308 2349 2396 2397 ὅτι
2420 2349 2485 2399 10

221 2435 269 2477 25
306 2427 406 2477 ἐπὶ
443 2429 660 2489 πάντας
699 2430 829 2490 τοὺς
866 2430 1077 2480 ἐκείνου
1128 2427 1329 2499 φίλους
1376 2427 1523 2499 ἦλθε
1569 2433 1632 2481 τὸ
1671 2433 1838 2481 κακὸν
1875 2432 1969 2481 καὶ
2006 2434 2215 2493 πάντες
2255 2434 2398 2481 ἀπο-

309 2508 579 2575 λώλασιν,
630 2515 786 2575 ὅστις
821 2515 895 2585 μὴ
938 2520 1133 2584 φυγεῖν
1171 2513 1443 2585 ἠδυνήθη.
1521 2518 1665 2566 οὕτω
1707 2514 1766 2566 δὲ
1803 2517 1952 2583 κάγὼ
1992 2519 2090 2587 τὴς
2130 2534 2399 2586 παροιχο-

307 2600 476 2666 μένης
513 2600 706 2659 νυκτὸς
744 2597 1093 2661 διαπλεύσας
1129 2603 1302 2665 μόνος
1341 2598 1502 2670 δεῦρο
1530 2603 1776 2671 ἐσώθην.
1844 2600 2038 2667 σχεδόν
2063 2605 2164 2668 μὲν
2205 2602 2300 2652 οὖν
2339 2604 2396 2652 ἐν

308 2683 408 2750 ὅσῃ
448 2683 615 2750 ἔγωγε
648 2685 810 2752 χρείᾳ
845 2686 1200 2755 καθέστηκας
1239 2679 1421 2747 αὐτός.
1488 2687 1538 2736 εἰ
1578 2680 1630 2736 δ’
1677 2687 1772 2737 οὖν
1811 2688 1955 2751 ἔχεις
1982 2688 2106 2737 τινὰ
2133 2688 2397 2756 μηχανήν,

309 2763 819 2838 ξυμπροθυμηθεὶς
855 2774 987 2840 ήμῖν
1027 2772 1159 2838 περὶ
1195 2773 1292 2821 τὸν
1332 2768 1521 2821 οἴκαδε
1561 2769 1860 2821 ἀπόπλουν
1910 2776 2053 2841 ήμᾶς
2101 2789 2161 2822 τε
2201 2772 2264 2822 εὖ
2300 2787 2398 2821 πε-

219 2859 268 2901 30
305 2853 558 2921 ποιηκὼς
583 2854 681 2921 ἔσῃ
708 2856 802 2905 καὶ
829 2856 942 2920 ἅμα
971 2852 1200 2921 ἄγγελον
1229 2857 1604 2921 ἀποπέμψεις
1626 2857 1771 2921 πρὸς
1797 2857 1927 2916 τούς
1951 2862 2189 2905 σεαυτοῦ
2208 2853 2398 2905 οἴκαδε

308 2942 417 2987 τῶν
459 2939 549 2988 σοὶ
587 2941 916 3006 προσόντων
941 2946 1137 2990 κακῶν.
1178 2968 1249 2974 -
1278 2943 1345 2990 Φ.
1381 2933 1558 3002 Ἀλλ’,
1599 2939 1641 2989 ὧ
1673 2938 1921 3009 δύστηνε,
1963 2942 2107 3007 πρὸς
2138 2946 2393 2990 τοιοῦτον
2418 2941 2478 2990 11

455 3079 472 3116 1
507 3069 620 3132 ἔφης
648 3074 729 3120 UB
845 3078 870 3118 2
899 3072 1105 3132 μάλιστα
1134 3077 1250 3128 libri,
1281 3073 1412 3133 μάλα
1444 3073 1500 3122 σὺ
1531 3077 1762 3134 Wyttenb.
1793 3069 1922 3133 μάλα
1953 3077 2087 3120 Dind.
2218 3072 2402 3134 ὑφέξεις

309 3146 365 3193 (ει
394 3155 423 3186 a
443 3148 575 3198 corr.)
595 3144 635 3189 U
723 3150 749 3188 4
778 3143 1008 3203 Ἑλλήνων
1029 3147 1109 3191 UB
1198 3144 1447 3205 τυγχάνηις
1477 3147 1517 3192 U
1546 3161 1602 3191 m.
1626 3160 1694 3203 pr.
1782 3152 1808 3191 9
1839 3149 1964 3206 δίκης
1993 3148 2042 3191 Μ
2072 3142 2211 3206 τύχης
2232 3147 2313 3192 UB

308 3209 556 3270 γινώσκειν
587 3214 674 3257 ΒΜ
793 3219 843 3259 10
877 3219 935 3271 Φ,
965 3221 1009 3259 et
1037 3229 1143 3260 mox
1175 3219 1223 3263 Ο.
1254 3217 1356 3261 add.
1391 3217 1494 3261 Wil.
1613 3221 1659 3261 11
1692 3213 1892 3276 ἡγεμόσι
1911 3235 1946 3262 :z
1977 3221 2021 3268 (ν
2051 3223 2244 3267 erasum)
2274 3218 2315 3264 U

314 3287 363 3327 14
394 3285 666 3342 πριαμίδαις
694 3287 785 3338 (αις
812 3297 841 3329 a
869 3290 1000 3340 corr.)
1022 3286 1061 3331 U
1163 3284 1286 3333 κατὰ
1318 3289 1356 3331 Β
1475 3292 1525 3331 15
1557 3283 1681 3347 ἔχων
1710 3288 1790 3334 UB
1906 3287 2142 3336 πεπόνθει
2171 3290 2288 3343 libri,
2319 3288 2399 3335 πέ-

308 3358 462 3400 πονθε
482 3355 616 3410 Emp.
718 3354 1112 3414 καταψευσμένος
1134 3358 1256 3410 (sicl)
1287 3357 1323 3402 U
1355 3371 1410 3401 m.
1433 3371 1515 3414 pr„
1547 3376 1577 3404 α
1607 3359 1654 3403 in
1676 3375 1698 3405 ε
1729 3362 1834 3403 mut.
1868 3372 1896 3403 a
1927 3373 2062 3412 corr.;
2093 3355 2399 3418 καταψευσά-

307 3440 451 3480 μενος
484 3425 569 3469 ΒΜ
599 3439 658 3469 m.
688 3439 755 3482 pr.
787 3427 1095 3471 scribendum:
1127 3423 1157 3485 ἢ
1185 3427 1379 3474 πέπεικε
1408 3426 1839 3487 καταψευσάμενος
1957 3433 2008 3473 19
2038 3423 2161 3488 ἥπερ
2193 3430 2233 3475 U
2343 3425 2400 3476 σὺ

308 3508 393 3540 om.
426 3494 503 3539 UB
534 3496 623 3548 (hic
655 3493 786 3552 οἶμαι
815 3502 884 3551 τε)
1026 3493 1085 3543 τὰ
1115 3497 1320 3544 κάκιστα
1350 3498 1647 3553 Herwerden;
1679 3500 1757 3545 sed
1787 3501 1899 3544 haec
1929 3500 1986 3544 ad
2016 3500 2300 3544 Palamedem
2330 3513 2399 3544 re·

310 3565 496 3609 ferenda
526 3571 632 3610 sunt
776 3571 831 3611 24
859 3565 1139 3626 παλαμήδου
1169 3569 1222 3624 U,
1254 3569 1302 3612 M
1330 3581 1360 3613 a
1391 3581 1507 3614 corr.
1624 3573 1678 3614 26
1711 3563 1864 3624 οὕτως
1893 3571 1936 3616 U
2085 3574 2137 3615 28
2169 3566 2319 3629 ἔγωγε
2348 3567 2401 3616 ἐν

312 3627 401 3692 ὅσῃ
422 3636 523 3687 (hoc
544 3638 657 3690 ord.)
678 3638 794 3691 libri,
815 3639 1094 3695 transposuit
1114 3639 1247 3696 Emp.
1336 3643 1389 3684 30
1412 3637 1583 3687 ἑαυτοῦ
1602 3640 1719 3695 libri,
1742 3644 1946 3687 σεαυτοῦ
1967 3641 2096 3697 Emp.
2121 3654 2144 3685 e
2165 3641 2261 3684 cod.
2285 3641 2314 3684 S

312 3708 362 3749 31
397 3703 656 3767 παρόντων
684 3710 801 3763 libri,
832 3707 1120 3767 προσόντων
1150 3710 1359 3766 Hartung
