2684 4140
428 301 530 348 162
1179 290 1324 335 DION
1329 290 1381 334 IS
1413 288 1498 332 DE
1529 287 1758 333 GLORIA

359 443 390 492 6
428 437 694 508 μυριάδες
732 437 1070 504 τεθνήκασιν
1107 434 1250 500 ὑπὲρ
1289 435 1488 483 τούτου
1527 439 1629 483 τοῦ
1676 435 1894 502 ῥάκους.
1984 435 2072 482 ὅτι
2118 435 2220 498 μὲν
2266 434 2369 502 γὰρ
2423 431 2515 484 διὰ

417 528 654 589 χρυσοῦν
703 521 990 588 πρόβατον
1038 519 1353 568 ἀνάστατον
1394 518 1592 587 συνέβη
1643 518 1916 583 γενέσθαι
1963 514 2295 588 τηλικαύτην
2337 520 2516 569 οἰκίαν

421 608 518 676 τήν
542 602 811 664 Πέλοπος
839 604 895 653 οἱ
919 599 1202 670 τραγῳδοί
1230 614 1422 670 φασιν.
1473 603 1567 652 καὶ
1591 604 1872 671 κατεκόπη
1899 603 2001 667 μὲν
2039 602 2108 651 τὰ
2135 609 2238 652 τοῦ
2264 602 2513 654 Θυέστου

421 693 599 752 τέκνα,
638 694 706 757 τῇ
730 684 997 754 Πελοπίᾳ
1038 683 1097 736 δὲ
1137 687 1169 736 ό
1205 687 1391 755 πατήρ
1419 687 1627 756 ἐμίχθη
1655 688 1749 737 καὶ
1773 689 1870 737 τὸν
1898 686 2196 754 Αἴγισθον
2223 688 2511 757 ἔσπειρεν’
2538 701 2616 740 (606
2629 700 2684 744 Μ)

423 772 585 834 οὗτος
634 765 688 823 δ’
741 774 1034 822 ἀπέκτεινε
1070 772 1172 836 μὲν
1221 771 1362 836 μετὰ
1411 778 1510 841 τῆς
1548 769 2052 842 Κλυταιμνήστρας
2099 775 2195 823 τὸν
2237 766 2509 841 Ἀγαμέμ-
2546 783 2570 821 5

421 875 552 909 νονα
590 859 686 908 τὸν
725 860 969 922 ποιμένα
996 854 1107 906 τῶν
1139 848 1394 920 Ἀχαιῶν,
1432 857 1687 927 κάκείνην
1708 850 1971 926 Ὀρέστης
1998 858 2029 906 0‘
2054 857 2192 921 υἱός,
2230 860 2324 909 καὶ
2349 865 2513 909 τοῦτο

422 944 670 1012 ποιήσας
707 943 880 1003 εὐθὺς
905 942 1181 1007 ἐμαίνετο.
1239 943 1464 1003 τούτοις
1492 939 1550 992 δὲ
1581 943 1677 992 ούκ
1703 940 1863 1005 ἀξιον
1892 943 2175 1005 ἀπιστεῖν,
2215 944 2250 992 ἃ
2275 946 2515 1011 γέγραπ-

421 1045 516 1078 ται
551 1029 652 1092 μὲν
693 1027 788 1091 οὐχ
825 1028 938 1076 ὑπὸ
965 1025 1076 1077 τιῦν
1103 1029 1380 1091 τυχόντων
1406 1024 1640 1097 ἀνδρῶν,
1680 1025 1994 1097 Εὐριπίδου
2026 1028 2121 1078 καὶ
2144 1024 2516 1102 Σοφοκλέους,

423 1109 640 1179 λέγεται
691 1109 749 1162 δὲ
798 1113 857 1162 ἐν
910 1115 1109 1177 μέσοις
1164 1115 1286 1173 τοῖς
1332 1112 1632 1180 θεάτροις·
1689 1114 1774 1163 ἔτι
1824 1110 1882 1163 δὲ
1935 1109 2075 1163 ἰδεῖν
2124 1113 2277 1163 ἔστιν
2325 1115 2518 1182 ἑτέραν

423 1198 605 1248 οἰκίαν
645 1197 1035 1265 συντριβεῖσαν
1075 1193 1502 1261 πλουσιωτέραν
1542 1198 1754 1267 ἐκείνης
1794 1195 1887 1249 διὰ
1913 1195 2163 1265 γλῶτταν
2189 1199 2282 1248 καὶ
2308 1199 2368 1268 νή
2397 1198 2512 1247 Δία
2552 1205 2598 1246 10

339 1290 388 1339 ,7
428 1285 622 1351 ἑτέραν
659 1279 1102 1333 κινδυνεύουσαν.
1164 1283 1437 1333 τοιούτων
1478 1280 1536 1332 δὲ
1576 1281 1686 1333 τῶν
1711 1284 1851 1333 κατὰ
1891 1279 1989 1353 τὴν
2023 1279 2191 1345 δόξαν
2219 1283 2392 1333 ὄντων
2429 1284 2523 1333 καὶ

423 1367 640 1436 μυρίων
678 1364 862 1417 ἄλλων
902 1368 1282 1435 ἀτοπωτέρων
1332 1365 1455 1429 πῶς
1505 1368 1626 1432 οὐχὶ
1673 1366 1750 1435 τῷ
1802 1370 1975 1419 παντὶ
2025 1365 2453 1437 δυσχερέστερος
2492 1369 2522 1417 o‘

426 1454 572 1521 πρὸς
609 1449 815 1521 ταύτην
853 1453 1093 1522 κεχηνὼς
1130 1458 1233 1502 τοῦ
1268 1454 1413 1521 πρὸς
1451 1445 1582 1502 ἀλλ’
1637 1455 1824 1504 ὁτιοῦν
1861 1455 2212 1523 ἐπτοημένου
2224 1471 2244 1515 ;
2293 1453 2389 1503 τὸν
2430 1453 2522 1522 φί-

429 1534 609 1603 λοψον
660 1536 742 1597 εἷς
792 1537 958 1601 ἰχθύς
1004 1534 1421 1606 ἀποπίμπλησι
1469 1539 1564 1588 καὶ
1612 1530 1796 1600 οὐδεὶς
1840 1534 1970 1606 <ἀν>
2019 1531 2186 1588 αὐτὸν
2222 1535 2523 1588 κωλύσειεν

426 1619 674 1690 ἥδεσθαι
712 1620 821 1672 τῶν
859 1620 1108 1690 ἐχθρῶν·
1150 1623 1362 1686 ὁμοίως
1399 1623 1431 1671 ὁ
1457 1624 1602 1688 πρὸς
1629 1621 1842 1684 παῖδας
1868 1621 2090 1685 ἀθλίως
2117 1624 2272 1688 ἔχων,
2313 1623 2409 1673 ἐὰν
2437 1623 2517 1682 εἰς
2556 1630 2602 1671 15

430 1708 639 1775 ὡραῖον
677 1708 925 1774 ἐμπέσῃ,
965 1713 1163 1756 τοῦτον
1202 1709 1296 1757 ἕνα
1338 1708 1470 1757 ὄντα
1512 1706 1842 1776 θεραπεύει,
1881 1710 1974 1759 καὶ
2012 1706 2283 1769 πολλάκις
2321 1713 2525 1775 μικροῦ
2545 1717 2677 1760 (3503

426 1793 849 1860 κατειργάσατο.
912 1792 1008 1842 τὸν
1042 1789 1349 1861 οἰνόφλυγα
1389 1792 1446 1842 ἓν
1477 1791 1694 1843 Θάσιον
1731 1791 2066 1862 κατέπλησε,
2104 1794 2197 1843 καὶ
2234 1792 2384 1842 πιὼν
2416 1784 2524 1842 Ἐν-

433 1874 710 1941 δυμίωνος
735 1874 896 1945 ἥδιον
921 1873 1218 1927 καθεύδει·
1246 1874 1324 1943 τῳ
1355 1873 1646 1944 δοξοκόπῳ
1679 1875 1736 1928 δὲ
1767 1869 1863 1928 οὐκ
1890 1878 1956 1928 ἂν
1984 1876 2066 1938 εἷς
2092 1875 2343 1927 ἐπαινιῦν
2370 1873 2527 1944 ἐξαρ-

361 1969 391 2019 8
429 1964 657 2024 κέσειεν,
699 1952 826 2011 ἀλλ>
871 1959 998 2012 οὐδὲ
1034 1959 1212 2026 χίλιοι
1250 1958 1539 2023 πολλάκις.
1616 1965 1704 2013 ότι
1740 1965 1842 2028 μὲν
1880 1963 1982 2031 γὰρ
2023 1960 2162 2031 ῥᾷόν
2201 1964 2325 2012 ἐστι
2360 1978 2527 2026 μετα-

424 2047 799 2115 χειρίσασθαι
846 2049 909 2096 τὸ
957 2044 1360 2111 χαλεπώτατον
1418 2049 1710 2116 μειράκιον
1757 2054 1860 2098 τοῦ
1903 2050 2287 2119 μετριωτάτου
2346 2044 2521 2116 δήμου
2560 2054 2609 2095 20

430 2133 516 2192 τίς
556 2131 652 2180 οὐκ
690 2132 756 2181 ἂν
797 2133 1053 2201 φήσειεν;
1092 2134 1204 2198 ὅσῳ
1245 2135 1441 2197 μέντοι
1467 2136 1761 2200 προχωρεῖ
1790 2134 1854 2182 τὸ
1893 2139 1992 2202 τῆς
2021 2130 2186 2201 δόξης
2213 2133 2312 2182 ἐπὶ
2338 2129 2528 2193 πλέον,

432 2218 682 2282 τοσούτῳ
723 2213 931 2281 μᾶλλον
973 2216 1068 2265 οὐκ
1106 2216 1259 2266 ἔστιν
1298 2217 1477 2266 ὕπνου
1519 2213 1732 2280 λαχεῖν·
1783 2210 1909 2266 ἀλλ’
1955 2218 2147 2285 ὥσπερ
2189 2218 2245 2267 οἱ
2284 2217 2530 2286 φρενιτί-

435 2297 638 2364 ζοντες,
679 2302 767 2352 ἀεὶ
802 2304 1085 2369 μετέωρος
1125 2299 1289 2361 οὗτος
1326 2302 1419 2351 καὶ
1455 2302 1667 2369 νύκτωρ
1705 2303 1799 2351 καὶ
1823 2293 1965 2366 μεθ’
2007 2306 2234 2372 ήμέραν.
2301 2302 2379 2372 (νὴ
2408 2293 2529 2363 Δί’,

435 2379 560 2436 ἀλλ’
604 2387 847 2447 ἐκείνους
887 2384 1027 2436 ἰδεῖν
1066 2386 1219 2436 ἔστιν
1259 2387 1392 2455 περὶ
1429 2388 1524 2436 τὸν
1577 2384 1729 2436 οἶνον
1776 2388 1870 2437 καὶ
1918 2387 2018 2447 τὰς
2068 2387 2296 2456 ἑταίρας
2332 2388 2426 2437 καὶ
2462 2387 2531 2436 τὰ

436 2467 775 2522 όπτανεῖα*’
814 2469 892 2538 τῷ
930 2473 1167 2537 τοιούτῳ
1211 2468 1269 2520 δὲ
1312 2472 1408 2521 οὐκ
1445 2472 1649 2539 ἀνάγκη
1692 2468 1837 2520 πολὺ
1875 2473 1975 2536 μὲν
2028 2472 2176 2537 ὄψον
2215 2466 2522 2539 ἀγοράζειν,
2561 2481 2610 2521 25

436 2554 614 2607 πολὺν
644 2554 701 2606 δὲ
731 2555 914 2618 οἶνον,·
942 2553 1185 2625 αὐλητὰς
1215 2553 1272 2605 δὲ
1299 2557 1392 2606 καὶ
1415 2557 1623 2621 μίμους
1648 2557 1741 2605 καὶ
1765 2556 2110 2624 κιθαριστὰς
2130 2556 2223 2605 καὶ
2241 2556 2533 2621 θαυματο-

437 2642 641 2702 ποιούς
682 2645 993 2704 συνακτέον,
1034 2642 1119 2690 ἔτι
1160 2638 1218 2691 δὲ
1247 2643 1462 2702 πύκτας
1487 2642 1581 2691 καὶ
1608 2642 2068 2710 παγκρατιαστὰς
2093 2643 2186 2691 καὶ
2212 2638 2534 2701 παλαιστὰς

435 2728 529 2777 καὶ
568 2723 794 2794 δρομεῖς
831 2728 924 2776 καὶ
961 2728 1024 2776 τὸ
1064 2733 1323 2777 τοιοῦτον
1362 2727 1551 2789 ἔθνος,
1593 2725 1651 2776 εἴ
1681 2742 1740 2793 γε
1778 2728 1852 2796 μή
1892 2723 2085 2792 μέλλει
2125 2723 2356 2796 φαύλως
2392 2723 2532 2794 μηδὲ

370 2819 400 2869 9
441 2813 680 2879 ἀγεννῶς
721 2814 1004 2862 ἑστιάσειν
1043 2814 1106 2862 τὸ
1146 2810 1390 2882 πλῆθος.
1476 2817 1733 2872 τοιοῦτος
1782 2813 1884 2877 μὲν
1921 2811 2024 2879 γὰρ
2077 2808 2259 2871 οὐδεὶς
2298 2812 2535 2860 πώποτε

580 2982 602 3021 3
635 2981 724 3024 τοῦ
754 2991 837 3034 pro
869 2973 953 3035 τὴν
983 2977 1018 3020 Ρ
1136 2977 1359 3030 πέλωπος
1390 2976 1428 3020 U
1459 2989 1516 3020 m.
1549 2990 1617 3033 pr.
1748 2979 1773 3018 6
1805 2970 1832 3020 ὃ
1866 2988 1951 3019 om.
1985 2974 2021 3018 U
2166 2977 2247 3019 καὶ
2278 2970 2467 3027 τούτοις
2499 2973 2535 3016 U

439 3052 469 3099 (ι
499 3063 527 3093 a
557 3054 692 3102 corr.)
721 3050 759 3093 B
879 3053 900 3091 7
937 3042 1023 3094 οὐκ
1055 3048 1098 3091 H
1215 3051 1239 3092 8
1271 3052 1370 3093 τῶν
1399 3061 1484 3091 om.
1520 3047 1598 3091 UB
1750 3051 1774 3091 9
1807 3042 1874 3092 ἔτι
1904 3045 1954 3092 δὲ
1983 3046 2102 3099 libri,
2131 3041 2287 3102 ἐπειδὴ
2320 3045 2452 3100 Emp.

441 3118 568 3165 ἔστιν
596 3119 710 3165 ἰδεῖν
738 3121 841 3170 (hoc
870 3119 984 3170 ord.)
1016 3119 1095 3162 PH
1186 3122 1237 3162 10
1269 3118 1618 3175 πλουσιοτὲραν
1648 3118 1683 3160 Ρ
1800 3113 1873 3163 διὰ
1904 3119 2124 3175 γλῶτταν
2152 3129 2298 3171 neque
2327 3115 2535 3170 intellego
2681 3143 2684 3211 1

444 3202 586 3245 neque
616 3193 788 3234 mutare
818 3190 985 3244 aude03
1018 3190 1096 3234 sed
1125 3190 1184 3233 ad
1204 3188 1428 3234 Neronem
1460 3194 1505 3233 et
1538 3189 1841 3233 Domitianum
1864 3190 1977 3232 haec
1998 3187 2223 3244 pertinere
2244 3186 2452 3243 suspicor

450 3264 498 3303 12
530 3261 898 3318 δυστυχέστερος
920 3261 1004 3306 HU
1025 3274 1052 3304 a
1074 3274 1208 3315 corr„
1241 3262 1358 3316 quod
1390 3261 1584 3305 fortasse
1605 3260 1949 3316 praeferendum
1981 3263 2052 3302 est
2142 3261 2191 3301 13
2223 3255 2341 3305 ἄλλο
2374 3252 2536 3304 ὁτιοῦν

446 3330 569 3374 ΒΜΡ
601 3331 662 3382 (in
695 3331 730 3374 U
766 3326 791 3375 ὃ
822 3344 851 3375 a
881 3345 995 3376 corr.
1028 3336 1271 3388 superscr.)
1390 3335 1442 3376 14
1472 3329 1772 3389 α’ποπίπλησι
1800 3330 1836 3373 Ρ
1924 3325 1986 3376 ἄν
2014 3329 2116 3373 add.
2149 3329 2283 3386 Emp.
2390 3333 2439 3372 15
2471 3325 2536 3381 εἰς

447 3396 630 3458 ὡραῖον
660 3401 866 3454 Oasaub„
899 3402 962 3455 εἰς
994 3402 1210 3460 ῥωμαῖον
1232 3403 1349 3446 ΡΗΒ
1382 3402 1449 3457 εἰς
1478 3401 1710 3463 ῥωμαίων
1729 3402 1781 3445 Μ
1810 3396 1877 3454 εἷς
1906 3399 2138 3459 ῥωμαίων
2158 3399 2198 3444 U
2222 3411 2279 3440 m·
2300 3410 2369 3453 pr·
2401 3401 2533 3445 (corr-

449 3471 513 3524 εἰς
542 3478 635 3523 -ον)
755 3475 803 3515 16
833 3474 1121 3531 θεραπεύσει
1152 3474 1194 3516 H
1311 3477 1512 3530 σμικροῦ
1545 3474 1582 3517 Β
1671 3477 1720 3516 17
1751 3471 1948 3518 κατέπιε
1977 3470 2027 3514 Μ
2060 3466 2087 3515 ὃ
2117 3469 2342 3515 κατέπιεν
2374 3466 2451 3511 UB

449 3538 569 3589 ἀλλὰ
600 3545 680 3587 καὶ
710 3542 789 3587 UB
910 3547 958 3587 18
991 3539 1056 3597 εἷς
1086 3544 1265 3598 Reiske,
1300 3540 1450 3598 οὐδεὶς
1478 3545 1581 3589 libri
1699 3547 1749 3587 21
1782 3543 1869 3600 μὲν
1899 3542 1942 3586 Η
1972 3547 2064 3592 (τοι
2094 3540 2196 3584 add.
2227 3552 2255 3582 a
2285 3542 2420 3587 corr.)

450 3613 508 3660 τὰ
539 3617 621 3671 τῆς
651 3613 730 3655 ΡΗ
874 3616 926 3656 23
959 3606 1110 3667 οὕτως
1140 3614 1214 3660 ἀεὶ
1245 3616 1326 3660 UB
1496 3620 1550 3660 24
1579 3614 1777 3662 ἐκείνων
1806 3614 1921 3660 ἰδεῖν
1950 3608 2077 3658 ἔστιν
2106 3608 2311 3657 ἕκαστον
2341 3608 2421 3653 UB

452 3689 504 3728 25
538 3679 766 3730 ὀπτάνεια
799 3683 838 3728 U
983 3690 1086 3740 post
1118 3683 1348 3733 ὀπτανεῖα
1381 3687 1547 3731 excidit
1574 3686 1882 3743 participium,
1923 3684 2066 3727 velut:
2109 3683 2422 3733 δαπανῶντας

452 3748 526 3800 ἀεὶ
558 3767 636 3809 pro
670 3749 754 3799 οὐκ
787 3753 864 3797 UB
981 3757 1033 3798 26
1062 3758 1142 3800 καὶ
1172 3759 1363 3816 δρομεῖς
1392 3763 1493 3812 post
1521 3762 1614 3802 κιθ.
1647 3757 1746 3801 add.
1779 3756 1813 3799 P
1931 3759 1983 3798 28
2009 3753 2172 3810 μέλλοι
2202 3751 2281 3796 ΡΗ
