2684 4140
322 266 428 315 230
765 259 973 305 DIONIS
1002 259 1089 304 DE
1118 255 1468 303 SERVITUTE
1497 255 1579 300 ΕΤ
1608 255 1966 301 LIBERTATE

308 406 451 477 ’τρὸς
472 406 566 456 καὶ
586 401 925 464 διδάσκαλος
945 403 1307 471 προστάττει.
1369 393 1431 451 οὗ
1459 402 1647 452 τοίνυν
1676 394 1805 452 οὐδὲ
1832 407 1954 465 τοῖς
1981 399 2177 465 ἄλλοις
2203 401 2418 467 ἔξεστιν
2436 412 2633 463 (4413111

322 494 357 541 ἃ
395 486 665 540 ἐθέλουσι
701 491 908 551 ποιεῖν,
948 479 1072 536 ἀλλ’
1117 487 1214 536 ἐάν
1252 503 1340 547 τις
1367 486 1525 556 παρὰ
1565 487 1697 547 τούς
1735 489 1941 553 νόμους
1967 488 2099 548 τοὺς
2133 492 2421 554 κειμένους

239 577 302 627 14
322 575 569 643 πράττῃ,
621 568 981 642 ζημιώσεται.
1064 563 1277 621 Οὐκοῦν
1327 571 1433 621 ὅσα
1470 572 1545 641 μὴ
1588 572 1896 640 ἀπείρηται
1932 573 2045 622 ὑπὸ
2085 577 2196 623 τῶν
2234 575 2420 639 νόμων

314 656 456 728 μηδὲ
496 661 940 727 προστέτακται,
992 657 1024 706 ὁ
1074 657 1208 725 περὶ
1249 657 1463 707 τούτων
1503 657 1642 722 ἔχων
1681 649 1850 717 αὐτὸς
1886 659 1985 727 τὴν
2025 654 2285 720 ἐξουσίαν
2323 665 2426 709 τοῦ

313 745 587 812 πράττειν
626 743 703 804 ὡς
740 739 1006 809 βούλεται
1044 741 1076 810 ἢ
1116 742 1191 811 μὴ
1233 738 1561 811 ἐλεύθερος,
1609 743 1640 792 ὁ
1679 739 1738 792 δὲ
1777 734 2104 792 τούναντίον
2144 740 2419 805 ἀδύνατος
2454 750 2479 791 5

315 825 532 888 δοῦλος.
612 827 686 877 Τί
724 824 815 889 δέ,·
855 824 966 877 οἴει
991 839 1099 876 »σοι
1137 822 1373 890 ἐξεῖναι,
1413 828 1519 876 ὅσα
1556 827 1630 896 μὴ
1673 827 1984 896 ἀπείρηται
2019 828 2120 892 μὲν
2158 828 2271 877 ὑπὸ
2310 833 2422 879 τῶν

318 915 506 979 νόμων
546 913 859 982 ἐγγράφως,
900 911 1104 981 αἰσχρὰ
1146 908 1205 962 δὲ
1233 908 1421 973 ἄλλως
1461 909 1623 962 δοκεῖ
1639 915 1762 973 τοῖς
1789 912 2128 981 ἀνθρώποις
2163 912 2258 962 καὶ
2294 913 2423 963 ἄτο-

315 1009 426 1049 πα·
469 994 608 1065 λέγω
639 994 698 1048 δὲ
727 996 849 1048 οἷον
875 994 1138 1048 τελωνεῖν
1163 997 1195 1067 ἢ
1225 997 1638 1064 πορνοβοσκεῖν
1668 998 1700 1067 ἢ
1731 995 1873 1047 ἄλλα
1911 998 2081 1063 ὅμοια
2121 999 2393 1066 πράττειν
2405 1016 2425 1060 ,·

319 1075 400 1133 Οὐ
448 1082 528 1149 μὰ
565 1082 682 1133 Δία
734 1084 911 1153 φαίην
960 1084 1029 1134 ἂν
1080 1073 1209 1134 οὐδὲ
1258 1083 1328 1134 τὰ
1379 1089 1615 1134 τοιαῦτα
1665 1080 1874 1147 ἐξεῖναι
1919 1087 2042 1145 τοῖς
2079 1079 2422 1149 ἐλευθέροις.

311 1170 406 1220 καὶ
453 1168 558 1238 γὰρ
608 1170 743 1239 περὶ
789 1171 1004 1220 τούτων
1054 1170 1339 1220 ἐπίκειται
1389 1165 1557 1239 ζημία
1606 1171 1670 1220 τὸ
1708 1169 2087 1238 μισεῖσθαιῆ
2131 1165 2418 1236 δυσχεραί-
2457 1176 2503 1218 10

232 1253 296 1305 15
317 1253 527 1306 νεσθαι
565 1254 679 1304 ’ὑπὸ
718 1259 829 1305 τῶν
868 1254 1214 1323 ἀνθρώπων.
1285 1255 1358 1305 Τί
1397 1252 1460 1305 δέ
1470 1272 1491 1316 ;
1528 1255 1652 1316 τοῖς
1690 1251 2031 1314 ἀκολάστοις
2069 1253 2424 1323 ἀνθρώποις,

316 1341 422 1390 ὅσα
461 1343 699 1389 ποιοῦσι
739 1336 832 1389 διὰ
871 1340 970 1410 τὴν
1011 1335 1348 1403 ἀκολασίαν,
1396 1340 1492 1390 καὶ
1541 1343 1663 1400 τοῖς
1702 1336 1992 1408 ἀνοήτοις,
2044 1340 2149 1389 ὅσα
2191 1335 2285 1389 διὰ
2325 1333 2424 1408 τὴν

320 1425 537 1489 ἄνοιαν,
576 1425 608 1495 ἢ
651 1416 849 1485 οὐσίας
888 1420 1223 1490 ἀμελοῦντες
1259 1425 1291 1494 ἢ
1336 1426 1599 1491 σώματος
1636 1425 1668 1494 ἢ
1711 1422 1920 1486 ἀδίκως
1955 1425 2050 1476 καὶ
2088 1425 2428 1492 ἀγνωμόνως

316 1511 783 1580 προσφερόμενοι
817 1506 1098 1578 ἀλλήλοις,
1141 1502 1202 1560 οὐ
1245 1511 1431 1561 πάντα
1470 1516 1645 1561 ταῦτα
1685 1506 1957 1580 ἐπιζήμια
1995 1513 2118 1571 τοῖς
2157 1510 2424 1561 ποιοῦσίν
2440 1522 2581 1565 (23311)
2634 1519 2665 1542 ³*

314 1595 504 1656 ἐστιν,·
539 1595 572 1663 ἢ
611 1594 715 1662 γὰρ
757 1595 839 1655 εἰς
876 1596 940 1645 τὸ
983 1600 1144 1661 σῶμα
1182 1596 1215 1664 ἢ
1257 1591 1356 1664 τὴν
1396 1589 1594 1647 οὐσίαν
1631 1598 1663 1666 ἢ
1703 1598 1766 1647 τὸ
1807 1600 2073 1663 μέγιστον
2110 1592 2209 1665 τὴν
2235 1591 2419 1665 ψυχὴν
2459 1603 2505 1645 15

314 1675 414 1748 τὴν
456 1680 639 1729 αὐτῶν
675 1676 1048 1746 βλάπτονται.
1131 1683 1312 1730 Τοῦτο
1356 1682 1459 1746 μὲν
1499 1678 1716 1750 ἀληθὲς
1767 1678 1961 1748 λέγεις.
2045 1679 2257 1732 Οὔκουν
2298 1674 2425 1731 οὐδὲ

233 1766 297 1818 16
317 1770 494 1814 ταῦτα
535 1760 722 1827 ἔξεστι
758 1759 1062 1834 πράττειν,·
1117 1757 1198 1816 Οὐ
1237 1765 1341 1834 γὰρ
1384 1765 1495 1816 οὖν.
1553 1758 1662 1817 Ἑνὶ
1700 1762 1765 1836 δὴ
1807 1764 1948 1833 λόγῳ
1989 1767 2058 1816 τά
2097 1768 2198 1831 μὲν
2239 1764 2426 1836 φαῦλα

310 1851 405 1901 καὶ
441 1850 633 1900 ἄτοπα
673 1851 769 1900 καὶ
806 1850 1114 1920 ἀσύμφορα
1167 1851 1263 1901 οὐκ
1309 1848 1494 1913 ἔξεστι
1545 1853 1846 1921 πράττειν,
1896 1851 1965 1901 τὰ
2007 1848 2065 1901 δὲ
2108 1849 2297 1902 δίκαια
2334 1853 2429 1902 καὶ

315 1938 675 2005 συμφέροντα
724 1936 820 1986 καὶ
867 1936 1063 2002 ἀγαθὰ
1106 1928 1210 2006 χρὴ
1264 1938 1445 2006 φάναι
1496 1938 1585 1987 ὅτι
1624 1938 1902 2006 προσήκει
1946 1954 2006 1987 τε
2043 1938 2138 1987 καὶ
2176 1933 2391 1999 ἔξεστιν
2407 1956 2427 1999 ,·

305 2014 458 2087 Ἐμοὶ
481 2027 612 2089 γοῦν
641 2018 808 2071 δοκεῖ.
881 2019 1095 2072 Οὐκοῦν
1125 2019 1310 2073 οὐδενὶ
1335 2024 1405 2072 τά
1444 2039 1504 2073 τε
1547 2019 1735 2092 φαῦλα
1771 2024 1866 2073 καὶ
1892 2023 2199 2093 ἀσύμφορα
2227 2026 2417 2073 ποιεῖν
2455 2030 2503 2072 20

312 2103 548 2177 ἀζήμιόν
574 2108 729 2157 ἐστιν
760 2106 886 2156 οὔτε
916 2099 1125 2176 Έλληνι
1154 2107 1280 2158 οὔτε
1306 2108 1574 2177 βαρβάρῳ
1603 2103 1634 2133 ⁹*
1656 2104 1687 2134 ᾗ
1714 2108 1839 2158 οὔτε
1865 2109 2009 2177 ὑπὲρ
2049 2110 2180 2158 ὅτου
2220 2125 2308 2168 τις
2344 2125 2426 2158 τι·

310 2193 419 2262 μὴν
469 2189 707 2243 δέδωκεν
759 2193 1055 2261 ἀργύριον,
1110 2191 1190 2243 Οὐ
1240 2194 1344 2263 γὰρ
1398 2193 1510 2244 οὖν.
1601 2194 1684 2243 Τά
1737 2191 1799 2244 δέ
1843 2209 1904 2260 γε
1961 2193 2187 2244 ἐναντία
2245 2199 2424 2243 πᾶσιν

315 2278 528 2343 ὁμοίως
567 2279 819 2348 ἐφεῖται,
858 2278 954 2328 καὶ
992 2278 1048 2327 οἱ
1084 2280 1186 2343 μὲν
1225 2278 1294 2328 τὰ
1335 2280 1607 2348 ἐφειμένα
1647 2280 1995 2348 πράττοντες
2034 2273 2264 2347 ἀζήμιοι
2304 2275 2423 2327 δια-

230 2365 293 2416 17
315 2359 589 2426 τελοῦσιν,
632 2363 688 2412 οἱ
725 2359 784 2412 δὲ
825 2362 894 2411 τὰ
932 2360 1283 2429 κεκωλυμένα
1324 2359 1668 2433 ζημιοῦνται.
1734 2361 1898 2414 ἄλλοι
1926 2363 2021 2414 οὖν
2061 2361 2291 2413 δοκοῦσί
2331 2373 2673 2416 σοι(442ΒΙΙ)·

317 2450 588 2516 πράττειν
641 2449 676 2497 ἃ
725 2444 940 2509 ἔξεστιν
989 2448 1021 2517 ἢ
1065 2450 1121 2498 οἱ
1159 2450 1534 2515 ἐπιστάμενοι
1571 2455 1769 2513 ταῦτα,
1818 2450 1912 2499 καὶ
1950 2445 2115 2498 ἄλλοι
2151 2449 2419 2499 τάναντία
2457 2457 2504 2498 25

313 2534 345 2602 ἢ
389 2534 445 2583 οἱ
482 2534 841 2600 ἀγνοοῦντες,·
896 2530 1189 2599 Οὐδαμῶς.
1272 2532 1484 2585 Οὐκοῦν
1538 2536 1594 2584 οἱ
1645 2538 1916 2605 φρόνιμοι
1967 2536 2072 2584 ὅσα
2122 2531 2426 2600 βούλονται

316 2621 605 2688 πράττειν,
634 2616 850 2681 ἔξεστιν
873 2619 1091 2680 αὐτοῖς·
1121 2621 1177 2669 οἱ
1204 2617 1262 2670 δὲ
1290 2621 1537 2690 ἄφρονες
1562 2623 1667 2670 ὅσα
1693 2617 1998 2688 βούλονται
2025 2620 2121 2669 οὐκ
2147 2616 2272 2682 ἐξὸν
2300 2621 2425 2670 ἐπι-

311 2710 568 2773 χειροῦσι
606 2705 906 2772 πράττειν·
959 2704 1105 2755 ὥστε
1153 2705 1359 2774 ἀνάγκη
1411 2707 1543 2766 τοὺς
1590 2707 1692 2771 μὲν
1740 2707 2051 2776 φρονίμους
2089 2702 2427 2774 ἐλευθέρους

315 2806 375 2839 τε
415 2788 563 2840 εἶναι
599 2790 694 2839 καὶ
731 2785 942 2851 ἐξεῖναι
980 2790 1173 2852 αὐτοῖς
1212 2794 1403 2841 ποιεῖν
1437 2792 1514 2852 ὡς
1551 2788 1839 2854 ἐθέλουσι,
1880 2791 2012 2851 τοὺς
2053 2787 2111 2839 δέ
2153 2791 2425 2859 ἀνοήτους

316 2872 550 2935 δούλους
597 2892 658 2925 τε
707 2872 853 2924 εἶναι
901 2875 995 2925 καὶ
1045 2876 1080 2924 ἃ
1123 2877 1197 2946 μὴ
1250 2872 1466 2938 ἔξεστιν
1506 2876 1726 2940 αὐτοῖς,
1774 2881 1949 2925 ταῦτα
1989 2865 2414 2936 ποιεῖν,’”Ισως.
2453 2883 2503 2925 30

232 2962 295 3014 18
324 2958 534 3011 Οὐκοῦν
581 2961 676 3010 καὶ
722 2961 821 3029 τήν
873 2957 1205 3031 ἐλευθερίαν
1239 2963 1341 3032 χρὴ
1386 2958 1563 3029 λέγειν
1602 2963 1920 3031 ἐπιστήμην
1958 2966 2069 3011 τῶν
2108 2961 2421 3029 ἐφειμένων

458 3104 478 3143 1
512 3095 681 3160 ἰατρὸς
708 3101 820 3157 (καὶ
847 3096 1146 3159 στρατηγὸς)
1175 3099 1345 3145 Reiske
1432 3096 1726 3158 προστάττει
1746 3099 1970 3153 Valesius,
2001 3098 2205 3158 πράττει
2234 3099 2338 3144 libri

315 3174 340 3214 3
372 3167 574 3229 πράττει
602 3171 644 3216 U
759 3167 823 3230 μὴ
853 3185 942 3216 om.
972 3173 1023 3217 M
1140 3177 1165 3217 5
1198 3167 1265 3226 ὡς
1293 3168 1520 3231 βούλεται
1551 3177 1596 3216 et
1626 3168 1654 3230 ἢ
1682 3167 1745 3230 μὴ
1777 3171 1906 3216 iuxta
1936 3173 2058 3217 stare
2087 3184 2179 3216 non
2207 3172 2420 3228 possunt3

313 3242 504 3286 alterum
523 3245 674 3285 utrum
703 3241 941 3287 delendum
960 3246 1030 3287 est
1147 3238 1174 3289 ὃ
1207 3256 1295 3288 om.
1318 3242 1368 3286 M
1487 3237 1513 3289 ὃ
1546 3238 1748 3297 δυνατὸς
1777 3243 1826 3286 Μ
1915 3247 1939 3285 6
1970 3243 2020 3287 τί
2049 3245 2125 3289 δαὶ
2152 3241 2271 3294 libri,
2304 3254 2421 3286 corr.

313 3311 449 3356 Dind.
565 3314 640 3357 δαὶ
671 3310 760 3358 οἴει
790 3328 869 3358 σοι
897 3313 945 3357 in
973 3326 1136 3359 rasura
1164 3314 1214 3358 M
1330 3309 1584 3373 μηνόντων
1612 3327 1698 3370 pro
1727 3314 1817 3371 μὲν
1847 3308 1941 3359 ὑπὸ
1973 3313 2023 3357 M
2155 3318 2208 3359 10
2239 3316 2310 3375 τῷ
2338 3325 2421 3369 pro

314 3378 373 3428 τὸ
404 3381 454 3425 Μ
573 3386 621 3426 11
657 3385 732 3428 δαὶ
761 3383 883 3428 UBT
1003 3389 1054 3429 16
1087 3379 1262 3432 οὐκοῦν
1289 3385 1409 3442 libri,
1440 3399 1556 3430 corr.
1578 3385 1714 3429 Dind.
1837 3388 1885 3429 17
1919 3383 1980 3431 τὰ
2009 3380 2072 3444 μὴ
2104 3386 2262 3441 φαῦλα
2295 3379 2336 3424 U

317 3456 371 3496 20
404 3443 491 3500 οὖν
518 3452 570 3498 Μ
600 3457 699 3510 (pro
730 3456 863 3512 γοῦν)
951 3447 1239 3515 ἀσύμφορον
1267 3456 1317 3499 Μ
1413 3460 1462 3500 21
1497 3451 1702 3515 ἀζήμιόν
1731 3453 1879 3502 ἐστινε
1912 3456 2126 3512 exspecto
2158 3449 2338 3507 ἔξεστιν

317 3527 369 3567 ut
399 3523 572 3568 Graeco
603 3524 840 3580 barbarus,
868 3525 933 3569 ita
960 3525 1028 3570 illi
1059 3528 1135 3582 qui
1164 3527 1361 3583 pecunia
1390 3531 1568 3584 emptus
1599 3529 1682 3583 est,
1712 3531 1889 3583 emptor
1920 3526 1989 3570 vel
2018 3523 2224 3569 dominus
2255 3522 2422 3579 opponi

316 3594 474 3640 debuit
615 3598 669 3638 22
700 3589 931 3656 ἀργύριον
960 3596 1046 3642 del.
1079 3597 1279 3643 Cobetus
1311 3598 1360 3643 C.
1392 3598 1465 3642 Cr.
1497 3613 1543 3655 p.
1576 3602 1627 3642 67
1797 3601 1850 3642 23
1881 3594 2080 3656 ἐφιμένα
2111 3594 2161 3638 Μ
2306 3595 2360 3636 26
2393 3592 2422 3651 ἢ

320 3679 408 3711 om.
438 3665 489 3710 M
577 3667 628 3710 27
664 3658 757 3712 ὅσα
787 3667 961 3723 scripsi,
993 3661 1023 3713 δὲ
1052 3668 1180 3724 1ibri3
1214 3684 1275 3715 οσ
1304 3669 1470 3714 excidit
1498 3673 1685 3726 propter
1716 3685 1766 3723 ες
1794 3667 2004 3713 vocabuli
2034 3664 2344 3711 antecedentis

323 3741 372 3781 31
410 3735 675 3796 ἐφιεμένων
702 3738 820 3792 libri,
849 3750 967 3783 corr.
998 3737 1165 3783 Reiske
