2684 4140
349 230 450 278 130
1114 221 1318 267 DIONIS
1347 218 1665 287 ACHILLES.

352 374 540 437 ὥσπερ
580 369 647 417 τὰ
686 367 863 435 θηρία
875 384 895 427 ,·
940 362 1106 434 ἦπου,
1146 365 1283 433 ἔφη,
1323 361 1717 433 ἀνδρειοτέρας
1752 367 1858 432 ήγῇ
1895 362 1996 422 τὰς
2033 366 2310 428 γυναῖκας,
2349 365 2437 413 ὅτι

345 455 610 520 ἐγγύτατα
639 452 911 516 μάχονται
937 451 1321 499 ἐπιπεσοῦσαι
1348 445 1615 518 ἀλλήλαις
1626 467 1645 509 ,·
1774 449 1804 497 ὁ
1845 444 1903 497 δὲ
1938 439 2224 510 Ἀχιλλεύς
2261 453 2435 497 ταῦτα

350 538 563 586 ἀκούων
591 535 704 598 ἅμα
732 534 924 598 θυμοῦ
945 534 1038 583 καὶ
1066 530 1318 600 δακρύων
1344 529 1734 597 ἐνεπίμπλατο
1760 533 1854 582 καὶ
1879 533 1975 582 τὸν
2001 532 2266 598 Χείρωνα
2293 529 2437 581 ἐλοι-

346 619 499 688 δόρει
535 619 628 668 καὶ
678 618 772 667 οὐκ
819 618 928 685 ἔφη
980 609 1121 685 παρ’
1178 614 1326 683 αὐτῷ
1376 621 1590 681 μενεῖν,
1642 610 1768 666 ἀλλ’
1823 617 1905 678 εἰς
1959 617 2154 666 Φθίαν
2204 616 2438 690 ἀπιέναι

344 703 498 770 παρὰ
536 704 631 752 τὸν
670 705 887 767 πατέρα
924 702 1018 751 καὶ
1055 693 1200 769 παρ’
1244 702 1432 768 ἐκείνῳ
1462 699 1912 752 παιδεύσεσθαι·
1955 698 2100 751 πολὺ
2127 701 2229 771 γὰρ
2256 702 2431 770 κρείτ·
2469 714 2494 753 5

343 805 476 838 τονα
537 786 683 837 εἶναι
731 788 826 836 τὸν
877 783 1073 855 Πηλέα
1136 792 1239 836 τοῦ
1282 787 1576 853 Χείρωνος
1636 788 1730 836 καὶ
1789 786 1885 835 οὐκ
1918 785 2091 841 λ,εἶναι
2143 788 2438 856 σοφιστήν,

347 873 536 940 ὥσπερ
578 873 609 921 ὁ
644 872 887 939 Χείρων.
971 867 1037 940 ἦν
1078 868 1136 921 δὲ
1176 872 1261 922 ἔτι
1300 875 1440 933 παῖς
1494 873 1524 921 ὁ
1556 864 1839 936 Ἀχιλλεὺς
1889 868 2112 922 οὐδέπω
2162 871 2438 941 ἡβάσκων.

280 961 309 1010 3
349 958 484 1018 Πῶς
525 956 636 1020 οὖν,
676 956 803 1026 ἔφη,
841 956 1107 1025 κρείττων
1147 958 1223 1007 ὢν
1264 957 1360 1006 οὐκ
1400 957 1566 1018 αὐτὸς
1605 954 1867 1007 παιδεύει
1908 969 1968 1006 σε
1980 949 2163 1018 ,·(Ὀτι,
2209 956 2338 1026 ἔφη,
2378 956 2441 1006 οὐ

346 1038 510 1112 σχολὴ
534 1039 698 1108 αὐτῷ.
725 1033 858 1091 Ὑπὸ
881 1047 983 1091 τοῦ
993 1031 1159 1102 {Yam
1181 1048 1279 1111 τῆς
1290 1039 1599 1104 βασιλείας.
1630 1043 1913 1111 Διαφέρει
1934 1041 2028 1091 οὖν
2049 1059 2105 1091 τι
2123 1037 2443 1107 βασιλεύειν

280 1167 282 1169 v
344 1128 374 1196 ἢ
417 1124 740 1188 παιδεύειν,·
777 1112 937 1177 Πολύ
976 1142 1051 1193 γε.
1131 1128 1196 1176 σύ
1238 1124 1300 1177 δέ
1335 1143 1437 1192 μοι
1480 1125 1651 1188 δίδως
1689 1131 1854 1197 κέρας
1893 1145 1949 1178 τι
1985 1128 2079 1177 καὶ
2116 1132 2308 1195 νεῦρον
2345 1127 2438 1176 καὶ
2477 1138 2521 1180 10

344 1212 513 1282 μικρὰ
556 1209 782 1282 σιδήρια
822 1213 920 1262 ἐπὶ
959 1209 1190 1274 λεπτοῖς
1244 1209 1553 1276 δονακίοις,
1608 1214 1799 1281 ὥσπερ
1851 1213 2089 1280 ὄρνιθας
2135 1212 2439 1281 θηρεύσειν
2465 1200 2674 1268 (302311).

348 1294 627 1362 μέλλοντι,
669 1297 764 1346 οὐκ
803 1293 1073 1367 ἀνδράσιν
1114 1293 1239 1347 οὐδὲ
1279 1297 1512 1366 θηρίοις
1548 1299 1879 1363 μαχεῖσθαι.
1955 1298 2111 1367 γνοίη
2155 1290 2208 1347 δ’
2252 1298 2319 1347 ἄν
2357 1313 2445 1357 τις
2666 1307 2667 1310 ’

350 1384 448 1452 τὴν
474 1376 790 1451 ἀθλιότητα
811 1379 838 1408 *
859 1384 963 1432 ὅσα
985 1382 1053 1431 τὰ
1075 1379 1241 1445 ὅπλα,
1270 1380 1328 1432 εἴ
1347 1384 1673 1451 ποτε-ἐγγὺς
1697 1386 1915 1449 γένοιτο
1941 1384 2034 1432 καὶ
2060 1383 2443 1451 ἀναγκασθείη

353 1467 543 1527 αὐτοῖς
593 1467 651 1515 ἐκ
700 1468 889 1535 χειρὸς
935 1467 1241 1531 μάχεσθαι.
1330 1464 1470 1517 ἀλλὰ
1525 1465 1618 1539 δεῖ
1670 1465 2085 1537 δραπετεύοντα
2135 1469 2442 1534 μάχεσθαι,

353 1551 703 1621 φοβούμενον
739 1552 833 1601 καὶ
861 1548 1279 1620 φυλαττόμενον
1307 1554 1464 1613 ὅπως
1489 1550 1630 1622 μηδὲ
1659 1553 2002 1622 ὀφθήσεται,
2045 1554 2237 1622 ὥσπερ
2275 1555 2441 1604 κακὸν
2481 1563 2526 1604 15

351 1633 736 1703 ἀνδράποδον·
777 1638 837 1696 ὅς
874 1652 934 1702 γε
975 1633 1101 1686 οὐδὲ
1142 1637 1482 1697 ἀποκτείνας
1524 1635 1821 1687 σκυλεύσαι
1860 1638 1926 1688 ἂν
1967 1636 2093 1688 οὐδὲ
2122 1639 2450 1708 ὀφθήσεταί

352 1736 494 1770 ποτε
523 1712 842 1787 ᾑμαγμένος
870 1713 976 1768 ἀπ’
1010 1717 1213 1785 ἀνδρὸς
1240 1721 1464 1789 ἐχθροῦ.
1516 1728 1749 1771 τοιαῦτα
1780 1719 2064 1783 διδάσκεις
2088 1740 2173 1788 με,
2202 1721 2449 1785 τοξεύειν

350 1806 442 1855 καὶ
478 1800 822 1873 κιθαρίζειν·
863 1802 1060 1874 πρῴην
1102 1802 1164 1854 δέ
1202 1820 1344 1855 ποτε
1370 1806 1464 1855 καὶ
1491 1801 1649 1874 ῥίζας
1677 1805 1943 1875 ὀρύττειν,
1986 1808 2178 1875 ὥσπερ
2207 1809 2268 1857 αἱ
2308 1825 2449 1878 φαρ-

284 1892 316 1940 4
353 1887 598 1956 μακίδες.
674 1888 817 1941 Οὐδὲ
857 1892 919 1940 τὸ
963 1891 1227 1940 ἱππεύειν
1266 1891 1490 1960 ἀρέσκει
1520 1904 1581 1941 σε
1592 1909 1612 1953 ,·
1649 1892 1891 1961 ἐπήρετο
1932 1893 2099 1943 αὐτὸν
2138 1894 2169 1942 o‘
2204 1893 2446 1962 Χείρων.

357 1971 498 2025 Οὐδὲ
553 1976 648 2038 σύ,
689 1975 826 2044 ἔφη,
880 1975 1135 2043 ἀρέσκεις
1180 1992 1250 2041 με
1299 1977 1557 2037 τοιοῦτος
1608 1977 1700 2027 ὤν.
1789 1975 1972 2039 δοκεῖς
2019 1979 2122 2047 γάρ
2160 1994 2262 2043 μοι
2299 1982 2443 2028 ἑτοι-
2481 1989 2530 2029 20

351 2062 585 2128 μότερος
625 2058 771 2110 εἶναι
811 2062 1036 2130 φεύγειν
1073 2061 1105 2130 ἢ
1145 2064 1348 2126 μένειν.
1494 2063 1588 2113 καὶ
1627 2063 1657 2111 o‘
1692 2064 1919 2132 Χείρων
1959 2063 2251 2132 ὀργισθεὶς
2296 2061 2444 2130 αὐτῷ
2469 2075 2615 2118 (574111)

352 2146 446 2196 καὶ
496 2147 606 2196 ὑπὸ
657 2152 755 2215 τῆς
804 2147 969 2216 ὀργῆς
1020 2143 1226 2216 φρίξας
1282 2148 1380 2217 τὴν
1424 2148 1652 2217 χαίτην,
1714 2149 1807 2198 καὶ
1862 2145 2201 2216 ὑποβλέψας
2249 2145 2449 2211 δεινόν,

357 2231 547 2298 ὥσπερ
589 2231 877 2301 ἀστραπή,
915 2228 1081 2296 μόλις
1121 2229 1179 2282 δὲ
1220 2232 1568 2298 ἀπεχόμενος
1616 2239 1719 2282 τοῦ
1751 2234 1824 2303 μὴ
1867 2237 2079 2283 παῖσαι
2118 2234 2311 2296 αὐτόν,
2363 2235 2451 2283 ὅτι

289 2318 318 2364 5
360 2313 628 2366 διενοεῖτο
668 2317 795 2384 ἐρᾶν
836 2317 1031 2379 αὐτοῦ,
1073 2299 1136 2367 Ὦ
1171 2319 1366 2381 κακόν,
1417 2318 1554 2387 ἔφη,
1605 2321 1845 2387 γέννημα
1883 2319 1976 2368 καὶ
2012 2318 2203 2387 θρασὺ
2240 2319 2451 2387 μητρὸς

355 2397 696 2464 θαλασσίας,
736 2402 769 2470 η’
811 2414 873 2452 σε
908 2407 1089 2463 κακῶς
1129 2399 1430 2472 διέφθειρε
1469 2409 1709 2472 φυσῶσα
1748 2404 1847 2453 ἐπὶ
1872 2401 1952 2470 τῷ
1988 2406 2160 2470 γένει·
2202 2401 2348 2453 πολύ
2387 2419 2446 2470 γε
2485 2415 2530 2456 25

354 2487 460 2555 μὴν
497 2487 688 2544 κάκιον
727 2488 932 2556 ταύτης
972 2488 1002 2536 0‘
1052 2489 1238 2558 πατὴρ
1295 2485 1658 2557 διηγούμενος
1708 2490 1785 2550 ὡς
1832 2490 2084 2558 ὕμνησαν
2137 2490 2310 2539 αὐτοῦ
2356 2490 2452 2538 τὸν

356 2572 532 2637 γάμον
571 2571 626 2620 οἱ
663 2571 823 2621 θεοί”
866 2573 957 2622 σοὶ
987 2569 1045 2622 δὲ
1077 2572 1201 2623 οὔτε
1231 2570 1525 2642 θαλάττης
1554 2573 1678 2624 οὔτε
1709 2574 1949 2642 οὐρανοῦ
1974 2575 2250 2643 προσήκει
2277 2571 2450 2624 οὐδέν.
2498 2615 2501 2617 .

362 2655 507 2724 φημὶ
545 2652 606 2705 δέ
646 2669 706 2706 σε
746 2656 851 2723 ἐγὼ
908 2653 1216 2722 πολεμικὸν
1255 2660 1357 2723 μὲν
1398 2655 1672 2709 οὐδέποτε
1711 2660 1970 2723 ἔσεσθαι,
2013 2656 2195 2721 δόξειν
2237 2656 2294 2709 δὲ
2333 2663 2455 2720 τοῖς

502 2894 525 2934 3
557 2884 769 2944 ἀκούσας
799 2890 841 2934 Η
904 2874 906 2876 ¹
1008 2889 1302 2939 ἐνεπίπλατο
1334 2892 1377 2936 Η
1406 2890 1539 2939 ἐνεπι
1559 2910 1595 2938 z:
1616 2896 1771 2940 πλᾶτο
1803 2895 1838 2938 Ρ
1870 2897 1926 2949 (c.
1957 2897 2064 2949 ras.)
2094 2894 2452 2952 ἐνεμπίμπλατο

361 2961 480 3014 (sicl)
511 2960 560 3003 M
689 2966 716 3006 4
744 2961 903 3018 μένειν
934 2962 1066 3007 MBU
1096 2976 1154 3009 m.
1187 2977 1255 3019 pr.
1399 2960 1518 3011 ἀλλὰ
1550 2964 1644 3008 MH
1790 2970 1814 3009 5
1846 2962 2155 3012 παιδεύεσθαι
2183 2966 2302 3022 libri,
2335 2979 2452 3010 corr.

362 3030 497 3075 Dind.
545 3033 549 3036 ’
613 3035 638 3075 9
670 3026 787 3078 αὐτὸ
822 3033 856 3076 Ρ
886 3041 943 3077 m.
974 3047 1045 3090 pr.
1161 3029 1256 3080 ὑπό
1289 3051 1376 3081 του
1405 3034 1501 3089 UB,
1533 3048 1621 3080 om.
1653 3035 1732 3079 PH
1853 3028 1938 3083 οὖν
1966 3037 2015 3082 τί
2043 3038 2081 3082 Β
2232 3041 2282 3081 10
2314 3035 2371 3083 σύ
2400 3053 2455 3096 γε

364 3101 496 3145 UBM
610 3099 782 3161 νευρὰν
813 3104 854 3147 Η
884 3108 1057 3165 νευράν
1088 3105 1123 3148 Ρ
1215 3110 1262 3149 11
1297 3106 1474 3166 σμικροὶ
1508 3107 1546 3151 Β
1631 3103 1851 3167 θηρεύειν
1883 3107 1920 3151 Β
2029 3111 2081 3152 12
2111 3107 2304 3165 μέλοντι
2334 3106 2370 3151 Ρ

365 3173 502 3230 γνοίη
530 3196 584 3203 -
621 3178 667 3217 13
698 3171 783 3231 τὴν
812 3188 897 3219 om.
922 3177 984 3230 M,
1014 3176 1137 3221 vocis
1166 3171 1433 3236 ἀθλιότητα
1463 3177 1576 3222 nihil
1597 3178 1763 3224 mansit
1793 3179 1879 3223 nisi
1902 3170 1977 3225 ὅτι
2007 3174 2067 3225 τὰ
2187 3182 2239 3223 13
2272 3170 2364 3225 ὅσα
2396 3175 2455 3224 τὰ

370 3234 495 3287 ὅπλα
524 3241 656 3287 UBM
687 3247 784 3289 τῶν
815 3237 980 3292 ὅπλων
1010 3247 1090 3291 ΡΗ
1126 3239 1243 3306 ὅσην
1274 3244 1371 3307 ἔχει
1401 3244 1459 3296 τὰ
1497 3240 1622 3295 ὅπλα
1654 3249 1752 3294 cod.
1777 3250 1821 3303 S,
1852 3250 2058 3307 speciosa
2087 3262 2195 3294 sane
2213 3249 2456 3305 interpola-

367 3311 517 3367 tione3'
540 3312 647 3355 mihi
675 3326 826 3358 verum
855 3316 1056 3361 videtur:
1093 3309 1183 3378 ὅση
1212 3322 1310 3364 τῶν
1341 3311 1506 3365 ὅπλων
1598 3324 1648 3364 14
1678 3321 2040 3380 δραπετέβοντα
2071 3321 2106 3364 Ρ
2213 3325 2261 3364 15
2292 3311 2457 3378 ὥσπερ

367 3406 425 3414 -
459 3386 510 3426 16
542 3377 809 3442 ὀφθήσεται
832 3399 925 3446 νοιῐι.
958 3388 996 3431 Β
1134 3393 1184 3434 16
1214 3390 1386 3435 malim:
1420 3383 1546 3437 ὥστε
1575 3404 1659 3448 pro
1690 3384 1746 3446 ὃς
1774 3408 1829 3450 γε
1973 3392 2224 3437 σκυλεῦσαι
2253 3387 2344 3434 ΒΜ

377 3458 420 3498 17
454 3448 552 3500 ἀπὸ
586 3454 624 3498 Β
741 3459 790 3498 18
822 3454 977 3516 πρόην
1006 3459 1041 3502 Ρ
1157 3463 1453 3520 φαρμακίδες
1481 3460 1724 3517 ἐδίδασκες
1752 3462 1834 3506 ΡΗ
1981 3465 2031 3506 19
2061 3460 2278 3520 ὶππέβειν
2305 3459 2342 3502 Ρ

371 3541 450 3571 σοι
479 3538 561 3581 pro
585 3540 638 3571 σε
661 3525 740 3570 BU
761 3538 819 3570 m.
841 3541 912 3583 pr.
1000 3532 1053 3574 20
1073 3547 1156 3586 μοι
1187 3545 1269 3588 pro
1300 3550 1360 3590 με
1389 3534 1431 3579 U
1461 3547 1520 3578 m.
1542 3547 1612 3590 pr.
1702 3536 1755 3578 23
1785 3533 1977 3580 παίσειν
2006 3529 2179 3578 UMPH
2210 3537 2374 3577 πεσεῖν
2402 3530 2456 3586 Β,

371 3608 487 3640 corr.
517 3594 647 3652 Emp.
767 3589 918 3652 οὕτως
945 3612 1028 3655 pro
1061 3592 1135 3646 ὅτι
1164 3601 1245 3647 UB
1362 3607 1415 3647 25
1447 3596 1543 3651 ὦσε
1573 3604 1611 3648 Ρ
1727 3608 1779 3649 27
1812 3600 1869 3651 σὺ
1898 3602 1946 3650 δὲ
1975 3603 2011 3646 Β
2102 3595 2311 3660 οὐρανοῦ
2341 3612 2456 3646 corr.

370 3674 426 3711 ex
444 3659 719 3725 ’ἀνθρώπου
747 3667 789 3712 U
1894 3668 1896 3670 ’
