2684 4140
326 249 430 297 200
991 238 1198 290 Dloms
1227 238 1313 287 DE
1343 235 1751 288 DIFFIDENTIA

324 393 486 450 θους.
575 390 632 440 οἱ
680 388 740 441 δὲ
790 386 925 438 θεοὶ
969 384 1379 455 καταγελῶσιν,
1439 383 1654 448 εἰδότες
1704 389 1791 438 ὅτι
1833 389 2033 440 ἑαυτὸν
2072 386 2424 461 ἐξηπάτησεν

323 467 420 525 ἐπ’
473 470 621 540 ἄλλῳ
673 473 1076 542 ποιησάμενος.
1179 473 1236 522 οἱ
1283 472 1745 539 προσπταίοντες
1793 474 1852 524 ἐν
1899 477 2026 535 ταῖς
2075 472 2231 537 ὁδοῖς
2277 477 2310 546 ἢ
2361 479 2422 548 νὴ
2650 523 2654 544 ⁶

319 559 435 610 Δία
473 559 817 624 ἐμπεσόντες
863 557 946 618 εἰς
995 553 1177 627 πηλὸν
1227 557 1260 627 ἢ
1299 557 1519 626 βόθρον
1572 557 1667 607 οὐκ
1706 553 2024 627 ὀργίζονται
2067 563 2190 621 τοῖς
2229 557 2422 623 λίθοις
2447 578 2600 624 164311)

321 645 353 713 ἢ
395 641 473 710 τῷ
513 639 708 712 πηλῷ·
746 638 951 703 τελέως
986 642 1090 711 γὰρ
1131 642 1199 692 ἂν
1237 637 1381 711 ἦσαν
1421 639 1803 712 ἀπόπληκτοι,
1846 640 1973 694 δέον
2013 644 2216 706 αὐτούς
2243 645 2425 696 αἰτιᾶ-

233 737 301 788 23
326 728 470 778 σθαι
504 728 599 778 καὶ
633 728 697 778 τὸ
735 728 809 797 μή
851 730 1168 797 προσέχειν.
1324 727 1384 778 τί
1420 725 1547 790 οὖν,·
1587 728 1759 798 φήσει
1795 744 1900 792 τις,
1941 725 2034 780 δεῖ
2051 730 2262 800 θηρίου
2300 731 2426 797 βίον
2463 738 2488 779 5

320 812 738 882 προαιρεῖσθαι
774 812 870 863 καὶ
907 807 1001 882 ζῆν
1039 812 1278 882 ἔρημον;
1328 812 1391 862 οὐ
1439 812 1680 883 θηρίου,
1731 805 1859 864 ἀλλ’
1904 810 2108 884 ἀνδρὸς
2148 817 2427 884 φρονίμου

319 899 413 948 καὶ
451 893 546 968 ζῆν
584 895 861 969 ἀσφαλῶς
898 899 1299 964 ἐπισταμένου.
1364 895 1513 948 πολὺ
1551 898 1655 967 γὰρ
1695 895 2095 969 ἀσφαλεστέρα
2132 901 2227 951 καὶ
2250 901 2429 970 κρείτ-

317 1000 429 1035 των
465 987 498 1054 ή
539 984 744 1054 ἐρημία
782 990 882 1055 τῆς
920 985 1067 1053 πρὸς
1093 983 1443 1053 ἀνθρώπους
1467 984 1785 1047 κοινωνίας,
1825 983 1922 1034 ἐὰν
1957 981 2138 1046 ἀδεῶς
2174 985 2430 1055 γίγνηται

315 1071 410 1121 καὶ
442 1071 616 1139 χωρὶς
650 1074 854 1121 κοινῶν
901 1075 1204 1141 προσοχῆς.
1293 1070 1486 1138 ὥσπερ
1539 1067 1703 1135 οἶμαι
1753 1073 1876 1131 τοῖς
1925 1066 2166 1120 πλέουσι
2214 1072 2277 1121 τὸ
2330 1073 2429 1121 πέ-

321 1153 489 1224 λαγος
534 1159 810 1227 συμφέρει
858 1153 1070 1223 μᾶλλον
1117 1163 1217 1227 τῆς
1264 1162 1389 1226 γῆς,
1441 1156 1493 1206 εἰ
1540 1155 1615 1226 μή
1667 1172 1756 1217 τις
1804 1156 1863 1206 ἐν
1913 1153 2072 1224 εὐδίᾳ
2123 1153 2293 1206 πλέοι
2338 1157 2434 1207 καὶ
2472 1163 2519 1205 10

323 1247 524 1313 σαφῶς
573 1239 741 1304 εἰδὼς
790 1243 922 1304 τοὺς
970 1244 1212 1303 τόπους·
1263 1242 1321 1292 ἐν
1369 1242 1472 1308 μὲν
1522 1241 1626 1311 γὰρ
1665 1239 1746 1308 τῷ
1797 1238 2034 1309 πελάγει
2086 1243 2329 1292 σπάνιον
2379 1239 2438 1292 εἴ

321 1341 435 1378 που
486 1324 776 1398 διεφθάρη
828 1332 989 1391 ναῦς,
1052 1329 1199 1398 πρὸς
1248 1325 1307 1378 δὲ
1358 1331 1484 1389 ταῖς
1534 1328 1736 1389 ἀκταῖς
1782 1328 1878 1378 καὶ
1925 1328 2059 1397 περὶ
2106 1327 2209 1389 τὰς
2257 1327 2431 1397 ἄκρας

233 1418 304 1471 24
326 1410 470 1465 ἰδεῖν
516 1413 640 1465 ἔστι
687 1414 757 1464 τὰ
806 1415 1061 1481 ναυάγια.
1148 1419 1472 1483 τοιγαροῦν,
1523 1415 1656 1464 ὅταν
1702 1414 1914 1479 χειμὼν
1951 1410 2270 1482 καταλάβῃ,
2318 1417 2431 1463 τῶν

319 1501 422 1567 μὲν
461 1501 714 1568 ἀπείρων
752 1501 986 1561 ἕκαστος
1024 1500 1312 1565 ἐπιθυμεῖ
1339 1505 1439 1570 τῆς
1474 1506 1591 1570 γῆς,
1631 1500 1663 1549 ὁ
1701 1496 1760 1549 δέ
1797 1499 2135 1569 κυβερνήτης
2174 1500 2251 1560 ὡς
2289 1514 2430 1567 πορ-

322 1588 558 1655 ρωτάτω
601 1587 811 1656 φεύγει.
885 1585 1075 1636 καίτοι
1114 1582 1344 1651 λιμένας
1380 1586 1481 1651 μὲν
1521 1586 1678 1655 εὕροι
1715 1602 1803 1647 τις
1851 1586 1918 1636 ἂν
1963 1582 2297 1648 ἀκλύστους,
2349 1581 2435 1644 οἷς
2474 1589 2523 1631 15

325 1672 511 1723 ἔνεστι
560 1671 980 1731 πιστεύσαντας
1033 1667 1311 1740 ἀσφαλῶς
1361 1671 1581 1739 ὁρμεῖν,
1629 1667 1822 1739 ἡλίκον
1871 1671 1938 1721 ἄν
1994 1685 2136 1721 ποτε
2175 1670 2331 1740 ἀρθῇ
2368 1668 2432 1719 τὸ

324 1762 574 1823 πνεῦμα·
622 1761 735 1807 τῶν
775 1753 834 1807 δὲ
877 1755 1207 1825 ἀνθρώπων
1247 1755 1304 1806 οἱ
1349 1757 1728 1825 μετριώτατοι
1774 1760 1896 1817 τοῖς
1943 1757 2202 1826 θερινοῖς
2239 1756 2437 1824 ὅρμοις

328 1844 598 1907 ἐοίκασιν,
640 1843 847 1904 οἵτινες
884 1843 1032 1912 πρὸς
1069 1843 1133 1892 τὸ
1174 1843 1360 1912 παρὸν
1403 1845 1705 1893 σκέπουσι·
1751 1843 2020 1893 κάκείνων
2057 1842 2161 1911 γὰρ
2202 1839 2436 1900 ἕκαστος

325 1931 472 1998 πρὸς
510 1931 567 1980 ἐν
606 1946 663 1979 τι
699 1934 812 1980 τῶν
848 1928 990 1978 κατὰ
1029 1929 1126 1978 τὸν
1164 1929 1291 1995 βίον
1330 1929 1602 1998 ἐπιεικής,
1643 1928 1706 1978 ού
1744 1932 1940 1994 μέντοι
1965 1929 2060 1979 καὶ
2085 1929 2232 1997 πρὸς
2257 1922 2434 1976 τᾶλλα

327 2017 583 2084 ὑπάρχει.
642 2015 944 2085 χρημάτων
968 2014 1070 2079 μὲν
1107 2014 1211 2083 γὰρ
1239 2016 1418 2064 ἕνεκεν
1458 2011 1619 2065 οὐδέν
1648 2027 1709 2065 σε
1736 2011 2054 2089 ἀδικήσειεν
2091 2009 2243 2080 <ἄν>·
2283 2012 2428 2063 ἔστω
2468 1990 2657 2078 2()(⁴“}14²,R

325 2102 429 2171 γὰρ
470 2099 620 2152 εἷναί
659 2117 786 2151 τινα
825 2105 1112 2150 τοιοῦτον·
1160 2096 1302 2149 ἀλλὰ
1340 2092 1470 2164 τάχ’
1514 2100 1582 2150 ἂν
1622 2100 1788 2170 ὀργῆς
1825 2089 1859 2169 ἢ
1901 2096 2234 2170 φιλοτιμίας
2269 2115 2437 2149 κατα-

330 2184 612 2256 λαβούσης
660 2186 757 2236 οὐκ
794 2185 862 2235 ἂν
900 2183 1194 2254 ἐπιγνοίης
1233 2184 1400 2235 αὐτὸν
1440 2181 1750 2235 ἀσάλευτον
1787 2186 1882 2235 καὶ
1920 2186 2158 2236 πιστόν·
2211 2181 2381 2245 ἄλλος
2408 2179 2438 2210 *

328 2273 442 2324 ὑπὸ
481 2269 723 2342 μηδενὸς
761 2270 994 2331 πάθους
1029 2271 1373 2336 κινούμενον,
1413 2262 1514 2340 ἐφ’
1558 2262 1604 2338 ᾦ
1641 2288 1728 2331 τις
1767 2271 1835 2322 ἂν
1862 2276 2167 2321 πιστεῦσαι
2193 2269 2439 2336 βεβαίως

245 2362 313 2415 25
337 2354 582 2410 δύναιτο.
660 2357 855 2407 οὐκοῦν
892 2359 1015 2417 τοῖς
1051 2372 1111 2423 γε
1149 2357 1434 2417 τοιούτοις
1472 2358 1605 2406 ὅσον
1642 2357 1755 2407 ὑπὸ
1806 2357 2046 2426 ἀνάγκης
2093 2357 2188 2408 καὶ
2234 2352 2439 2415 τελέως

334 2441 522 2512 ὀλίγον
574 2441 668 2494 δεῖ
692 2440 975 2513 χρῆσθαι,
1024 2443 1087 2491 τὸ
1128 2438 1303 2492 πλέον
1343 2442 1511 2492 αὐτὸν
1550 2443 1890 2511 ἐγρηγορότα
1927 2444 2022 2493 καὶ
2061 2438 2433 2513 φυλάττοντα,
2471 2445 2519 2487 25

333 2532 411 2592 ὡς
447 2531 579 2591 τοὺς
611 2522 871 2595 Ἀχαιοὺς
907 2530 1003 2579 τὸν
1029 2520 1262 2594 Ἕκτορά
1304 2541 1479 2598 φησιν
1520 2529 1548 2577 ό
1589 2528 1866 2597 ποιητής·

1188 2614 1219 2663 ὁ
1257 2610 1316 2663 δὲ
1358 2611 1538 2683 ἰδρείῃ
1579 2611 1859 2679 πολέμοιο

591 2697 799 2751 ἀσπίδι
837 2699 1064 2768 ταυρείῃ
1102 2695 1516 2765 κεκαλυμμένος
1556 2699 1751 2769 εὐρέας
1790 2700 1979 2764 ὤμους

594 2778 853 2836 σκέπτετ’
899 2786 1105 2835 ὀϊστῶν
1143 2801 1204 2835 τε
1243 2780 1432 2854 ῥοῖζον
1469 2787 1564 2836 καὶ
1604 2782 1817 2835 δοῦπον
1857 2786 2104 2835 ἀκόντων

482 2955 501 2997 1
535 2949 824 3012 ἐξηπάτησεν
855 2947 1029 2998 ἑαυτὸν
1058 2950 1162 3006 (hoc
1193 2949 1311 3004 ord.)
1339 2950 1382 2994 H
1492 2954 1520 2995 4
1551 2953 1660 3012 πλῷ
1688 2950 1738 2995 Μ
1825 2955 1850 2995 5
1882 2969 1950 3014 τῳ
1981 2963 2066 3007 pro
2097 2951 2154 2996 τὸ
2178 2949 2218 2993 Β
2305 2944 2444 3008 φήσει

336 3041 406 3078 τις
424 3023 506 3069 ΡΗ
536 3023 676 3084 φήσει
705 3027 810 3079 (0111.
843 3026 927 3078 τις)
949 3023 997 3066 Μ
1026 3039 1097 3077 τις
1125 3022 1264 3082 φήσει
1285 3020 1367 3068 UB
1455 3026 1481 3067 6
1515 3016 1633 3069 ἀλλὰ
1658 3022 1708 3066 Μ
1796 3026 1819 3066 7
1842 3029 2066 3083 κρεῖττον
2085 3021 2127 3066 U
2147 3034 2206 3065 m.
2228 3033 2297 3077 pr.
2319 3020 2359 3064 B

339 3099 363 3139 8
386 3092 511 3155 πρὸς
530 3094 642 3149 τούς
662 3092 743 3139 PH
829 3093 1001 3149 ἐνδεῶς
1020 3094 1061 3140 U
1081 3108 1138 3138 m.
1159 3107 1229 3152 pr.
1317 3095 1500 3153 γίνηται
1520 3093 1602 3137 ΡΗ
1687 3097 1713 3138 9
1733 3095 1912 3139 κοινῶν
1931 3091 2061 3136 ΡΗΜ
2080 3092 2330 3139 κοινωνῶν
2349 3090 2446 3145 UB,

339 3166 459 3211 delet
486 3164 609 3223 Wil.‚
639 3168 859 3224 νομίμων
889 3164 1033 3212 Bethe
1175 3167 1256 3212 καὶ
1287 3157 1450 3223 ὥσπερ
1478 3164 1561 3210 UB
1698 3168 1752 3208 10
1783 3163 1827 3211 εἰ
1854 3157 1908 3222 δή
1937 3181 2008 3218 τις
2036 3164 2119 3209 ΡΗ
2238 3166 2288 3207 12
2320 3166 2445 3221 διεφ-

340 3233 470 3297 θάρη
500 3236 649 3294 Emp.,
679 3241 923 3298 διαφθαρῇ
949 3238 1052 3282 libri
1146 3240 1197 3282 13
1227 3233 1497 3293 καταλάβοι
1529 3236 1579 3280 Μ
1705 3239 1756 3280 15
1788 3238 1955 3293 λίμνας
1983 3235 2028 3279 Η
2119 3239 2169 3280 18
2203 3231 2374 3288 οἵτινες
2393 3258 2450 3266 -

344 3308 574 3354 σκέπουσι
592 3308 812 3354 lacunosa
831 3310 1058 3365 videntur3
1080 3309 1184 3355 fort.
1209 3306 1384 3363 οἵτινες
1405 3304 1531 3367 πρὸς
1549 3304 1632 3365 (ἓν
1652 3307 1867 3365 πνεῦμα)
1887 3305 1945 3354 τὸ
1969 3304 2132 3366 παρὸν
2153 3305 2382 3352 σκέπουσι

346 3382 613 3427 σκοποῦσιν
640 3379 691 3423 Μ
804 3376 899 3441 γὰρ
928 3393 1015 3425 0111.
1048 3379 1142 3425 ΜΗ
1171 3394 1231 3425 111.
1262 3394 1332 3438 pr.
1454 3383 1504 3423 19
1538 3378 1584 3426 εἰ
1611 3374 1738 3439 πρὸς
1765 3378 1815 3423 Μ
1904 3370 1960 3425 οὗ
1990 3377 2157 3435 μέντοι
2185 3379 2268 3423 καὶ
2297 3374 2447 3431 suppl.

343 3464 372 3496 a
402 3463 516 3496 corr.
547 3451 590 3494 H
679 3454 733 3495 20
761 3448 1021 3510 χρημάτων
1050 3451 1099 3498 δὲ
1129 3449 1292 3499 ἕνεκεν
1322 3451 1416 3495 ΜΗ
1513 3446 1578 3499 ἀ“ν
1607 3448 1710 3496 add.
1741 3450 1874 3506 Emp.
1993 3452 2043 3493 21
2076 3443 2201 3506 τάχα
2231 3441 2294 3494 ἂν
2321 3444 2364 3488 Η

345 3525 401 3567 22
432 3515 546 3569 ἀλλ’
577 3515 643 3575 ὡς
671 3547 726 3554 -
758 3525 814 3566 24
844 3518 1031 3569 δύναιτο
1064 3523 1170 3568 secl.
1199 3522 1333 3580 Emp.
1451 3517 1597 3576 ἄλλος
1625 3520 1750 3577 Wil.‚
1781 3518 1936 3574 ἄλλως
1966 3518 2047 3566 UB
2081 3512 2192 3567 ἄλλ’
2223 3510 2289 3570 ὦς
2317 3513 2450 3559 ΜΡΗ

345 3595 478 3651 plura
509 3593 715 3649 exempla
743 3592 952 3638 lacunam
981 3594 1188 3639 hausisse
1218 3597 1374 3639 censet
1402 3592 1509 3639 Wil.
1687 3594 1740 3636 23
1759 3591 1833 3645 τίς
1862 3587 1924 3638 ἂν
1943 3589 1987 3635 H
2130 3592 2183 3633 27
2218 3585 2286 3631 Cf.
2315 3584 2447 3630 Hom.
2547 3617 2550 3620 ⁴

344 3661 402 3709 11.
432 3663 541 3709 XVI
571 3666 653 3708 359
670 3676 737 3719 sq.
854 3663 976 3723 ἰδρίη
1004 3664 1054 3707 Μ
1085 3663 1224 3724 ὶδρίηι
1253 3665 1296 3710 U
1326 3662 1448 3724 ὶδρίη
1479 3664 1518 3708 Β
1633 3665 1686 3707 28
1717 3663 1886 3722 ταυρίη
1915 3658 1965 3705 Μ
2079 3659 2298 3719 ταβρίειη
2326 3657 2363 3701 Ρ

347 3734 704 3793 κεκαλυμμένας
734 3735 772 3779 Β
888 3738 942 3779 29
973 3729 1169 3782 σκέπετ>
1198 3736 1291 3782 UM
