2684 4140
392 302 425 348 4
1047 291 1255 339 DIONIS
1283 287 1823 336 BORYSTHENITIGA

386 445 479 495 καὶ
516 439 701 503 ἄλλως
737 441 837 505 μὲν
876 437 1127 489 εἰώθασι
1164 431 1357 500 λέγειν,
1397 434 1487 484 ἀεὶ
1536 430 1594 484 δὲ
1646 434 1862 483 ὁπόταν
1900 429 2151 499 μέλλωσι
2187 432 2477 498 μάχεσθαι

388 522 885 594 [παρακελεύονται
921 522 1044 580 τοῖς
1081 518 1264 568 αὐτῶν
1305 518 1497 588 ὥσπερ
1547 518 1616 568 τὰ
1661 518 1938 587 Τυρταίου
1990 519 2049 568 ἐν
2086 515 2479 583 Λακεδαίμονι
2503 527 2684 571 (79R113

387 602 640 675 ἐλέγετο]
716 606 830 657 εἰσὶ
877 601 937 654 δὲ
977 604 1187 664 πάντες
1236 600 1395 653 οὗτοι
1431 599 1638 673 τυφλοὶ
1672 604 1766 654 καὶ
1805 603 1901 669 οὐχ
1937 605 2201 671 ἡγοῦνται
2245 600 2479 653 δυνατὸν

306 696 365 746 11
391 690 537 742 εἶναι
581 687 766 751 ἄλλως
814 688 940 739 τινὰ
989 688 1232 758 ποιητὴν
1279 688 1568 754 γενέσθαι.
1658 690 1838 739 Τοῦτο
1875 691 2004 754 μέν,
2053 689 2224 759 ἔφην,
2274 684 2479 738 ἀπολε-

387 772 654 824 λαύκασιν
690 768 768 842 [οἱ
805 774 1044 843 ποιηταὶ
1082 767 1284 841 αὐτῶν]
1323 763 1700 843 ἀπὸὉμήρου
1730 774 1923 842 ὥσπερ
1963 773 2079 824 ἀπὸ
2120 769 2471 843 ὀφθαλμίας.
2512 780 2535 820 5

385 860 481 909 τὸν
522 855 579 907 δὲ
622 855 954 928 Φωκυλίδην
1004 859 1164 923 ὑμεῖς
1200 859 1302 923 μὲν
1342 858 1439 908 οὐκ
1476 858 1819 924 ἐπίστασθε,
1858 860 1935 920 ὡς
1975 856 2180 926 λέγεις·
2231 859 2378 908 πάνυ
2421 854 2478 908 δὲ

386 949 498 994 τῶν
535 940 777 1007 ἐνδόξων
802 947 991 1012 γέγονε
1019 948 1291 1012 ποιητῶν.
1358 943 1552 1011 ὥσπερ
1582 942 1677 994 οὖν
1703 940 1938 995 ἐπειδάν
1964 961 2052 1005 τις
2077 949 2188 993 τῶν
2215 944 2480 1011 ἐμπόρων

389 1025 749 1099 καταπλεύσῃ
778 1031 924 1099 πρὸς
949 1030 1090 1096 ὑμᾶς
1120 1029 1182 1079 οὐ
1210 1030 1488 1098 πρότερον
1511 1023 1733 1098 <παρα>
1756 1029 2012 1096 γεγονώς,
2042 1028 2138 1078 οὐκ
2165 1027 2339 1088 εὐθὺς
2364 1029 2481 1096 ἠτι-

387 1114 608 1179 μάσατε
648 1114 843 1179 αὐτόν,
883 1111 1025 1166 ἀλλὰ
1066 1116 1343 1184 πρότερον
1381 1115 1716 1181 γευσάμενοι
1752 1120 1856 1165 τοῦ
1873 1112 2074 1177 «οἴνου,
2111 1114 2213 1164 κᾶν
2251 1109 2388 1162 ἄλλο
2427 1129 2484 1161 τι

389 1199 626 1268 φορτίον
675 1200 779 1269 ἄγῃ
791 1240 807 1264 ,
859 1197 1058 1268 δεῖγμα
1097 1196 1387 1267 λαβόντες,
1436 1200 1534 1251 ἐὰν
1571 1201 1672 1266 μὲν
1711 1200 1883 1269 ἀρέσῃ
1922 1200 2089 1266 ὑμᾶς,
2129 1197 2390 1260 ὠνεῖσθε,
2431 1197 2481 1248 εἰ
2519 1204 2564 1247 10

392 1280 451 1334 δὲ
490 1285 583 1354 μή,
623 1286 778 1338 ἐᾶτε·
819 1286 1013 1348 οὕτως,
1054 1285 1214 1355 ἔφην,
1251 1286 1346 1336 καὶ
1377 1291 1476 1355 τῆς
1500 1291 1604 1336 τοῦ
1629 1281 1959 1335 Φωκυλίδου
1987 1285 2276 1354 ποιήσεως
2303 1283 2488 1345 ἔξεστί

393 1382 488 1420 σοι
527 1367 718 1437 λαβεῖν
759 1367 956 1438 δεῖγμα
994 1371 1054 1420 έν
1089 1371 1303 1440 βραχεῖ.
1375 1371 1470 1422 καὶ
1505 1371 1609 1438 γάρ
1650 1371 1805 1421 ἐστιν
1845 1370 1907 1419 οὐ
1956 1375 2070 1420 τῶν
2106 1370 2323 1438 μακράν
2360 1384 2485 1418 τινα

310 1458 375 1509 12
393 1456 488 1506 καὶ
527 1443 721 1526 συνεχῆ
766 1456 1002 1525 ποίησιν
1040 1456 1323 1525 εἰρόντων,
1365 1457 1557 1523 ὥσπερ
1586 1456 1617 1505 ό
1641 1457 1908 1524 ὑμέτερος
1932 1455 2068 1520 μίαν
2095 1452 2222 1525 ἑξῆς
2251 1450 2489 1516 διέξεισι

388 1542 576 1609 μμάχην
614 1542 672 1591 έν
711 1537 974 1591 πλείοσιν
1010 1541 1042 1610 ἢ
1084 1537 1566 1606 πεντακισχιλίοις
1604 1541 1829 1603 ἔπεσιν,
1881 1537 2022 1590 ἀλλὰ
2069 1540 2210 1590 κατὰ
2259 1536 2358 1589 δύο
2394 1540 2488 1588 καὶ

386 1626 520 1694 ’τρία
568 1626 676 1694 ἔπη
729 1623 879 1692 αὐτῷ
926 1626 1021 1676 καὶ
1067 1625 1238 1696 ἀρχὴν
1275 1629 1307 1693 ἡ
1346 1626 1583 1694 ποίησις
1619 1626 1713 1675 καὶ
1750 1628 1929 1695 πέρας
1969 1622 2255 1692 λαμβάνει.
2335 1625 2477 1675 ὥστε
2517 1630 2562 1671 15

390 1711 485 1762 καὶ
524 1710 883 1780 προστίθησι
908 1711 971 1760 τὸ
1001 1712 1175 1775 ὄνομα
1205 1710 1380 1760 αὐτοῦ
1399 1704 1545 1760 καθ’
1588 1711 1821 1760 ἕκαστον
1851 1707 2146 1779 διανόημα,
2187 1712 2284 1760 ἅτε
2314 1723 2486 1760 σπου-

390 1792 555 1845 δαῖον
602 1795 698 1846 καὶ
746 1792 966 1846 πολλοῦ
1000 1793 1161 1859 ἀξιον
1197 1796 1530 1864 ἡγούμενος,
1583 1794 1680 1858 οὐχ
1727 1794 1919 1861 ὥσπερ
1946 1787 2193 1864 Ὅμηρος
2242 1792 2493 1860 οὐδαμοῦ

312 1881 375 1934 13
397 1887 496 1950 τῆς
534 1881 824 1950 ποιήσεως
851 1881 1142 1946 ὠνόμασεν
1170 1881 1354 1930 αὐτόν.
1415 1880 1448 1948 ἢ
1481 1879 1553 1929 ού.
1584 1875 1744 1930 δοκεῖ
1764 1892 1858 1930 σοι
1885 1880 2116 1941 εἰκότως
2141 1879 2491 1948 προσθεῖναι

403 1962 734 2034 Φωκυλίδης
771 1971 840 2035 τῇ
878 1968 1110 2035 τοιαύτῃ
1149 1967 1338 2034 γνώμῃ
1377 1966 1471 2015 καὶ
1507 1964 1823 2034 ἀποφάσει,

606 2051 700 2101 καὶ
736 2047 866 2101 τόδε
907 2048 1266 2101 Φωκυλίδου·
1306 2047 1476 2111 πόλις
1513 2051 1572 2100 ἐν
1613 2047 1869 2117 σκοπέλῳ
1907 2050 2049 2100 κατὰ
2086 2052 2297 2116 κόσμον
2529 2058 2680 2102 20(εοΒ

611 2136 836 2186 οἰκεῦσα
879 2137 1077 2205 σμικρὴ
1118 2138 1369 2203 κρέσσων
1408 2135 1586 2186 Νίνου
1625 2136 2029 2205 ἀφραινούσης.
2515 2144 2666 2187 (441Μ)

395 2213 522 2270 ἀλλ’
568 2221 629 2270 οὐ
670 2221 815 2289 πρὸς
852 2217 984 2289 ὅλην
1015 2211 1226 2271 Ἰλιάδα
1261 2221 1356 2271 καὶ
1385 2211 1716 2270 Ὀδύσσειαν
1752 2225 1928 2270 ταῦτα
1965 2220 2035 2269 τὰ
2062 2221 2170 2289 ἔπη
2212 2221 2334 2271 ἐστὶ
2370 2223 2491 2280 τοῖς

395 2307 469 2376 μὴ
511 2309 808 2374 παρέργως
845 2306 1256 2374 ἀκροωμένοις,·
1292 2306 1324 2375 ἢ
1364 2301 1576 2371 μᾶλλον
1614 2306 1744 2370 ύμῖν
1784 2306 2006 2355 ἀκούειν
2047 2308 2315 2374 συνέφερε
2360 2305 2492 2371 περὶ

396 2395 508 2441 τῶν
545 2396 649 2440 τοῦ
676 2383 976 2455 Ἀχιλλέως
1014 2387 1315 2460 πηδήσεών
1352 2407 1412 2440 τε
1448 2391 1543 2441 καὶ
1570 2391 1851 2459 ὀρούσεων
1887 2391 1982 2441 καὶ
2017 2397 2116 2460 τῆς
2157 2396 2365 2460 φωνῆς,
2405 2390 2491 2439 ὅτι

397 2477 569 2541 μόνον
627 2472 1020 2545 φθεγξάμενος
1066 2477 1267 2544 ἔτρεπε
1314 2476 1446 2536 τοὺς
1497 2477 1723 2544 Τρῶας,
1783 2482 1959 2525 ταῦτα
2015 2472 2228 2541 μᾶλλον
2276 2471 2495 2544 ὠφελεῖ
2524 2482 2570 2523 25

399 2562 543 2626 ὑμᾶς
581 2560 1041 2626 ἐκμανθάνοντας
1078 2561 1109 2630 ἢ
1153 2562 1347 2624 ἐκεῖνο,
1394 2563 1482 2611 ότι
1519 2564 1549 2628 ἠ
1594 2561 1797 2629 σμικρὰ
1837 2557 2007 2621 πόλις
2044 2562 2102 2611 ἐν
2140 2563 2339 2629 τραχεῖ
2372 2572 2494 2609 σκο-

398 2643 553 2713 πέλῳ
592 2649 814 2715 κειμένη
853 2646 1121 2714 κρείττων
1159 2647 1282 2710 ἐστὶ
1315 2647 1410 2697 καὶ
1448 2646 1809 2715 εὐτυχεστέρα
1835 2646 1976 2696 κατὰ
2014 2648 2224 2711 κόσμον
2266 2646 2494 2695 οἰκοῦσα

399 2732 430 2801 ἢ
471 2728 679 2801 μεγάλη
720 2732 779 2782 ἐν
820 2728 947 2798 λείῳ
987 2732 1082 2782 καὶ
1119 2728 1333 2782 πλατεῖ
1363 2729 1561 2798 πεδίῳ,
1602 2732 1809 2800 ἐάνπερ
1843 2732 2105 2796 ἀκόσμως
2141 2731 2235 2781 καὶ
2273 2730 2496 2794 ἀνόμως

316 2821 383 2871 14
402 2817 514 2868 ὑπὸ
555 2817 884 2886 ἀνθρώπων
923 2817 1188 2886 ἀφρόνων
1228 2817 1477 2886 οἰκῆται,·
1513 2817 1607 2867 καὶ
1645 2816 1707 2877 ὃς
1746 2817 1809 2866 οὐ
1835 2813 1986 2881 μάλα
2012 2812 2192 2883 ἡδέως
2217 2810 2495 2875 ἀποδεξά-

398 2918 593 2967 μενος,
625 2885 687 2950 Ὦ
726 2898 860 2964 ξένε,
901 2899 1089 2962 εἶπεν,
1130 2903 1218 2952 ὅτι
1254 2904 1416 2970 ἡμεῖς
1457 2914 1519 2951 σε
1559 2901 1865 2968 ἀγαπῶμεν
1902 2901 1996 2951 καὶ
2036 2897 2258 2970 σφόδρα
2300 2896 2488 2949 αἰδού-
2526 2907 2573 2948 30

396 2987 584 3052 μεθα·
625 2987 703 3047 ὡς
742 2983 926 3047 ἄλλως
963 3002 1023 3053 γε
1064 2983 1246 3047 οὐδεὶς
1284 2987 1350 3036 ἂν
1389 2989 1651 3055 ἠνέσχετο
1679 2985 2116 3054 Βορυσθενιτῶν
2155 2986 2236 3045 εἰς
2251 2977 2496 3052 Ὅμηρον

545 3127 570 3167 2
603 3115 769 3183 ὥσπερ
792 3149 843 3156 -
867 3128 891 3168 3
912 3122 1104 3183 ἐλέγετο
1129 3123 1321 3168 secludit
1342 3124 1473 3180 Emp.
1507 3119 1918 3181 παρακελεύονται
1942 3148 1990 3154 -
2015 3121 2204 3182 ἐλέγετο
2230 3122 2426 3167 Cobetus

402 3198 430 3238 4
459 3191 608 3240 ἄλλον
627 3191 732 3241 τινὰ
756 3195 794 3239 Τ
887 3198 911 3239 5
946 3194 992 3242 οἳ
1015 3220 1065 3227 -
1091 3190 1249 3242 αὐτῶν
1279 3194 1397 3239 delet
1415 3194 1672 3249 Jacobsius‚
1703 3194 1762 3239 cf.
1785 3195 1844 3240 ad
1862 3208 1906 3251 p.
1921 3197 2017 3249 3,32
2109 3188 2382 3253 ὀφθαλμιᾶς
2404 3192 2443 3237 U

400 3269 430 3309 6
450 3267 746 3324 φωκυλλίδην
766 3265 805 3310 Τ
883 3264 1177 3313 ἐπίστασθαι
1197 3265 1290 3311 UM
1367 3268 1393 3310 8
1412 3262 1717 3324 καταπλεύσῃ
1739 3268 1836 3312 τῶν
1855 3263 2086 3325 ἐμπόρων
2106 3266 2208 3320 (hoc
2229 3265 2341 3320 ord.)
2362 3263 2443 3310 UT

403 3332 753 3394 παραγεγονώς
783 3336 916 3394 Emp.
946 3337 1066 3391 dub„
1096 3337 1309 3397 γεγονώς
1336 3337 1440 3383 libri
1559 3342 1606 3382 11
1640 3338 1938 3394 φωκυλλίδου
1969 3338 2006 3381 Τ
2113 3341 2162 3382 12
2194 3335 2247 3384 ἐν
2275 3342 2431 3398 βραχυ
2460 3352 2499 3387 v,

404 3402 624 3466 ἔμβραχυ
652 3407 783 3463 Emp.
872 3411 924 3452 16
956 3403 1104 3454 αὑτοῦ
1126 3408 1258 3465 Emp.
1346 3406 1407 3455 ἄν
1436 3425 1489 3456 τε
1519 3421 1602 3466 pro
1631 3401 1717 3456 ἅτε
1738 3408 1802 3453 Μ.
1824 3421 1884 3452 m.
1903 3421 1972 3465 pr.
2064 3411 2116 3452 18
2148 3403 2297 3472 αὐτόν
2326 3407 2415 3451 ΜΤ

409 3481 459 3521 21
495 3476 689 3523 οἰκεῦσα
728 3472 870 3537 μικρὴ
900 3477 1031 3522 ΒΜΤ
1063 3478 1274 3525 οἰκεῦσαι
1309 3477 1453 3540 μικρὴ
1485 3480 1549 3536 U,
1587 3493 1704 3525 corr.
1743 3479 1851 3524 editi
2050 3479 2291 3537 κρείσσων
2321 3478 2359 3522 Β

409 3553 463 3593 22
492 3543 659 3607 ἦλιάδα
690 3547 728 3592 Τ
847 3552 900 3593 25
932 3545 1110 3608 ἔπρεπε
1143 3549 1181 3592 Τ
1282 3551 1651 3607 interrogationis
1682 3551 1857 3606 signum
1885 3551 1990 3606 post
2025 3551 2193 3607 Τρῶας
2222 3548 2385 3593 sustuli

409 3624 462 3665 26
492 3615 614 3676 ὑμᾶς
643 3619 681 3663 Τ
713 3614 835 3678 ἡμᾶς
863 3619 995 3665 UBM
1124 3618 1289 3676 πόλεις
1318 3623 1366 3666 M
1481 3627 1657 3682 βραχεῖ
1685 3621 1806 3667 UBT
1894 3623 1948 3664 28
1979 3616 2176 3666 πλάττει
2205 3618 2254 3662 Μ
2351 3622 2400 3662 31
2436 3614 2500 3671 ὡς

404 3703 481 3738 om
510 3689 632 3736 UBT
748 3686 903 3745 άλλως
931 3708 986 3750 γε
1017 3691 1237 3746 Casaub.‚
1268 3689 1413 3747 ἀλλος
1442 3710 1498 3752 γε
1528 3693 1631 3738 libri
1742 3693 2140 3751 βωρυσθενειτῶν
2170 3689 2220 3734 Μ
2256 3694 2501 3751 βωρυσθε-

410 3764 554 3808 νιτιῦν
583 3760 622 3806 U
652 3773 708 3805 m.
739 3774 807 3818 pr.
