2684 4140
1042 283 1266 329 ORATIO
1297 268 1416 328 Lm.
2168 276 2269 324 111

189 435 289 499 μὲν
329 427 479 501 δόξῃ,
519 433 587 482 τὰ
629 429 686 482 δὲ
726 428 972 500 ἀληθείᾳ
999 429 1217 499 εἴρηται
1243 427 1319 495 τῴ
1348 434 1583 496 ποιητῇ·
1624 418 1750 476 ἀλλ’
1794 427 1824 475 ὁ
1848 426 1947 490 μὲν
1977 416 2074 474 οὐκ
2099 420 2271 491 ἐξειρ-

189 519 400 582 γάσατο
441 517 623 579 αὐτόν,
664 517 694 565 ὁ
733 513 791 566 δὲ
828 508 970 565 καθ’
1013 517 1244 565 ἕκαστον
1282 519 1392 563 τῶν
1430 514 1528 562 ἐπὶ
1563 515 1768 580 μέρους
1807 508 2101 580 ἐδήλωσεν.
2189 508 2275 558 ἔτι

194 599 251 650 δὲ
290 602 383 650 καὶ
408 602 696 668 Περσαῖος
735 601 765 649 ὁ
802 606 904 649 τοῦ
929 600 1188 668 Ζήνωνος
1225 598 1365 648 κατὰ
1398 598 1496 667 τὴν
1525 597 1692 667 αὐτὴν
1718 596 2002 658 ὑπόθεσιν
2029 597 2272 662 γέγραφε

191 685 285 734 καὶ
322 681 486 733 ἄλλοι
523 681 768 744 πλείους.
837 685 868 733 ὁ
896 681 953 733 δὲ
980 681 1224 733 Πλάτων
1252 684 1365 747 ἅμα
1394 683 1727 746 αἰτιώμενος
1755 681 1938 743 αὐτόν,
1978 680 2054 739 ὡς
2091 676 2272 739 εἶπον,
2362 682 2364 684 ’

134 784 158 823 5
194 769 288 817 καὶ
323 768 421 835 τὴν
461 764 695 831 δύναμιν
734 769 906 817 αὐτοῦ
940 768 1277 836 θαυμαστήν
1315 784 1440 816 τινα
1480 766 1794 835 ἀποφαίνει
1831 772 1930 835 τῆς
1968 765 2272 833 ποιήσεως,

191 852 267 911 ὡς
292 851 477 900 εἰκόνα
507 852 638 900 ὄντα
667 853 880 911 παντὸς
901 853 1186 920 χρήματος
1207 852 1300 900 καὶ
1320 852 1512 912 πάσας
1532 851 1772 914 ἀτεχνῶς
1794 851 2034 920 ἀφιέντα
2065 847 2274 917 φωνάς,

189 940 461 1000 ποταμῶν
498 952 557 984 τε
594 936 688 985 καὶ
725 936 943 999 ἀνέμων
978 937 1072 985 καὶ
1106 937 1392 1000 κυμάτων·
1430 937 1522 985 καὶ
1558 933 1769 986 κελεύει
1792 933 1942 1000 μάλα
1973 935 2275 1002 εἰρωνικῶς

195 1023 516 1086 στέψαντας
545 1020 712 1069 αὐτὸν
739 1021 870 1087 ἐρίῳ
899 1021 992 1069 καὶ
1017 1022 1192 1088 μύρον
1216 1023 1594 1083 καταχέαντας
1620 1021 1853 1089 ἀφιέναι
1880 1014 2022 1087 παρ’
2056 1015 2274 1076 ἄλλους.

1 1120 167 1161 mnu)
190 1110 353 1154 τοῦτο
394 1101 452 1153 δὲ
491 1105 552 1152 αἱ
580 1107 833 1170 γυναῖκες
857 1105 956 1153 ἐπὶ
980 1109 1091 1154 τῶν
1112 1101 1415 1167 χελιδόνων
1442 1110 1723 1153 ποιοῦσιν.
1789 1105 1874 1153 ἔτι
1902 1102 1960 1154 δὲ
1987 1107 2080 1156 καὶ
2107 1106 2273 1165 αὐτὸς
2313 1114 2345 1165 6

114 1202 162 1246 10
195 1195 293 1258 τῆς
323 1190 555 1256 χάριτος
592 1187 772 1237 ἐπιών
810 1188 909 1257 τὴν
936 1188 1170 1256 ποίησιν
1200 1185 1421 1256 σφόδρα
1450 1188 1706 1253 ἄγασθαι
1742 1190 1838 1237 τὸν
1866 1186 2059 1255 ἄνδρα.
2124 1192 2280 1255 ἀτεχ-

192 1278 300 1333 νῶς
337 1272 438 1340 γὰρ
480 1273 575 1322 οὐκ
613 1273 742 1321 ἄνευ
781 1272 951 1332 θείας
988 1273 1154 1340 τύχης
1195 1264 1318 1320 οὐδ>
1373 1273 1501 1321 ἄνευ
1543 1272 1795 1322 Μουσῶν
1845 1289 1904 1322 τε
1951 1275 2045 1323 καὶ
2076 1267 2281 1323 Ἀπόλ-

195 1355 368 1418 λωνος
417 1357 725 1417 ἐπιπνοίας
775 1354 1009 1406 δυνατὸν
1061 1357 1238 1417 οὕτως
1294 1352 1518 1425 ὑψηλὴν
1575 1358 1669 1406 καὶ
1722 1354 2127 1427 μεγαλοπρεπῆ
2189 1359 2283 1408 καὶ

95 1489 98 1492 ,
194 1446 431 1511 προσέτι
468 1439 661 1512 ἡδεῖαν
698 1441 970 1508 γενέσθαι
1008 1442 1270 1510 ποίησιν,
1325 1442 1468 1492 ὥστε
1505 1437 1580 1511 μὴ
1618 1444 1791 1506 μόνον
1830 1444 1961 1503 τοὺς
2000 1439 2279 1509 ὁμογλώτ-

194 1543 324 1589 τους
362 1529 454 1578 καὶ
493 1528 827 1596 ὁμοφώνους
865 1532 1137 1577 τοσοῦτον
1175 1524 1279 1596 ἤδη
1319 1531 1569 1591 κατέχειν
1605 1529 1819 1595 χρόνον,
1862 1525 2001 1578 ἀλλὰ
2040 1529 2134 1579 καὶ
2170 1534 2280 1579 τῶν
2347 1578 2356 1585 ,

0 1626 161 1671 ’51)15
195 1613 492 1681 βαρβάρων
531 1609 803 1673 πολλούς·
841 1613 935 1662 καὶ
971 1613 1102 1673 τούς
1138 1613 1240 1677 μὲν
1280 1610 1617 1679 διγλώττους
1642 1614 1737 1663 καὶ
1771 1610 2016 1680 μιγάδας
2057 1611 2279 1683 σφόδρα

197 1698 500 1765 ἐμπείρους
548 1696 695 1747 εἶναι
742 1702 852 1747 τῶν
897 1698 1051 1747 ἐπῶν
1092 1698 1288 1760 αὐτοῦ,
1339 1694 1523 1747 πολλὰ
1573 1703 1684 1748 τῶν
1723 1695 1907 1749 ἄλλων
1947 1699 2285 1765 ἀγνοοῦντας

124 1847 127 1849 .
197 1789 307 1833 τῶν
337 1774 689 1852 Ἑλληνικῶν,
737 1783 920 1843 ἐνίους
960 1779 1018 1832 δὲ
1055 1783 1149 1832 καὶ
1185 1788 1296 1832 τῶν
1337 1780 1560 1852 σφόδρα
1598 1783 1814 1851 μακρὰν
1870 1781 2283 1849 διῳκισμένων·

198 1869 371 1918 ὁπότε
406 1869 499 1919 καὶ
526 1860 667 1935 παρ’
705 1860 900 1928 Ἰνδοῖς
941 1881 1116 1937 φασιν
1145 1860 1397 1935 ᾄδεσθαι
1422 1864 1520 1937 τὴν
1554 1861 1792 1937 Ὁμήρου
1822 1869 2077 1937 ποίησιν,
2115 1885 2284 1933 μετα-

199 1950 483 2019 λαβόντων
524 1949 692 2022 αὐτὴν
732 1954 814 2013 εἰς
852 1949 950 2022 τὴν
992 1956 1269 2022 σφετέραν
1310 1950 1598 2003 διάλεκτόν
1636 1970 1695 2003 τε
1733 1954 1826 2003 καὶ
1865 1954 2071 2023 φωνήν.
2139 1954 2281 2003 ὥστε
2322 1961 2351 2009 7

119 2050 169 2092 20
203 2040 297 2088 καὶ
326 2031 489 2089 Ἰνδοὶ
526 2044 636 2088 τῶν
673 2040 774 2104 μὲν
813 2039 1034 2106 ἄστρων
1072 2043 1182 2088 τῶν
1221 2031 1363 2107 παρ’
1405 2041 1538 2107 ἡμῖν
1576 2036 1803 2089 πολλῶν
1843 2039 1986 2088 εἰσιν
2013 2037 2284 2087 ἀθέατοι·

198 2124 299 2184 τὰς
336 2123 438 2191 γὰρ
467 2124 703 2190 ἄρκτους
732 2123 797 2172 οὔ
824 2136 969 2192 φασι
997 2123 1316 2192 φαίνεσθαι
1355 2116 1495 2190 παρ’
1542 2123 1758 2183 αὐτοῖς·
1795 2129 1906 2172 τῶν
1934 2121 1992 2172 δὲ
2019 2124 2284 2191 Πριάμου
2352 2130 2356 2132 ’

4 2210 12 2337 ¹
200 2209 561 2278 παθημάτων
586 2209 679 2258 καὶ
705 2214 815 2258 τῶν
836 2201 1219 2277 Ἀνδρομάχης
1243 2210 1337 2258 καὶ
1369 2201 1595 2277 Ἑκάβης
1633 2209 1862 2277 θρήνων
1899 2210 1993 2258 καὶ
2032 2206 2288 2274 ὀδυρμῶν

199 2295 292 2344 καὶ
327 2300 426 2363 τῆς
457 2286 758 2358 Ἀχιλλέως
794 2310 854 2343 τε
891 2295 985 2343 καὶ
1010 2286 1271 2360 Ἕκτορος
1310 2290 1572 2362 ἀνδρείας
1612 2285 1709 2343 οὐκ
1758 2294 2011 2362 ἀπείρως
2050 2294 2287 2357 ἔχουσιν.

201 2385 469 2429 τοσοῦτον
508 2377 730 2443 ἴσχυσεν
769 2380 892 2440 ἑνὸς
930 2376 1132 2448 ἀνδρὸς
1169 2379 1435 2447 μουσική·
1472 2379 1567 2428 καὶ
1609 2376 1768 2429 δοκεῖ
1799 2379 1986 2445 ἔμοιγε
2022 2385 2091 2447 τῇ
2129 2375 2289 2427 δυνά-

13 2496 16 2524 ,
114 2472 165 2519 25
200 2481 295 2528 μει
332 2465 502 2532 ταύτῃ
543 2465 643 2524 τάς
680 2480 739 2513 τε
776 2465 1046 2534 Σειρῆνας
1084 2460 1515 2533 ὑπερβαλέσθαι
1539 2465 1753 2514 καὶτὸν
1786 2457 2014 2534 Ὀρφέα.
2078 2465 2141 2513 τὸ
2180 2463 2283 2532 γὰρ
2325 2468 2355 2520 8

14 2526 18 2620 ἲ
208 2545 408 2608 λίθους
445 2565 504 2597 τε
541 2549 636 2598 καὶ
681 2549 828 2616 φυτὰ
867 2551 960 2600 καὶ
990 2550 1170 2618 θηρία
1208 2547 1394 2619 κηλεῖν
1431 2550 1524 2599 καὶ
1562 2550 1716 2616 ἄγειν
1754 2551 1811 2600 τί
1848 2551 2001 2600 ἔστιν
2040 2551 2228 2618 ἕτερον
2258 2550 2289 2617 ἢ

16 2622 17 2625 ¹
206 2634 269 2693 τρ
307 2633 625 2701 βαρβάρους
663 2634 1010 2702 ἀνθρώπους
1048 2636 1350 2695 ἀσυνέτους
1402 2641 1500 2704 τῆς
1532 2627 1843 2704 Ἑλληνικῆς
1885 2640 2076 2704 φωνῆς
2115 2635 2293 2693 οὕτως

209 2718 347 2783 ἄγαν
379 2718 791 2786 χειρώσασθαι,
830 2720 969 2788 μήτε
1006 2727 1105 2790 τῆς
1141 2717 1390 2788 γλώττης
1426 2720 1564 2788 μήτε
1590 2724 1700 2769 τῶν
1727 2721 2073 2787 πραγμάτων
2098 2718 2292 2784 ἐμπεί-

358 2902 373 2941 l
408 2895 619 2958 εἴρηται
638 2898 682 2942 H
770 2904 795 2943 2
828 2895 936 2947 οὐδὲ
956 2899 1130 2944 ΡΗΒΜ
1163 2895 1189 2946 ὃ
1222 2901 1271 2947 δὲ
1300 2899 1339 2944 U
1360 2899 1606 2955 (Davisius)
1697 2903 1721 2944 3
1751 2894 1866 2945 κατ’
1899 2895 2044 2956 αὐτὴν
2074 2899 2114 2944 U
2144 2912 2202 2942 m.
2224 2911 2293 2954 pr.

207 2966 330 3015 κατὰ
354 2963 440 3026 τὴν
460 2970 611 3024 ceteri,
644 2983 760 3015 corr.
784 2970 964 3016 Geelius
1065 2966 1270 3018 ὕπόθεσι
1291 2970 1414 3025 (sici)
1434 2970 1476 3015 U
1496 2983 1553 3016 m.
1573 2983 1639 3026 pr.
1727 2975 1755 3015 4
1785 2966 1852 3025 ὥς
1880 2984 1967 3016 om.
1990 2970 2026 3014 P
2049 2983 2106 3014 m.
2138 2982 2208 3025 pr.

209 3042 234 3082 6
266 3035 331 3092 ὡς
361 3037 530 3085 ἱκανον
562 3036 679 3086 ὄντα
709 3041 828 3095 libri,
860 3054 974 3086 corr.
1004 3041 1210 3097 Toupius
1240 3041 1429 3085 Emend.
1460 3041 1507 3083 in
1538 3040 1661 3085 Suid.
1693 3055 1740 3098 p.
1771 3045 1869 3085 258.
1997 3045 2019 3083 7
2053 3037 2297 3099 εἰρηνικῶς

207 3108 326 3163 libri,
356 3122 471 3155 corr.
503 3109 697 3157 Casaub.
844 3115 869 3156 8
901 3106 1076 3165 αὐτοὺς
1103 3112 1143 3157 U
1279 3110 1434 3168 μύρον
1464 3110 1663 3155 Cobetus
1695 3123 1720 3155 e
1749 3110 1863 3155 Plat.
1893 3124 1942 3155 re
1970 3111 2094 3167 publ.
2126 3114 2209 3155 398
2239 3111 2295 3164 A,

210 3177 344 3240 μύρῳ
371 3180 475 3224 libri
607 3184 632 3225 9
667 3179 786 3228 αὐτὸ
819 3199 876 3228 το
909 3185 992 3240 τῆς
1022 3182 1100 3227 UB
1132 3177 1262 3243 αὐτῷ
1291 3185 1373 3240 τῆς
1401 3182 1466 3226 Μ.
1484 3181 1720 3227 Fortasse:
1753 3177 1823 3228 ἔτι
1853 3182 1902 3229 δὲ
1931 3185 2012 3229 καὶ
2043 3176 2185 3236 αὐτῆς
2214 3185 2297 3240 τῆς

208 3242 400 3306 χάριτος
426 3246 538 3310 (χρὴ
569 3252 677 3309 τῆς)
707 3249 784 3297 ἐπὶ
817 3244 990 3311 3<λη>ν
1019 3248 1106 3311 τὴν
1134 3253 1328 3311 ποίησιν
1356 3254 1443 3296 etc.
1566 3256 1615 3296 10
1645 3250 1785 3298 ἐπιὸν
1801 3252 1893 3298 UM
2010 3251 2185 3311 ἄγαται
2215 3253 2296 3297 BU

207 3321 297 3373 (hic
328 3338 377 3365 αι
406 3321 453 3365 in
484 3327 661 3373 rasura)
778 3326 820 3366 11
859 3324 973 3376 θίας
1001 3322 1052 3366 Μ
1180 3325 1232 3366 12
1263 3316 1500 3369 ἀδύνατον
1531 3322 1621 3367 MU
1652 3326 1780 3379 (mrg.
1812 3323 2031 3379 δυνατὸν)
2146 3318 2299 3383 ὓψηλῆ

208 3394 288 3437 καὶ
317 3392 359 3436 U
499 3396 548 3436 13
582 3387 975 3451 ὁμοεεγλώττους
1005 3397 1047 3447 (υ
1076 3397 1271 3448 erasum)
1301 3393 1338 3437 P
1487 3399 1535 3438 15
1566 3396 1647 3440 καὶ
1675 3398 1782 3440 ante
1814 3390 1927 3449 τοὺς
1957 3407 2042 3439 om.
2074 3394 2206 3439 UBM
2235 3393 2298 3447 (in

210 3461 302 3506 ΠΜ
331 3474 359 3506 a
389 3475 503 3507 corr.
536 3463 701 3519 suppl.)
843 3456 1184 3522 διιιγλαῖττους
1212 3467 1268 3517 (ο.
1298 3466 1407 3518 ras.)
1436 3463 1480 3507 H
1624 3468 1677 3509 16
1706 3462 1838 3511 ἐπῶν
1869 3460 2028 3512 αὐτῶν
2049 3464 2179 3510 UBM

215 3535 379 3577 πολλῶ
406 3529 452 3586 (ὰ
485 3545 708 3590 superscr.
738 3547 766 3578 a
795 3548 854 3579 m.
885 3537 992 3589 seo.)
1021 3534 1057 3578 P
1225 3538 1275 3580 18
1308 3531 1508 3581 ἄδεσθαί
1537 3550 1683 3592 φασιν
1712 3535 1748 3579 Ρ
1921 3531 2300 3594 μεταλαβόντων

216 3601 347 3648 UBM
376 3600 754 3663 μεταβαλόντων
775 3605 810 3648 Ρ
839 3601 1245 3663 μεταβαλλόντων
1265 3605 1308 3649 H
1400 3609 1449 3650 19
1481 3600 1639 3653 αὐτῶν
1658 3606 1751 3651 UM
1838 3610 1883 3651 21
1923 3603 2036 3660 τοὺς
2065 3603 2159 3666 γὰρ
2180 3606 2223 3650 H

219 3675 273 3717 22
305 3668 525 3734 όδηρμῶν
555 3678 597 3730 (υ
618 3688 842 3732 superscr.
875 3689 915 3720 a.
944 3690 1004 3723 m.
1035 3680 1089 3731 s.)
1118 3677 1155 3721 P
1244 3680 1297 3721 23
1328 3671 1525 3736 ἀνδρίας
1552 3677 1592 3722 U
1614 3692 1672 3724 m.
1693 3691 1765 3736 pr.
1855 3673 2062 3736 ἕχουσιεε
2094 3680 2138 3731 (ν
2167 3679 2301 3731 eras.)

222 3743 259 3788 U
290 3739 448 3803 ἔχουσι
479 3746 520 3790 Η
636 3750 691 3790 24
722 3751 879 3794 δοκεῖν
908 3749 949 3794 U
980 3750 1024 3801 (ν
1056 3760 1157 3805 exp.
1190 3751 1322 3802 corr.)
1437 3750 1518 3794 καὶ
1548 3751 1682 3796 δοκεῖ
1708 3761 1735 3793 a
1765 3762 1823 3794 m.
1855 3761 1891 3794 S.
1922 3749 1958 3793 P
