2684 4140
232 1166 329 1220 DE
368 1167 537 1222 VITA
584 1171 676 1223 ET
722 1170 1043 1226 SCRIPTIS
1093 1171 1342 1226 DIONIS
1391 1172 1834 1228 TESTIMONIA
1881 1176 1974 1229 ET
2023 1175 2311 1231 IVDIOIA.

1196 1297 1359 1306 —-—a

370 1390 621 1447 Philostr.
659 1394 752 1447 vit.
791 1393 1014 1462 sophist.
1053 1394 1094 1461 I,
1124 1397 1173 1448 7.
1246 1398 1441 1447 Δίωνα
1482 1395 1540 1448 δὲ
1577 1400 1672 1449 τὸν
1697 1400 2022 1468 Προυσαῖον
2062 1402 2156 1452 οὐκ
2196 1395 2306 1451 οἶδ’

224 1479 331 1539 ὅ,τι
376 1480 478 1548 χρὴ
535 1484 875 1547 προσειπεῖν
925 1478 1018 1531 διὰ
1068 1483 1165 1551 τὴν
1214 1483 1272 1542 ές
1310 1483 1495 1532 πάντα
1533 1483 1747 1553 ἀρετήν.
1825 1478 2172 1550 Ἀμαλθείας
2207 1487 2309 1555 γάρ

222 1565 388 1630 κέρας
424 1559 507 1632 ἦν,
547 1566 610 1614 τὸ
649 1571 752 1614 τοῦ
787 1562 966 1632 λόγου,
1008 1563 1355 1633 ξυγκείμενος
1390 1569 1490 1632 μὲν
1517 1573 1627 1618 τῶν
1653 1569 1856 1636 ἄριστα
1885 1570 2186 1639 εἰρημένων
2213 1578 2314 1621 τοῦ

225 1647 477 1715 ἀρίστου,
517 1646 743 1714 βλέπων
783 1647 841 1700 δὲ
882 1652 1027 1718 πρὸς
1063 1653 1161 1720 τὴν
1198 1653 1608 1720 Δημοσθένους
1645 1654 1757 1722 ἠχὼ
1795 1655 1888 1704 καὶ
1911 1652 2234 1720 Πλάτωνος,
2270 1650 2308 1726 ᾗ

220 1733 486 1801 καθάπερ
538 1735 599 1783 αἱ
628 1732 889 1802 ’μαγάὸες
938 1740 1059 1796 τοῖς
1109 1737 1369 1804 ὀργάνοις
1421 1741 1702 1806 προσηχεῖ
1733 1739 1764 1787 ὁ
1798 1739 1955 1789 Δίων
2002 1741 2064 1790 τὸ
2105 1744 2308 1793 ἑαυτοῦ
2341 1754 2364 1793 5

223 1813 368 1867 ἴδιον
397 1814 491 1879 ξῦν
518 1816 756 1888 ἀφελείᾳ
781 1821 1224 1890 ἐπεστραμμένῃ.
1290 1822 1488 1891 ἀρίστη
1532 1819 1589 1872 δὲ
1629 1824 1687 1873 ἐν
1724 1827 1845 1884 τοῖς
1869 1825 2091 1885 Δίωνος
2118 1823 2303 1893 λόγοις

218 1902 311 1951 καὶ
347 1905 377 1971 ἡ
419 1908 521 1952 τοῦ
554 1904 735 1972 ἤθους
758 1910 970 1972 κρᾶσις.
1034 1901 1392 1973 ’ὑβριζούσαις
1430 1923 1489 1956 τε
1526 1907 1627 1973 γὰρ
1669 1904 1871 1958 πόλεσι
1899 1905 2137 1960 πλεῖστα
2178 1912 2302 1962 ἑπι-

220 1983 437 2055 πλήξας
465 1988 527 2037 οὐ
556 1985 954 2057 φιλολοίδορος
982 1987 1108 2040 οὐδὲ
1136 1988 1310 2060 ἀηδὴς
1348 1988 1553 2054 ἔδοξεν,
1593 1982 1719 2041 ἀλλ’
1766 1991 1885 2042 οἷον
1923 1992 2118 2044 ἵππων
2144 1995 2302 2063 ὕβριν

212 2069 424 2137 χαλινῷ
461 2075 784 2141 καταρτύων
821 2071 1029 2138 μᾶλλον
1066 2075 1097 2143 ἢ
1136 2076 1394 2141 μάστιγι·
1434 2073 1654 2126 πόλεών
1692 2094 1751 2126 τε
1791 2077 2205 2142 εὐνομουμένων
2245 2081 2302 2140 ἐς

216 2157 486 2217 ἐπαίνους
532 2158 815 2219 καταστάς
854 2159 949 2208 οὐκ
996 2160 1253 2228 ἐπαίρειν
1293 2160 1464 2220 αὐτάς
1501 2157 1717 2223 ἔδοξεν,
1767 2153 1891 2210 ἀλλ’
1934 2163 2300 2232 ἐπιστρέφειν

214 2237 423 2302 μᾶλλον
463 2242 539 2302 ὡς
578 2239 986 2308 ἀπολουμένας,
1026 2245 1077 2293 εί
1101 2241 1530 2309 μεταβάλοιντο.
1592 2242 1657 2314 ἦν
1687 2244 1744 2296 δὲ
1785 2244 1935 2312 αὐτῷ
1970 2248 2063 2296 καὶ
2099 2249 2161 2296 τὸ
2203 2256 2302 2315 τῆς

216 2322 389 2394 ἄλλης
430 2323 783 2396 φιλοσοφίας
819 2324 967 2395 ἦθος
1007 2329 1068 2378 οὐ
1107 2332 1293 2379 κοινὸν
1335 2326 1461 2379 οὐδὲ
1489 2330 1792 2398 εἰρωνικόν,
1833 2326 1972 2379 ἀλλὰ
2011 2332 2303 2399 έμβριθῶς

213 2411 314 2474 μὲν
354 2412 692 2477 ἐγκείμενον,
743 2417 1124 2482 κεχρωσμένον
1165 2412 1223 2464 δὲ
1265 2413 1385 2465 οἷον
1422 2412 1702 2481 ήδύσματι
1738 2421 1806 2484 τῇ
1855 2417 2148 2485 πρᾳότητι.
2226 2419 2302 2479 ὡς

191 2492 275 2544 -δὲ
314 2497 407 2546 καὶ
446 2497 701 2565 ἱστορίαν
741 2499 928 2559 ἱκανὸς
963 2495 1028 2567 ἦν
1058 2496 1392 2568 ξυγγράφειν
1433 2497 1602 2568 δηλοῖ
1629 2500 1697 2549 τὰ
1724 2497 2004 2561 Γετικά.*)
2068 2503 2162 2552 καὶ
2196 2503 2298 2570 γάρ

216 2577 279 2648 δὴ
308 2582 400 2631 καὶ
425 2582 483 2641 ἐς
503 2584 680 2642 Γέτας
702 2579 894 2651 ἢλθεν,
923 2585 1095 2634 ὁπότε
1121 2581 1309 2653 ἠλᾶτο.
1353 2586 1448 2635 τὸν
1477 2582 1535 2634 δὲ
1561 2585 1776 2650 Εὐβοέα
1802 2586 1897 2635 καὶ
1921 2587 2016 2635 τὸν
2043 2592 2144 2636 τοῦ
2166 2593 2298 2653 ψιτ-

215 2671 388 2714 τακοῦ
411 2666 646 2717 ἔπαινον
672 2669 764 2718 καὶ
790 2669 976 2718 ὁπόσα
1018 2670 1113 2734 οὐχ
1139 2671 1279 2738 ὑπὲρ
1307 2666 1560 2737 μεγάλων
1586 2666 1973 2719 έσπούὸασται
1998 2670 2078 2737 τῷ
2101 2672 2297 2734 Δίωνι,

212 2751 285 2818 μὴ
326 2751 495 2819 μικρά
535 2753 834 2821 ἡγώμεθα,
885 2751 1028 2804 ἀλλὰ
1072 2756 1390 2824 σοφιστικά.
1469 2759 1749 2822 σοφιστοῦ
1782 2754 1884 2820 γάρ
1924 2755 1986 2803 τὸ
2026 2755 2117 2804 καὶ
2153 2757 2294 2822 ὑπὲρ

212 2837 486 2886 τοιούτων
528 2834 881 2900 σπουδάζειν.

353 3040 394 3092 *)
423 3038 598 3088 Γετικὰ
637 3040 799 3088 ἐνόδιοι
838 3043 924 3086 hoc
969 3055 1083 3098 opus
1120 3045 1251 3085 vocat
1286 3041 1448 3085 Suidas
1485 3055 1521 3085 s.
1560 3054 1598 3084 ν.
1644 3041 1774 3085 Δίων
1806 3035 1831 3085 ὁ
1870 3032 2080 3095 Κάσσιος
2112 3058 2294 3101 χρημα-

216 3111 353 3163 τίσας
383 3109 539 3155 Cassio
571 3112 707 3156 Dioni
735 3111 963 3167 tribuens3
1004 3111 1123 3167 quod
1159 3124 1398 3167 perperam
1434 3110 1532 3154 fieri
1571 3122 1626 3154 ex
1656 3110 1743 3154 hoc
1773 3110 1871 3166 ipso
1901 3110 2160 3156 Philostrati
2189 3113 2288 3157 loco

209 3180 486 3237 intelligitur.
546 3182 759 3226 Dubitari
789 3195 897 3227 sane
926 3185 1090 3238 potest,
1119 3186 1270 3225 utrum
1299 3178 1457 3227 ἐνόδια
1489 3194 1590 3224 cum
1618 3177 1795 3228 Γετικά
1827 3181 2199 3237 coniungendam,
2230 3195 2289 3226 an

208 3265 291 3307 pro
332 3251 445 3296 allus
483 3253 583 3295 libri
619 3252 913 3308 inscriptione
950 3252 1202 3296 habendum
1243 3252 1313 3296 sit.
1387 3251 1624 3306 Coniungit
1662 3251 1966 3296 Mommsenus
2004 3251 2050 3294 in
2095 3250 2290 3295 editione

207 3322 418 3366 Jordanis
458 3322 674 3375 (Monum.
716 3323 923 3367 German.
967 3322 1084 3367 Hist.
1127 3322 1376 3378 Scriptores
1418 3321 1729 3379 Antiquissimi
1757 3322 1814 3375 V)
1853 3319 1993 3377 praef.
2032 3333 2076 3376 p.
2121 3320 2288 3376 XXXI,

208 3393 338 3445 ouius
368 3393 504 3437 verba
534 3394 647 3437 haec
677 3397 805 3437 sunt:
839 3393 1003 3449 „index
1034 3393 1179 3449 operis
1200 3392 1375 3437 videtur
1407 3392 1546 3436 fuisse
1566 3387 1741 3438 Γετικὰ
1770 3388 1944 3445 ἐνόδια,
1972 3391 2019 3435 id
2041 3394 2109 3435 est
2131 3391 2290 3436 Getica

209 3464 400 3508 collecta
428 3465 474 3507 in
504 3465 706 3509 itinere.“
765 3463 1011 3520 Usurpavit
1039 3463 1198 3507 Dionis
1230 3462 1389 3508 Getica
1425 3463 1672 3517 Jordanes,
1714 3462 1938 3507 communi
1976 3461 2096 3506 illius
2126 3460 2287 3505 aetatis

206 3546 359 3579 errore
389 3536 446 3579 ad
478 3535 649 3580 Gothos
680 3535 897 3590 referens,
942 3546 1056 3590 quae
1086 3534 1141 3577 de
1171 3534 1296 3578 Getis
1337 3534 1395 3578 ab
1433 3533 1627 3590 antiquis
1658 3533 1951 3590 seriptoribus
1979 3530 2288 3576 tradebantur.

205 3604 326 3659 Quid
356 3619 412 3651 ex
441 3607 652 3651 Jordanis
682 3605 937 3650 narratione
970 3604 1029 3648 ad
1060 3604 1247 3649 Dionem
1287 3603 1444 3648 referri
1480 3604 1643 3660 possit,
1687 3602 1885 3659 quaesivi
1922 3603 1969 3646 in
2007 3601 2286 3658 praefatione

205 3672 338 3718 huius
369 3673 617 3719 voluminis.

2340 2175 2387 2217 10

2339 2596 2383 2636 15
