<?xml version="1.0" encoding="UTF-8"?>
<!DOCTYPE html PUBLIC "-//W3C//DTD XHTML 1.0 Transitional//EN"
    "http://www.w3.org/TR/xhtml1/DTD/xhtml1-transitional.dtd">
<html xmlns="http://www.w3.org/1999/xhtml" xml:lang="en" lang="en">
 <head>
  <title>
</title>
<meta http-equiv="Content-Type" content="text/html;charset=utf-8" />
  <meta name='ocr-system' content='tesseract 3.04.00' />
  <meta name='ocr-capabilities' content='ocr_page ocr_carea ocr_par ocr_line ocrx_word'/>
</head>
<body>
  <div class='ocr_page' id='page_1' title='image "./dionisprusaensis02diocuoft_0337.png"; bbox 0 0 2684 4140; ppageno 0'>
   <div class='ocr_carea' id='block_1_1' title="bbox 630 229 2300 287">
    <p class='ocr_par' dir='ltr' id='par_1_1' title="bbox 630 229 2300 287">
     <span class='ocr_line' id='line_1_1' title="bbox 630 229 2300 287; baseline 0.004 -14"><span class='ocrx_word' id='word_1_1' title='bbox 630 229 1010 275; x_wconf 84' lang='lat' dir='ltr'>TESTIMONIA</span> <span class='ocrx_word' id='word_1_2' title='bbox 1039 231 1123 276; x_wconf 82' lang='lat' dir='ltr'><em>DE</em></span> <span class='ocrx_word' id='word_1_3' title='bbox 1151 231 1299 276; x_wconf 86' lang='lat' dir='ltr'><strong>VITA</strong></span> <span class='ocrx_word' id='word_1_4' title='bbox 1329 231 1534 277; x_wconf 86' lang='lat' dir='ltr'>DIONIS</span> <span class='ocrx_word' id='word_1_5' title='bbox 1564 231 1892 287; x_wconf 87' lang='lat' dir='ltr'>(SYNESIUS)</span> <span class='ocrx_word' id='word_1_6' title='bbox 2196 232 2300 281; x_wconf 84' lang='lat'><em>319</em></span> 
     </span>
    </p>
   </div>
   <div class='ocr_carea' id='block_1_2' title="bbox 69 370 2396 3407">
    <p class='ocr_par' dir='ltr' id='par_1_2' title="bbox 69 370 2396 3407">
     <span class='ocr_line' id='line_1_2' title="bbox 214 370 2302 446; baseline 0.003 -24"><span class='ocrx_word' id='word_1_7' title='bbox 214 374 308 423; x_wconf 83' lang='grc' dir='ltr'><em>καὶ</em></span> <span class='ocrx_word' id='word_1_8' title='bbox 349 370 509 424; x_wconf 91' lang='grc' dir='ltr'><em>δοκεῖ</em></span> <span class='ocrx_word' id='word_1_9' title='bbox 542 380 740 444; x_wconf 80' lang='grc' dir='ltr'><em>σαφῶς</em></span> <span class='ocrx_word' id='word_1_10' title='bbox 779 376 1083 444; x_wconf 82' lang='grc' dir='ltr'><em>ἀναχωρεῖν</em></span> <span class='ocrx_word' id='word_1_11' title='bbox 1121 382 1231 426; x_wconf 90' lang='grc' dir='ltr'><em>τῶν</em></span> <span class='ocrx_word' id='word_1_12' title='bbox 1272 377 1493 427; x_wconf 85' lang='grc' dir='ltr'><em>οἰκείων</em></span> <span class='ocrx_word' id='word_1_13' title='bbox 1531 378 1710 446; x_wconf 86' lang='grc' dir='ltr'><em>ήθῶν,</em></span> <span class='ocrx_word' id='word_1_14' title='bbox 1751 379 1828 438; x_wconf 86' lang='grc' dir='ltr'><em>ὡς</em></span> <span class='ocrx_word' id='word_1_15' title='bbox 1865 379 1932 428; x_wconf 82' lang='grc' dir='ltr'><em>ἂν</em></span> <span class='ocrx_word' id='word_1_16' title='bbox 1969 379 2063 428; x_wconf 84' lang='grc' dir='ltr'><em>καὶ</em></span> <span class='ocrx_word' id='word_1_17' title='bbox 2102 375 2302 430; x_wconf 90' lang='grc' dir='ltr'><em>λαθεῖν</em></span> 
     </span>
     <span class='ocr_line' id='line_1_3' title="bbox 215 455 2302 530; baseline 0.003 -24"><span class='ocrx_word' id='word_1_18' title='bbox 215 458 303 506; x_wconf 85' lang='grc' dir='ltr'><em>ὅτι</em></span> <span class='ocrx_word' id='word_1_19' title='bbox 340 458 498 508; x_wconf 86' lang='grc' dir='ltr'><em>Δίων</em></span> <span class='ocrx_word' id='word_1_20' title='bbox 536 459 685 522; x_wconf 85' lang='grc' dir='ltr'><em>ἐστί,</em></span> <span class='ocrx_word' id='word_1_21' title='bbox 736 462 1124 530; x_wconf 84' lang='grc' dir='ltr'><em>παρακινήσας</em></span> <span class='ocrx_word' id='word_1_22' title='bbox 1162 462 1243 522; x_wconf 89' lang='grc' dir='ltr'><em>εἰς</em></span> <span class='ocrx_word' id='word_1_23' title='bbox 1281 463 1343 511; x_wconf 89' lang='grc' dir='ltr'><em>τὸ</em></span> <span class='ocrx_word' id='word_1_24' title='bbox 1382 463 1677 529; x_wconf 89' lang='grc' dir='ltr'><em>νεώτερον·</em></span> <span class='ocrx_word' id='word_1_25' title='bbox 1728 455 1854 512; x_wconf 78' lang='grc' dir='ltr'><em>ἀλλ’</em></span> <span class='ocrx_word' id='word_1_26' title='bbox 1907 460 2156 529; x_wconf 81' lang='grc' dir='ltr'><em>εὐλαβῶς</em></span> <span class='ocrx_word' id='word_1_27' title='bbox 2194 465 2302 513; x_wconf 77' lang='grc' dir='ltr'><em>ἀπ·</em></span> 
     </span>
     <span class='ocr_line' id='line_1_4' title="bbox 217 546 2302 617; baseline 0.004 -27"><span class='ocrx_word' id='word_1_28' title='bbox 217 558 375 591; x_wconf 89' lang='grc' dir='ltr'><em>τεται</em></span> <span class='ocrx_word' id='word_1_29' title='bbox 411 549 510 612; x_wconf 86' lang='grc' dir='ltr'><em>τῆς</em></span> <span class='ocrx_word' id='word_1_30' title='bbox 547 546 923 612; x_wconf 78' lang='grc' dir='ltr'><em>παρανομίας,</em></span> <span class='ocrx_word' id='word_1_31' title='bbox 960 546 1054 596; x_wconf 85' lang='grc' dir='ltr'><em>καὶ</em></span> <span class='ocrx_word' id='word_1_32' title='bbox 1092 546 1468 613; x_wconf 78' lang='grc' dir='ltr'><em>αἰσχυνομένῳ</em></span> <span class='ocrx_word' id='word_1_33' title='bbox 1509 562 1568 612; x_wconf 87' lang='grc' dir='ltr'><em>γε</em></span> <span class='ocrx_word' id='word_1_34' title='bbox 1608 548 1802 611; x_wconf 85' lang='grc' dir='ltr'><em>ἔοικεν,</em></span> <span class='ocrx_word' id='word_1_35' title='bbox 1853 549 1986 598; x_wconf 86' lang='grc' dir='ltr'><em>ὅταν</em></span> <span class='ocrx_word' id='word_1_36' title='bbox 2023 565 2081 598; x_wconf 90' lang='grc' dir='ltr'><em>τι</em></span> <span class='ocrx_word' id='word_1_37' title='bbox 2117 564 2302 617; x_wconf 85' lang='grc' dir='ltr'><em>παρα-</em></span> 
     </span>
     <span class='ocr_line' id='line_1_5' title="bbox 214 623 2304 702; baseline 0.004 -27"><span class='ocrx_word' id='word_1_38' title='bbox 214 623 694 691; x_wconf 78' lang='grc' dir='ltr'><em>κεκινδυνευμένον</em></span> <span class='ocrx_word' id='word_1_39' title='bbox 723 630 817 679; x_wconf 83' lang='grc' dir='ltr'><em>καὶ</em></span> <span class='ocrx_word' id='word_1_40' title='bbox 842 631 1092 680; x_wconf 85' lang='grc' dir='ltr'><em>νεανικὸν</em></span> <span class='ocrx_word' id='word_1_41' title='bbox 1119 634 1545 700; x_wconf 88' lang='grc' dir='ltr'><em>προενέγκηται·</em></span> <span class='ocrx_word' id='word_1_42' title='bbox 1587 632 1730 682; x_wconf 84' lang='grc' dir='ltr'><em>ὥστε</em></span> <span class='ocrx_word' id='word_1_43' title='bbox 1767 633 1867 682; x_wconf 86' lang='grc' dir='ltr'><em>κᾶν</em></span> <span class='ocrx_word' id='word_1_44' title='bbox 1906 633 2093 682; x_wconf 86' lang='grc' dir='ltr'><em>αἰτίαν</em></span> <span class='ocrx_word' id='word_1_45' title='bbox 2134 634 2304 702; x_wconf 82' lang='grc' dir='ltr'><em>φύγοι</em></span> 
     </span>
     <span class='ocr_line' id='line_1_6' title="bbox 218 706 2367 786; baseline 0.004 -28"><span class='ocrx_word' id='word_1_46' title='bbox 218 706 448 772; x_wconf 89' lang='grc' dir='ltr'><em>δειλίας,</em></span> <span class='ocrx_word' id='word_1_47' title='bbox 488 712 539 760; x_wconf 88' lang='grc' dir='ltr'><em>εἰ</em></span> <span class='ocrx_word' id='word_1_48' title='bbox 576 714 721 780; x_wconf 85' lang='grc' dir='ltr'><em>πρὸς</em></span> <span class='ocrx_word' id='word_1_49' title='bbox 758 715 855 782; x_wconf 82' lang='grc' dir='ltr'><em>τὴν</em></span> <span class='ocrx_word' id='word_1_50' title='bbox 893 715 1125 783; x_wconf 80' lang='grc' dir='ltr'><em>ὕστερον</em></span> <span class='ocrx_word' id='word_1_51' title='bbox 1163 713 1602 767; x_wconf 90' lang='grc' dir='ltr'><em>ἐπιπολάσασαν</em></span> <span class='ocrx_word' id='word_1_52' title='bbox 1654 723 1764 767; x_wconf 90' lang='grc' dir='ltr'><em>τῶν</em></span> <span class='ocrx_word' id='word_1_53' title='bbox 1802 719 2054 786; x_wconf 81' lang='grc' dir='ltr'><em>ῥητόρων</em></span> <span class='ocrx_word' id='word_1_54' title='bbox 2093 714 2303 783; x_wconf 90' lang='grc' dir='ltr'><em>τόλμαν</em></span> <span class='ocrx_word' id='word_1_55' title='bbox 2341 723 2367 766; x_wconf 84' lang='grc'><strong>5</strong></span> 
     </span>
     <span class='ocr_line' id='line_1_7' title="bbox 74 792 2302 871; baseline 0.005 -30"><span class='ocrx_word' id='word_1_56' title='bbox 74 800 129 840; x_wconf 78' lang='grc'><em>(41</em></span> <span class='ocrx_word' id='word_1_57' title='bbox 146 798 194 842; x_wconf 90' lang='grc' dir='ltr'><em>Ρ)</em></span> <span class='ocrx_word' id='word_1_58' title='bbox 217 793 384 844; x_wconf 82' lang='grc' dir='ltr'><em>αὐτὸν</em></span> <span class='ocrx_word' id='word_1_59' title='bbox 422 792 790 861; x_wconf 80' lang='grc' dir='ltr'><em>ἐξετάζοιμεν,</em></span> <span class='ocrx_word' id='word_1_60' title='bbox 830 802 951 859; x_wconf 91' lang='grc' dir='ltr'><em>τοῖς</em></span> <span class='ocrx_word' id='word_1_61' title='bbox 990 796 1282 860; x_wconf 80' lang='grc' dir='ltr'><em>πλείστοις</em></span> <span class='ocrx_word' id='word_1_62' title='bbox 1322 797 1380 849; x_wconf 84' lang='grc' dir='ltr'><em>δὲ</em></span> <span class='ocrx_word' id='word_1_63' title='bbox 1419 806 1529 850; x_wconf 92' lang='grc' dir='ltr'><em>τῶν</em></span> <span class='ocrx_word' id='word_1_64' title='bbox 1568 803 1784 864; x_wconf 81' lang='grc' dir='ltr'><em>ἑαυτοῦ,</em></span> <span class='ocrx_word' id='word_1_65' title='bbox 1822 802 1915 851; x_wconf 84' lang='grc' dir='ltr'><em>καὶ</em></span> <span class='ocrx_word' id='word_1_66' title='bbox 1947 802 2102 871; x_wconf 84' lang='grc' dir='ltr'><em>παρὰ</em></span> <span class='ocrx_word' id='word_1_67' title='bbox 2128 802 2302 871; x_wconf 83' lang='grc' dir='ltr'><em>βραχὺ</em></span> 
     </span>
     <span class='ocr_line' id='line_1_8' title="bbox 216 875 2302 954; baseline 0.005 -27"><span class='ocrx_word' id='word_1_68' title='bbox 216 881 338 938; x_wconf 92' lang='grc' dir='ltr'><em>τοῖς</em></span> <span class='ocrx_word' id='word_1_69' title='bbox 377 880 562 930; x_wconf 82' lang='grc' dir='ltr'><em>ἅπασι</em></span> <span class='ocrx_word' id='word_1_70' title='bbox 597 875 724 947; x_wconf 77' lang='grc' dir='ltr'><em>μετ’</em></span> <span class='ocrx_word' id='word_1_71' title='bbox 755 883 978 933; x_wconf 80' lang='grc' dir='ltr'><em>ἐκείνων</em></span> <span class='ocrx_word' id='word_1_72' title='bbox 1015 884 1313 934; x_wconf 73' lang='grc' dir='ltr'><em>ταττέσθω</em></span> <span class='ocrx_word' id='word_1_73' title='bbox 1352 890 1462 935; x_wconf 92' lang='grc' dir='ltr'><em>τῶν</em></span> <span class='ocrx_word' id='word_1_74' title='bbox 1501 886 1748 954; x_wconf 89' lang='grc' dir='ltr'><em>ἀρχαίων</em></span> <span class='ocrx_word' id='word_1_75' title='bbox 1786 903 1846 936; x_wconf 90' lang='grc' dir='ltr'><em>τε</em></span> <span class='ocrx_word' id='word_1_76' title='bbox 1880 887 1974 936; x_wconf 82' lang='grc' dir='ltr'><em>καὶ</em></span> <span class='ocrx_word' id='word_1_77' title='bbox 2014 888 2302 952; x_wconf 88' lang='grc' dir='ltr'><em>στασίμων</em></span> 
     </span>
     <span class='ocr_line' id='line_1_9' title="bbox 216 959 2309 1040; baseline 0.004 -26"><span class='ocrx_word' id='word_1_78' title='bbox 216 965 494 1033; x_wconf 80' lang='grc' dir='ltr'><em>ῥητόρων,</em></span> <span class='ocrx_word' id='word_1_79' title='bbox 552 959 693 1035; x_wconf 77' lang='grc' dir='ltr'><em>παρ’</em></span> <span class='ocrx_word' id='word_1_80' title='bbox 748 968 998 1018; x_wconf 87' lang='grc' dir='ltr'><em>ὁντινοῦν</em></span> <span class='ocrx_word' id='word_1_81' title='bbox 1046 969 1139 1018; x_wconf 84' lang='grc' dir='ltr'><em>καὶ</em></span> <span class='ocrx_word' id='word_1_82' title='bbox 1188 966 1341 1037; x_wconf 84' lang='grc' dir='ltr'><em>δήμῳ</em></span> <span class='ocrx_word' id='word_1_83' title='bbox 1398 966 1768 1040; x_wconf 85' lang='grc' dir='ltr'><em>διαλεχθῆναι</em></span> <span class='ocrx_word' id='word_1_84' title='bbox 1821 971 1915 1021; x_wconf 81' lang='grc' dir='ltr'><em>καὶ</em></span> <span class='ocrx_word' id='word_1_85' title='bbox 1964 967 2160 1039; x_wconf 77' lang='grc' dir='ltr'><em>ἰδιώτῃ</em></span> <span class='ocrx_word' id='word_1_86' title='bbox 2205 978 2309 1022; x_wconf 90' lang='grc' dir='ltr'><em>τοῦ</em></span> 
     </span>
     <span class='ocr_line' id='line_1_10' title="bbox 216 1048 2303 1121; baseline 0.003 -22"><span class='ocrx_word' id='word_1_87' title='bbox 216 1052 430 1111; x_wconf 82' lang='grc' dir='ltr'><em>παντὸς</em></span> <span class='ocrx_word' id='word_1_88' title='bbox 468 1048 642 1113; x_wconf 80' lang='grc' dir='ltr'><em>ἄξιος.</em></span> <span class='ocrx_word' id='word_1_89' title='bbox 720 1052 781 1101; x_wconf 82' lang='grc' dir='ltr'><em>οἵ</em></span> <span class='ocrx_word' id='word_1_90' title='bbox 823 1069 882 1102; x_wconf 91' lang='grc' dir='ltr'><em>τε</em></span> <span class='ocrx_word' id='word_1_91' title='bbox 929 1053 1032 1120; x_wconf 84' lang='grc' dir='ltr'><em>γάρ</em></span> <span class='ocrx_word' id='word_1_92' title='bbox 1071 1053 1286 1121; x_wconf 81' lang='grc' dir='ltr'><em>ῥυθμοὶ</em></span> <span class='ocrx_word' id='word_1_93' title='bbox 1323 1059 1426 1103; x_wconf 87' lang='grc' dir='ltr'><em>τοῦ</em></span> <span class='ocrx_word' id='word_1_94' title='bbox 1475 1051 1638 1120; x_wconf 89' lang='grc' dir='ltr'><em>λόγου</em></span> <span class='ocrx_word' id='word_1_95' title='bbox 1676 1052 2074 1120; x_wconf 89' lang='grc' dir='ltr'><em>κεκολασμένοι</em></span> <span class='ocrx_word' id='word_1_96' title='bbox 2109 1057 2202 1106; x_wconf 82' lang='grc' dir='ltr'><em>καὶ</em></span> <span class='ocrx_word' id='word_1_97' title='bbox 2240 1057 2303 1106; x_wconf 85' lang='grc' dir='ltr'><em>τὸ</em></span> 
     </span>
     <span class='ocr_line' id='line_1_11' title="bbox 215 1136 2389 1206; baseline 0.002 -21"><span class='ocrx_word' id='word_1_98' title='bbox 215 1136 403 1201; x_wconf 82' lang='grc' dir='ltr'><em>βάθος</em></span> <span class='ocrx_word' id='word_1_99' title='bbox 451 1142 554 1186; x_wconf 86' lang='grc' dir='ltr'><em>τοῦ</em></span> <span class='ocrx_word' id='word_1_100' title='bbox 587 1136 769 1205; x_wconf 85' lang='grc' dir='ltr'><em>ἤθους</em></span> <span class='ocrx_word' id='word_1_101' title='bbox 820 1136 940 1187; x_wconf 86' lang='grc' dir='ltr'><em>οἷον</em></span> <span class='ocrx_word' id='word_1_102' title='bbox 981 1144 1345 1206; x_wconf 87' lang='grc' dir='ltr'><em>σωφρονιστῇ</em></span> <span class='ocrx_word' id='word_1_103' title='bbox 1393 1155 1506 1188; x_wconf 91' lang='grc' dir='ltr'><em>τινι</em></span> <span class='ocrx_word' id='word_1_104' title='bbox 1548 1140 1642 1189; x_wconf 81' lang='grc' dir='ltr'><em>καὶ</em></span> <span class='ocrx_word' id='word_1_105' title='bbox 1691 1137 2035 1206; x_wconf 73' lang='grc' dir='ltr'><em>παιδαγωγῷ</em></span> <span class='ocrx_word' id='word_1_106' title='bbox 2083 1144 2305 1206; x_wconf 84' lang='grc' dir='ltr'><em>πρέπον</em></span> <span class='ocrx_word' id='word_1_107' title='bbox 2345 1147 2389 1189; x_wconf 86' lang='lat'><em>10</em></span> 
     </span>
     <span class='ocr_line' id='line_1_12' title="bbox 216 1218 2306 1292; baseline 0.002 -22"><span class='ocrx_word' id='word_1_108' title='bbox 216 1218 438 1281; x_wconf 87' lang='grc' dir='ltr'><em>πόλεως</em></span> <span class='ocrx_word' id='word_1_109' title='bbox 476 1219 607 1290; x_wconf 85' lang='grc' dir='ltr'><em>ὅλης</em></span> <span class='ocrx_word' id='word_1_110' title='bbox 646 1222 896 1290; x_wconf 81' lang='grc' dir='ltr'><em>ἀνοήτως</em></span> <span class='ocrx_word' id='word_1_111' title='bbox 929 1218 1294 1290; x_wconf 82' lang='grc' dir='ltr'><em>διακειμένης.</em></span> <span class='ocrx_word' id='word_1_112' title='bbox 1373 1222 1564 1290; x_wconf 83' lang='grc' dir='ltr'><em>ὥσπερ</em></span> <span class='ocrx_word' id='word_1_113' title='bbox 1606 1220 1665 1272; x_wconf 83' lang='grc' dir='ltr'><em>δὲ</em></span> <span class='ocrx_word' id='word_1_114' title='bbox 1704 1225 1802 1292; x_wconf 82' lang='grc' dir='ltr'><em>τήν</em></span> <span class='ocrx_word' id='word_1_115' title='bbox 1841 1225 2136 1292; x_wconf 80' lang='grc' dir='ltr'><em>ἑρμηνείαν</em></span> <span class='ocrx_word' id='word_1_116' title='bbox 2179 1225 2306 1276; x_wconf 76' lang='grc' dir='ltr'><em>οὔτε</em></span> 
     </span>
     <span class='ocr_line' id='line_1_13' title="bbox 215 1306 2305 1376; baseline 0.002 -22"><span class='ocrx_word' id='word_1_117' title='bbox 215 1306 350 1370; x_wconf 89' lang='grc' dir='ltr'><em>μίαν</em></span> <span class='ocrx_word' id='word_1_118' title='bbox 389 1306 604 1375; x_wconf 81' lang='grc' dir='ltr'><em>ἔφαμεν</em></span> <span class='ocrx_word' id='word_1_119' title='bbox 643 1307 872 1366; x_wconf 88' lang='grc' dir='ltr'><em>πάντως</em></span> <span class='ocrx_word' id='word_1_120' title='bbox 900 1306 1025 1355; x_wconf 77' lang='grc' dir='ltr'><em>οὔτε</em></span> <span class='ocrx_word' id='word_1_121' title='bbox 1052 1306 1471 1372; x_wconf 85' lang='grc' dir='ltr'><em>ἀνεπίγνωστον</em></span> <span class='ocrx_word' id='word_1_122' title='bbox 1509 1308 1598 1356; x_wconf 85' lang='grc' dir='ltr'><em>ὅτι</em></span> <span class='ocrx_word' id='word_1_123' title='bbox 1625 1308 1847 1368; x_wconf 89' lang='grc' dir='ltr'><em>Δίωνός</em></span> <span class='ocrx_word' id='word_1_124' title='bbox 1874 1309 2028 1358; x_wconf 90' lang='grc' dir='ltr'><em>ἐστιν</em></span> <span class='ocrx_word' id='word_1_125' title='bbox 2056 1312 2305 1376; x_wconf 85' lang='grc' dir='ltr'><em>ἑκατέρα,</em></span> 
     </span>
     <span class='ocr_line' id='line_1_14' title="bbox 216 1387 2306 1460; baseline 0.001 -20"><span class='ocrx_word' id='word_1_126' title='bbox 216 1396 309 1440; x_wconf 91' lang='grc' dir='ltr'><em>νῦν</em></span> <span class='ocrx_word' id='word_1_127' title='bbox 345 1392 447 1456; x_wconf 85' lang='grc' dir='ltr'><em>μὲν</em></span> <span class='ocrx_word' id='word_1_128' title='bbox 485 1392 722 1460; x_wconf 81' lang='grc' dir='ltr'><em>ῥήτορος</em></span> <span class='ocrx_word' id='word_1_129' title='bbox 760 1388 978 1456; x_wconf 89' lang='grc' dir='ltr'><em>ἀνδρός,</em></span> <span class='ocrx_word' id='word_1_130' title='bbox 1018 1396 1111 1440; x_wconf 89' lang='grc' dir='ltr'><em>νῦν</em></span> <span class='ocrx_word' id='word_1_131' title='bbox 1140 1387 1197 1440; x_wconf 81' lang='grc' dir='ltr'><em>δὲ</em></span> <span class='ocrx_word' id='word_1_132' title='bbox 1227 1387 1538 1454; x_wconf 82' lang='grc' dir='ltr'><em>πολιτικοῦ,</em></span> <span class='ocrx_word' id='word_1_133' title='bbox 1581 1393 1724 1442; x_wconf 80' lang='grc' dir='ltr'><em>οὕτω</em></span> <span class='ocrx_word' id='word_1_134' title='bbox 1762 1394 1855 1442; x_wconf 80' lang='grc' dir='ltr'><em>καὶ</em></span> <span class='ocrx_word' id='word_1_135' title='bbox 1892 1392 1993 1453; x_wconf 83' lang='grc' dir='ltr'><em>τὰς</em></span> <span class='ocrx_word' id='word_1_136' title='bbox 2034 1390 2306 1456; x_wconf 87' lang='grc' dir='ltr'><em>διανοίας,</em></span> 
     </span>
     <span class='ocr_line' id='line_1_15' title="bbox 218 1472 2307 1546; baseline 0.001 -21"><span class='ocrx_word' id='word_1_137' title='bbox 218 1477 375 1535; x_wconf 86' lang='grc' dir='ltr'><em>ὅστις</em></span> <span class='ocrx_word' id='word_1_138' title='bbox 414 1475 510 1524; x_wconf 82' lang='grc' dir='ltr'><em>οὐκ</em></span> <span class='ocrx_word' id='word_1_139' title='bbox 549 1475 715 1535; x_wconf 82' lang='grc' dir='ltr'><em>αὐτὸς</em></span> <span class='ocrx_word' id='word_1_140' title='bbox 756 1472 880 1539; x_wconf 88' lang='grc' dir='ltr'><em>δίχα</em></span> <span class='ocrx_word' id='word_1_141' title='bbox 931 1472 1187 1535; x_wconf 89' lang='grc' dir='ltr'><em>διανοίας</em></span> <span class='ocrx_word' id='word_1_142' title='bbox 1225 1472 1524 1541; x_wconf 81' lang='grc' dir='ltr'><em>ἐπιβάλλει</em></span> <span class='ocrx_word' id='word_1_143' title='bbox 1571 1476 1672 1537; x_wconf 84' lang='grc' dir='ltr'><em>τάς</em></span> <span class='ocrx_word' id='word_1_144' title='bbox 1723 1477 1888 1543; x_wconf 79' lang='grc' dir='ltr'><em>ὄψεις</em></span> <span class='ocrx_word' id='word_1_145' title='bbox 1936 1478 2043 1544; x_wconf 80' lang='grc' dir='ltr'><em>ὅτῳ</em></span> <span class='ocrx_word' id='word_1_146' title='bbox 2092 1475 2155 1546; x_wconf 85' lang='grc' dir='ltr'><em>δὴ</em></span> <span class='ocrx_word' id='word_1_147' title='bbox 2197 1483 2307 1527; x_wconf 89' lang='grc' dir='ltr'><em>τῶν</em></span> 
     </span>
     <span class='ocr_line' id='line_1_16' title="bbox 214 1557 2391 1626; baseline 0 -16"><span class='ocrx_word' id='word_1_148' title='bbox 214 1557 450 1626; x_wconf 90' lang='grc' dir='ltr'><em>βιβλίων</em></span> <span class='ocrx_word' id='word_1_149' title='bbox 501 1560 696 1622; x_wconf 83' lang='grc' dir='ltr'><em>αὐτοῦ,</em></span> <span class='ocrx_word' id='word_1_150' title='bbox 747 1561 1126 1626; x_wconf 79' lang='grc' dir='ltr'><em>ἐπιγνώσεται</em></span> <span class='ocrx_word' id='word_1_151' title='bbox 1162 1561 1388 1621; x_wconf 91' lang='grc' dir='ltr'><em>Δίωνος</em></span> <span class='ocrx_word' id='word_1_152' title='bbox 1437 1560 1609 1621; x_wconf 79' lang='grc' dir='ltr'><em>οὔσας</em></span> <span class='ocrx_word' id='word_1_153' title='bbox 1659 1562 1717 1611; x_wconf 90' lang='grc' dir='ltr'><em>ἐν</em></span> <span class='ocrx_word' id='word_1_154' title='bbox 1766 1565 1891 1611; x_wconf 87' lang='grc' dir='ltr'><em>ταῖν</em></span> <span class='ocrx_word' id='word_1_155' title='bbox 1939 1558 2088 1611; x_wconf 88' lang='grc' dir='ltr'><em>δυεῖν</em></span> <span class='ocrx_word' id='word_1_156' title='bbox 2129 1558 2318 1611; x_wconf 59' lang='grc' dir='ltr'><em>ἰδεάινΥ</em></span> <span class='ocrx_word' id='word_1_157' title='bbox 2346 1569 2391 1611; x_wconf 76' lang='grc'><em>15</em></span> 
     </span>
     <span class='ocr_line' id='line_1_17' title="bbox 215 1642 2306 1714; baseline 0.001 -21"><span class='ocrx_word' id='word_1_158' title='bbox 215 1650 326 1694; x_wconf 89' lang='grc' dir='ltr'><em>τῶν</em></span> <span class='ocrx_word' id='word_1_159' title='bbox 363 1645 729 1695; x_wconf 81' lang='grc' dir='ltr'><em>ὑποθέσεων·</em></span> <span class='ocrx_word' id='word_1_160' title='bbox 777 1645 877 1694; x_wconf 82' lang='grc' dir='ltr'><em>κᾶν</em></span> <span class='ocrx_word' id='word_1_161' title='bbox 916 1646 979 1694; x_wconf 83' lang='grc' dir='ltr'><em>τὸ</em></span> <span class='ocrx_word' id='word_1_162' title='bbox 1020 1642 1374 1714; x_wconf 80' lang='grc' dir='ltr'><em>φαυλότατον</em></span> <span class='ocrx_word' id='word_1_163' title='bbox 1413 1646 1763 1713; x_wconf 83' lang='grc' dir='ltr'><em>προχειρίσῃ,</em></span> <span class='ocrx_word' id='word_1_164' title='bbox 1802 1647 1898 1695; x_wconf 83' lang='grc' dir='ltr'><em>τὸν</em></span> <span class='ocrx_word' id='word_1_165' title='bbox 1935 1647 2131 1695; x_wconf 89' lang='grc' dir='ltr'><em>Δίωνα</em></span> <span class='ocrx_word' id='word_1_166' title='bbox 2171 1647 2306 1712; x_wconf 81' lang='grc' dir='ltr'><em>ὄψει</em></span> 
     </span>
     <span class='ocr_line' id='line_1_18' title="bbox 218 1726 2304 1798; baseline 0 -20"><span class='ocrx_word' id='word_1_167' title='bbox 218 1731 315 1780; x_wconf 84' lang='grc' dir='ltr'><em>τὸν</em></span> <span class='ocrx_word' id='word_1_168' title='bbox 354 1731 754 1798; x_wconf 89' lang='grc' dir='ltr'><em>ποριμώτατον</em></span> <span class='ocrx_word' id='word_1_169' title='bbox 791 1736 860 1798; x_wconf 83' lang='grc' dir='ltr'><em>τῇ</em></span> <span class='ocrx_word' id='word_1_170' title='bbox 897 1730 1161 1798; x_wconf 75' lang='grc' dir='ltr'><em>ῥητορεία</em></span> <span class='ocrx_word' id='word_1_171' title='bbox 1199 1731 1413 1789; x_wconf 82' lang='grc' dir='ltr'><em>παντὸς</em></span> <span class='ocrx_word' id='word_1_172' title='bbox 1439 1726 1680 1797; x_wconf 78' lang='grc' dir='ltr'><em>ἐξευρεῖν</em></span> <span class='ocrx_word' id='word_1_173' title='bbox 1709 1727 1932 1796; x_wconf 85' lang='grc' dir='ltr'><em>λόγους·</em></span> <span class='ocrx_word' id='word_1_174' title='bbox 1971 1729 2166 1798; x_wconf 75' lang='grc' dir='ltr'><em>μακρῷ</em></span> <span class='ocrx_word' id='word_1_175' title='bbox 2200 1730 2304 1797; x_wconf 83' lang='grc' dir='ltr'><em>γὰρ</em></span> 
     </span>
     <span class='ocr_line' id='line_1_19' title="bbox 69 1811 2305 1884; baseline -0 -20"><span class='ocrx_word' id='word_1_176' title='bbox 69 1827 194 1870; x_wconf 69' lang='lat'>(193)</span> <span class='ocrx_word' id='word_1_177' title='bbox 220 1812 282 1884; x_wconf 86' lang='grc' dir='ltr'><em>δὴ</em></span> <span class='ocrx_word' id='word_1_178' title='bbox 328 1820 618 1884; x_wconf 84' lang='grc' dir='ltr'><em>σοφιστῶν</em></span> <span class='ocrx_word' id='word_1_179' title='bbox 656 1814 796 1863; x_wconf 85' lang='grc' dir='ltr'><em>κατά</em></span> <span class='ocrx_word' id='word_1_180' title='bbox 835 1815 898 1863; x_wconf 86' lang='grc' dir='ltr'><em>τὸ</em></span> <span class='ocrx_word' id='word_1_181' title='bbox 937 1815 1295 1884; x_wconf 84' lang='grc' dir='ltr'><em>ἐπιχειρῆσαι</em></span> <span class='ocrx_word' id='word_1_182' title='bbox 1324 1811 1614 1883; x_wconf 84' lang='grc' dir='ltr'><em>διήνεγκεν.</em></span> <span class='ocrx_word' id='word_1_183' title='bbox 1681 1815 1731 1864; x_wconf 89' lang='grc' dir='ltr'><em>εἰ</em></span> <span class='ocrx_word' id='word_1_184' title='bbox 1771 1812 1833 1864; x_wconf 85' lang='grc' dir='ltr'><em>δέ</em></span> <span class='ocrx_word' id='word_1_185' title='bbox 1868 1832 1955 1875; x_wconf 91' lang='grc' dir='ltr'><em>τις</em></span> <span class='ocrx_word' id='word_1_186' title='bbox 1993 1815 2087 1864; x_wconf 81' lang='grc' dir='ltr'><em>καὶ</em></span> <span class='ocrx_word' id='word_1_187' title='bbox 2117 1816 2305 1883; x_wconf 79' lang='grc' dir='ltr'><em>ἕτερος</em></span> 
     </span>
     <span class='ocr_line' id='line_1_20' title="bbox 223 1896 2308 1969; baseline 0 -21"><span class='ocrx_word' id='word_1_188' title='bbox 223 1900 502 1969; x_wconf 84' lang='grc' dir='ltr'><em>σοφιστὴς</em></span> <span class='ocrx_word' id='word_1_189' title='bbox 549 1896 615 1968; x_wconf 80' lang='grc' dir='ltr'><em>ἦν</em></span> <span class='ocrx_word' id='word_1_190' title='bbox 664 1899 932 1967; x_wconf 79' lang='grc' dir='ltr'><em>εὔπορος,</em></span> <span class='ocrx_word' id='word_1_191' title='bbox 991 1896 1131 1948; x_wconf 83' lang='grc' dir='ltr'><em>ἀλλὰ</em></span> <span class='ocrx_word' id='word_1_192' title='bbox 1182 1896 1400 1949; x_wconf 85' lang='grc' dir='ltr'><em>πολλοῦ</em></span> <span class='ocrx_word' id='word_1_193' title='bbox 1452 1915 1510 1965; x_wconf 89' lang='grc' dir='ltr'><em>γε</em></span> <span class='ocrx_word' id='word_1_194' title='bbox 1559 1900 1652 1949; x_wconf 83' lang='grc' dir='ltr'><em>καὶ</em></span> <span class='ocrx_word' id='word_1_195' title='bbox 1699 1896 1792 1949; x_wconf 92' lang='grc' dir='ltr'><em>δεῖ</em></span> <span class='ocrx_word' id='word_1_196' title='bbox 1828 1896 2308 1968; x_wconf 85' lang='grc' dir='ltr'><em>παραβάλλεσθαι</em></span> 
     </span>
     <span class='ocr_line' id='line_1_21' title="bbox 219 1980 2396 2054; baseline 0 -21"><span class='ocrx_word' id='word_1_197' title='bbox 219 1986 365 2053; x_wconf 83' lang='grc' dir='ltr'><em>πρὸς</em></span> <span class='ocrx_word' id='word_1_198' title='bbox 413 1986 512 2054; x_wconf 81' lang='grc' dir='ltr'><em>τὴν</em></span> <span class='ocrx_word' id='word_1_199' title='bbox 559 1981 722 2034; x_wconf 87' lang='grc' dir='ltr'><em>τοῦδε</em></span> <span class='ocrx_word' id='word_1_200' title='bbox 770 1987 1114 2049; x_wconf 84' lang='grc' dir='ltr'><em>πυκνότητα·</em></span> <span class='ocrx_word' id='word_1_201' title='bbox 1173 1986 1287 2049; x_wconf 83' lang='grc' dir='ltr'><em>ἅμα</em></span> <span class='ocrx_word' id='word_1_202' title='bbox 1341 1982 1399 2034; x_wconf 80' lang='grc' dir='ltr'><em>δὲ</em></span> <span class='ocrx_word' id='word_1_203' title='bbox 1447 1985 1540 2034; x_wconf 83' lang='grc' dir='ltr'><em>καὶ</em></span> <span class='ocrx_word' id='word_1_204' title='bbox 1589 1985 1893 2053; x_wconf 89' lang='grc' dir='ltr'><em>θαυμαστή</em></span> <span class='ocrx_word' id='word_1_205' title='bbox 1946 2001 2034 2044; x_wconf 90' lang='grc' dir='ltr'><em>τις</em></span> <span class='ocrx_word' id='word_1_206' title='bbox 2091 1980 2306 2051; x_wconf 88' lang='grc' dir='ltr'><em>ἰδιότης</em></span> <span class='ocrx_word' id='word_1_207' title='bbox 2345 1994 2396 2034; x_wconf 89' lang='grc'><em>20</em></span> 
     </span>
     <span class='ocr_line' id='line_1_22' title="bbox 215 2065 2311 2139; baseline -0.001 -20"><span class='ocrx_word' id='word_1_208' title='bbox 215 2065 608 2138; x_wconf 81' lang='grc' dir='ltr'><em>χαρακτηρίζει</em></span> <span class='ocrx_word' id='word_1_209' title='bbox 656 2070 757 2130; x_wconf 83' lang='grc' dir='ltr'><em>τάς</em></span> <span class='ocrx_word' id='word_1_210' title='bbox 804 2071 1029 2130; x_wconf 89' lang='grc' dir='ltr'><em>Δίωνος</em></span> <span class='ocrx_word' id='word_1_211' title='bbox 1078 2071 1353 2131; x_wconf 88' lang='grc' dir='ltr'><em>ἐπινοίας.</em></span> <span class='ocrx_word' id='word_1_212' title='bbox 1443 2067 1692 2139; x_wconf 89' lang='grc' dir='ltr'><em>δηλούτω</em></span> <span class='ocrx_word' id='word_1_213' title='bbox 1756 2084 1848 2119; x_wconf 94' lang='grc' dir='ltr'><em>σοι</em></span> <span class='ocrx_word' id='word_1_214' title='bbox 1901 2071 1997 2119; x_wconf 88' lang='grc' dir='ltr'><em>τὸν</em></span> <span class='ocrx_word' id='word_1_215' title='bbox 2056 2067 2229 2137; x_wconf 84' lang='grc' dir='ltr'><em>ἄνδρα</em></span> <span class='ocrx_word' id='word_1_216' title='bbox 2281 2070 2311 2117; x_wconf 83' lang='grc' dir='ltr'><em>ὁ</em></span> 
     </span>
     <span class='ocr_line' id='line_1_23' title="bbox 212 2147 2311 2223; baseline -0.001 -19"><span class='ocrx_word' id='word_1_217' title='bbox 212 2147 497 2215; x_wconf 86' lang='grc' dir='ltr'><em>Ῥοδιακός</em></span> <span class='ocrx_word' id='word_1_218' title='bbox 545 2171 604 2204; x_wconf 91' lang='grc' dir='ltr'><em>τε</em></span> <span class='ocrx_word' id='word_1_219' title='bbox 652 2156 746 2205; x_wconf 85' lang='grc' dir='ltr'><em>καὶ</em></span> <span class='ocrx_word' id='word_1_220' title='bbox 795 2156 826 2204; x_wconf 84' lang='lat' dir='ltr'><em>o‘</em></span> <span class='ocrx_word' id='word_1_221' title='bbox 868 2157 1146 2223; x_wconf 90' lang='grc' dir='ltr'><em>Τρωικός·</em></span> <span class='ocrx_word' id='word_1_222' title='bbox 1207 2157 1257 2205; x_wconf 89' lang='grc' dir='ltr'><em>εἰ</em></span> <span class='ocrx_word' id='word_1_223' title='bbox 1309 2152 1366 2205; x_wconf 84' lang='grc' dir='ltr'><em>δὲ</em></span> <span class='ocrx_word' id='word_1_224' title='bbox 1415 2152 1634 2221; x_wconf 88' lang='grc' dir='ltr'><em>βούλει,</em></span> <span class='ocrx_word' id='word_1_225' title='bbox 1692 2155 1784 2204; x_wconf 83' lang='grc' dir='ltr'><em>καὶ</em></span> <span class='ocrx_word' id='word_1_226' title='bbox 1831 2155 1861 2203; x_wconf 83' lang='grc' dir='ltr'>ὁ</span> <span class='ocrx_word' id='word_1_227' title='bbox 1903 2159 2004 2203; x_wconf 87' lang='grc' dir='ltr'><em>τοῦ</em></span> <span class='ocrx_word' id='word_1_228' title='bbox 2037 2155 2311 2212; x_wconf 87' lang='grc' dir='ltr'><em>κώνωπος</em></span> 
     </span>
     <span class='ocr_line' id='line_1_24' title="bbox 221 2236 2314 2308; baseline -0 -20"><span class='ocrx_word' id='word_1_229' title='bbox 221 2239 472 2300; x_wconf 80' lang='grc' dir='ltr'><em>ἔπαινος.</em></span> <span class='ocrx_word' id='word_1_230' title='bbox 546 2236 922 2308; x_wconf 82' lang='grc' dir='ltr'><em>ἐσπουδάσθη</em></span> <span class='ocrx_word' id='word_1_231' title='bbox 973 2240 1076 2308; x_wconf 83' lang='grc' dir='ltr'><em>γάρ</em></span> <span class='ocrx_word' id='word_1_232' title='bbox 1126 2238 1204 2306; x_wconf 74' lang='grc' dir='ltr'><em>τῷ</em></span> <span class='ocrx_word' id='word_1_233' title='bbox 1244 2240 1428 2290; x_wconf 88' lang='grc' dir='ltr'><em>Δίωνι</em></span> <span class='ocrx_word' id='word_1_234' title='bbox 1474 2240 1568 2289; x_wconf 85' lang='grc' dir='ltr'><em>καὶ</em></span> <span class='ocrx_word' id='word_1_235' title='bbox 1605 2239 1673 2288; x_wconf 81' lang='grc' dir='ltr'><em>τὰ</em></span> <span class='ocrx_word' id='word_1_236' title='bbox 1713 2239 1974 2305; x_wconf 87' lang='grc' dir='ltr'><em>παίγνια,</em></span> <span class='ocrx_word' id='word_1_237' title='bbox 2027 2244 2314 2301; x_wconf 81' lang='grc' dir='ltr'><em>πανταχοῦ</em></span> 
     </span>
     <span class='ocr_line' id='line_1_25' title="bbox 220 2321 2313 2394; baseline -0.002 -19"><span class='ocrx_word' id='word_1_238' title='bbox 220 2331 288 2394; x_wconf 87' lang='grc' dir='ltr'><em>τῇ</em></span> <span class='ocrx_word' id='word_1_239' title='bbox 329 2326 498 2394; x_wconf 90' lang='grc' dir='ltr'><em>φύσει</em></span> <span class='ocrx_word' id='word_1_240' title='bbox 532 2328 827 2394; x_wconf 83' lang='grc' dir='ltr'><em>χρωμένῳ·</em></span> <span class='ocrx_word' id='word_1_241' title='bbox 877 2326 971 2375; x_wconf 84' lang='grc' dir='ltr'><em>καὶ</em></span> <span class='ocrx_word' id='word_1_242' title='bbox 1010 2326 1106 2375; x_wconf 80' lang='grc' dir='ltr'><em>οὐκ</em></span> <span class='ocrx_word' id='word_1_243' title='bbox 1144 2325 1210 2374; x_wconf 85' lang='grc' dir='ltr'><em>ἂν</em></span> <span class='ocrx_word' id='word_1_244' title='bbox 1251 2325 1599 2393; x_wconf 89' lang='grc' dir='ltr'><em>ἀπιστήσαις</em></span> <span class='ocrx_word' id='word_1_245' title='bbox 1646 2323 1783 2372; x_wconf 83' lang='grc' dir='ltr'><em>αὐτὰ</em></span> <span class='ocrx_word' id='word_1_246' title='bbox 1823 2330 1919 2393; x_wconf 87' lang='grc' dir='ltr'><em>τῆς</em></span> <span class='ocrx_word' id='word_1_247' title='bbox 1960 2323 2127 2392; x_wconf 79' lang='grc' dir='ltr'><em>αὐτῆς</em></span> <span class='ocrx_word' id='word_1_248' title='bbox 2167 2321 2313 2372; x_wconf 79' lang='grc' dir='ltr'><em>εἶναι</em></span> 
     </span>
     <span class='ocr_line' id='line_1_26' title="bbox 223 2407 2396 2479; baseline -0.001 -20"><span class='ocrx_word' id='word_1_249' title='bbox 223 2416 583 2479; x_wconf 85' lang='grc' dir='ltr'><em>παρασκευῆς</em></span> <span class='ocrx_word' id='word_1_250' title='bbox 620 2427 679 2459; x_wconf 90' lang='grc' dir='ltr'><em>τε</em></span> <span class='ocrx_word' id='word_1_251' title='bbox 716 2411 810 2460; x_wconf 84' lang='grc' dir='ltr'><em>καὶ</em></span> <span class='ocrx_word' id='word_1_252' title='bbox 849 2407 1151 2475; x_wconf 87' lang='grc' dir='ltr'><em>δυνάμεως.</em></span> <span class='ocrx_word' id='word_1_253' title='bbox 2348 2416 2396 2457; x_wconf 81' lang='lat'><em>25</em></span> 
     </span>
     <span class='ocr_line' id='line_1_27' title="bbox 371 2492 2309 2564; baseline -0.002 -20"><span class='ocrx_word' id='word_1_254' title='bbox 371 2496 558 2544; x_wconf 91' lang='grc' dir='ltr'><em>Ταῦτά</em></span> <span class='ocrx_word' id='word_1_255' title='bbox 585 2510 686 2560; x_wconf 92' lang='grc' dir='ltr'><em>μοι</em></span> <span class='ocrx_word' id='word_1_256' title='bbox 713 2496 844 2562; x_wconf 85' lang='grc' dir='ltr'><em>περὶ</em></span> <span class='ocrx_word' id='word_1_257' title='bbox 868 2495 1092 2555; x_wconf 88' lang='grc' dir='ltr'><em>Δίωνος</em></span> <span class='ocrx_word' id='word_1_258' title='bbox 1118 2496 1302 2545; x_wconf 89' lang='grc' dir='ltr'><em>εἰπεῖν</em></span> <span class='ocrx_word' id='word_1_259' title='bbox 1330 2492 1550 2564; x_wconf 84' lang='grc' dir='ltr'><em>ἐπῆλθε</em></span> <span class='ocrx_word' id='word_1_260' title='bbox 1590 2495 1735 2562; x_wconf 83' lang='grc' dir='ltr'><em>πρὸς</em></span> <span class='ocrx_word' id='word_1_261' title='bbox 1765 2495 1861 2543; x_wconf 84' lang='grc' dir='ltr'><em>τὸν</em></span> <span class='ocrx_word' id='word_1_262' title='bbox 1899 2493 2130 2560; x_wconf 83' lang='grc' dir='ltr'><em>ὕστερόν</em></span> <span class='ocrx_word' id='word_1_263' title='bbox 2169 2507 2309 2541; x_wconf 90' lang='grc' dir='ltr'><em>ποτε</em></span> 
     </span>
     <span class='ocr_line' id='line_1_28' title="bbox 225 2573 2314 2644; baseline -0.002 -16"><span class='ocrx_word' id='word_1_264' title='bbox 225 2576 406 2629; x_wconf 92' lang='grc' dir='ltr'><em>παῖδα</em></span> <span class='ocrx_word' id='word_1_265' title='bbox 447 2580 730 2643; x_wconf 82' lang='grc' dir='ltr'><em>ἐσόμενον,</em></span> <span class='ocrx_word' id='word_1_266' title='bbox 779 2580 909 2628; x_wconf 90' lang='grc' dir='ltr'><em>ἐπεί</em></span> <span class='ocrx_word' id='word_1_267' title='bbox 942 2595 1042 2644; x_wconf 92' lang='grc' dir='ltr'><em>μοι</em></span> <span class='ocrx_word' id='word_1_268' title='bbox 1077 2580 1170 2629; x_wconf 79' lang='grc' dir='ltr'><em>καὶ</em></span> <span class='ocrx_word' id='word_1_269' title='bbox 1209 2575 1477 2641; x_wconf 79' lang='grc' dir='ltr'><em>διεξιόντι</em></span> <span class='ocrx_word' id='word_1_270' title='bbox 1528 2579 1659 2638; x_wconf 82' lang='grc' dir='ltr'><em>τούς</em></span> <span class='ocrx_word' id='word_1_271' title='bbox 1698 2573 2103 2636; x_wconf 81' lang='grc' dir='ltr'><em>παντοδαπούς</em></span> <span class='ocrx_word' id='word_1_272' title='bbox 2142 2576 2314 2625; x_wconf 78' lang='grc' dir='ltr'><em>αὐτοῦ</em></span> 
     </span>
     <span class='ocr_line' id='line_1_29' title="bbox 226 2660 2312 2732; baseline -0.003 -18"><span class='ocrx_word' id='word_1_273' title='bbox 226 2662 422 2731; x_wconf 90' lang='grc' dir='ltr'><em>λόγους</em></span> <span class='ocrx_word' id='word_1_274' title='bbox 468 2661 675 2730; x_wconf 80' lang='grc' dir='ltr'><em>μεταξύ</em></span> <span class='ocrx_word' id='word_1_275' title='bbox 714 2666 776 2714; x_wconf 89' lang='grc' dir='ltr'><em>τὸ</em></span> <span class='ocrx_word' id='word_1_276' title='bbox 815 2666 1101 2730; x_wconf 91' lang='grc' dir='ltr'><em>μάντευμα</em></span> <span class='ocrx_word' id='word_1_277' title='bbox 1150 2668 1354 2731; x_wconf 87' lang='grc' dir='ltr'><em>γέγονε.</em></span> <span class='ocrx_word' id='word_1_278' title='bbox 1433 2665 1705 2732; x_wconf 84' lang='grc' dir='ltr'><em>πατρικὸν</em></span> <span class='ocrx_word' id='word_1_279' title='bbox 1756 2660 1818 2731; x_wconf 84' lang='grc' dir='ltr'><em>δή</em></span> <span class='ocrx_word' id='word_1_280' title='bbox 1871 2660 2172 2722; x_wconf 85' lang='grc' dir='ltr'><em>πέπονθα,</em></span> <span class='ocrx_word' id='word_1_281' title='bbox 2219 2660 2312 2709; x_wconf 88' lang='grc' dir='ltr'><em>καὶ</em></span> 
     </span>
     <span class='ocr_line' id='line_1_30' title="bbox 222 2746 2310 2820; baseline -0.004 -20"><span class='ocrx_word' id='word_1_282' title='bbox 222 2747 326 2820; x_wconf 82' lang='grc' dir='ltr'><em>ἤδη</em></span> <span class='ocrx_word' id='word_1_283' title='bbox 371 2754 618 2800; x_wconf 89' lang='grc' dir='ltr'><em>συνεῖναι</em></span> <span class='ocrx_word' id='word_1_284' title='bbox 655 2747 735 2816; x_wconf 72' lang='grc' dir='ltr'><em>τῷ</em></span> <span class='ocrx_word' id='word_1_285' title='bbox 773 2747 941 2800; x_wconf 86' lang='grc' dir='ltr'><em>παιδὶ</em></span> <span class='ocrx_word' id='word_1_286' title='bbox 977 2747 1256 2815; x_wconf 90' lang='grc' dir='ltr'><em>βούλομαι</em></span> <span class='ocrx_word' id='word_1_287' title='bbox 1305 2750 1398 2799; x_wconf 83' lang='grc' dir='ltr'><em>καὶ</em></span> <span class='ocrx_word' id='word_1_288' title='bbox 1438 2746 1722 2798; x_wconf 88' lang='grc' dir='ltr'><em>διδάσκειν</em></span> <span class='ocrx_word' id='word_1_289' title='bbox 1761 2748 1899 2795; x_wconf 80' lang='grc' dir='ltr'><em>ἅττα</em></span> <span class='ocrx_word' id='word_1_290' title='bbox 1944 2761 2044 2809; x_wconf 90' lang='grc' dir='ltr'><em>μοι</em></span> <span class='ocrx_word' id='word_1_291' title='bbox 2083 2747 2310 2813; x_wconf 87' lang='grc' dir='ltr'><em>φρονεῖν</em></span> 
     </span>
     <span class='ocr_line' id='line_1_31' title="bbox 224 2827 2394 2904; baseline -0.005 -19"><span class='ocrx_word' id='word_1_292' title='bbox 224 2837 417 2886; x_wconf 83' lang='grc' dir='ltr'><em>ἔπεισι</em></span> <span class='ocrx_word' id='word_1_293' title='bbox 455 2836 588 2903; x_wconf 80' lang='grc' dir='ltr'><em>περὶ</em></span> <span class='ocrx_word' id='word_1_294' title='bbox 626 2837 861 2884; x_wconf 81' lang='grc' dir='ltr'><em>ἑκάστου</em></span> <span class='ocrx_word' id='word_1_295' title='bbox 903 2838 1265 2904; x_wconf 86' lang='grc' dir='ltr'><em>συγγραφέως</em></span> <span class='ocrx_word' id='word_1_296' title='bbox 1312 2850 1372 2884; x_wconf 89' lang='grc' dir='ltr'><em>τε</em></span> <span class='ocrx_word' id='word_1_297' title='bbox 1409 2834 1502 2882; x_wconf 83' lang='grc' dir='ltr'><em>καὶ</em></span> <span class='ocrx_word' id='word_1_298' title='bbox 1542 2833 1995 2898; x_wconf 87' lang='grc' dir='ltr'><em>συγγράμματος,</em></span> <span class='ocrx_word' id='word_1_299' title='bbox 2049 2827 2311 2887; x_wconf 85' lang='grc' dir='ltr'><em>συνιστὰς</em></span> <span class='ocrx_word' id='word_1_300' title='bbox 2348 2835 2394 2876; x_wconf 84' lang='grc'><em>30</em></span> 
     </span>
     <span class='ocr_line' id='line_1_32' title="bbox 227 2911 2308 2988; baseline -0.005 -18"><span class='ocrx_word' id='word_1_301' title='bbox 227 2918 375 2986; x_wconf 75' lang='grc' dir='ltr'><em>αὐτῷ</em></span> <span class='ocrx_word' id='word_1_302' title='bbox 419 2916 619 2988; x_wconf 90' lang='grc' dir='ltr'><em>φίλους</em></span> <span class='ocrx_word' id='word_1_303' title='bbox 657 2916 864 2987; x_wconf 80' lang='grc' dir='ltr'><em>ἄνδρας</em></span> <span class='ocrx_word' id='word_1_304' title='bbox 901 2919 1041 2984; x_wconf 81' lang='grc' dir='ltr'><em>μετὰ</em></span> <span class='ocrx_word' id='word_1_305' title='bbox 1090 2925 1188 2987; x_wconf 86' lang='grc' dir='ltr'><em>τῆς</em></span> <span class='ocrx_word' id='word_1_306' title='bbox 1238 2918 1632 2985; x_wconf 88' lang='grc' dir='ltr'><em>προσηκούσης</em></span> <span class='ocrx_word' id='word_1_307' title='bbox 1670 2917 1902 2964; x_wconf 74' lang='grc' dir='ltr'><em>ἕκαστον</em></span> <span class='ocrx_word' id='word_1_308' title='bbox 1938 2913 2200 2980; x_wconf 89' lang='grc' dir='ltr'><em>κρίσεως·</em></span> <span class='ocrx_word' id='word_1_309' title='bbox 2251 2911 2308 2959; x_wconf 88' lang='grc' dir='ltr'><em>ἐν</em></span> 
     </span>
     <span class='ocr_line' id='line_1_33' title="bbox 228 2995 2311 3069; baseline -0.005 -15"><span class='ocrx_word' id='word_1_310' title='bbox 228 3004 314 3064; x_wconf 87' lang='grc' dir='ltr'><em>οἷς</em></span> <span class='ocrx_word' id='word_1_311' title='bbox 361 3005 505 3054; x_wconf 85' lang='grc' dir='ltr'><em>ἔστω</em></span> <span class='ocrx_word' id='word_1_312' title='bbox 554 3005 647 3054; x_wconf 83' lang='grc' dir='ltr'><em>καὶ</em></span> <span class='ocrx_word' id='word_1_313' title='bbox 697 3005 853 3053; x_wconf 88' lang='grc' dir='ltr'><em>Δίων</em></span> <span class='ocrx_word' id='word_1_314' title='bbox 905 3005 935 3052; x_wconf 84' lang='grc' dir='ltr'><em>ὁ</em></span> <span class='ocrx_word' id='word_1_315' title='bbox 977 3003 1334 3069; x_wconf 89' lang='grc' dir='ltr'><em>Προυσαεύς,</em></span> <span class='ocrx_word' id='word_1_316' title='bbox 1390 3001 1653 3067; x_wconf 84' lang='grc' dir='ltr'><em>περιττὸς</em></span> <span class='ocrx_word' id='word_1_317' title='bbox 1704 2999 1838 3065; x_wconf 84' lang='grc' dir='ltr'><em>ἀνὴρ</em></span> <span class='ocrx_word' id='word_1_318' title='bbox 1889 2997 2073 3046; x_wconf 86' lang='grc' dir='ltr'><em>εἰπεῖν</em></span> <span class='ocrx_word' id='word_1_319' title='bbox 2121 3011 2180 3044; x_wconf 90' lang='grc' dir='ltr'><em>τε</em></span> <span class='ocrx_word' id='word_1_320' title='bbox 2217 2995 2311 3044; x_wconf 83' lang='grc' dir='ltr'><em>καὶ</em></span> 
     </span>
     <span class='ocr_line' id='line_1_34' title="bbox 225 3080 2310 3155; baseline -0.005 -17"><span class='ocrx_word' id='word_1_321' title='bbox 225 3094 447 3155; x_wconf 86' lang='grc' dir='ltr'><em>γνῶναι.</em></span> <span class='ocrx_word' id='word_1_322' title='bbox 532 3089 626 3137; x_wconf 85' lang='grc' dir='ltr'><em>καὶ</em></span> <span class='ocrx_word' id='word_1_323' title='bbox 672 3094 869 3137; x_wconf 90' lang='grc' dir='ltr'><em>τοῦτον</em></span> <span class='ocrx_word' id='word_1_324' title='bbox 920 3087 1014 3136; x_wconf 75' lang='grc' dir='ltr'><em>οὖν</em></span> <span class='ocrx_word' id='word_1_325' title='bbox 1063 3087 1370 3145; x_wconf 86' lang='grc' dir='ltr'><em>ἐπαινέσας</em></span> <span class='ocrx_word' id='word_1_326' title='bbox 1421 3082 1572 3149; x_wconf 74' lang='grc' dir='ltr'><em>αὐτῷ</em></span> <span class='ocrx_word' id='word_1_327' title='bbox 1619 3080 2013 3150; x_wconf 90' lang='grc' dir='ltr'><em>παραδίδωμι,</em></span> <span class='ocrx_word' id='word_1_328' title='bbox 2074 3080 2162 3130; x_wconf 82' lang='grc' dir='ltr'><em>ἵνα</em></span> <span class='ocrx_word' id='word_1_329' title='bbox 2211 3095 2310 3143; x_wconf 92' lang='grc' dir='ltr'><em>μοι</em></span> 
     </span>
     <span class='ocr_line' id='line_1_35' title="bbox 226 3166 2310 3241; baseline -0.005 -19"><span class='ocrx_word' id='word_1_330' title='bbox 226 3172 366 3238; x_wconf 80' lang='grc' dir='ltr'><em>μετὰ</em></span> <span class='ocrx_word' id='word_1_331' title='bbox 416 3173 546 3232; x_wconf 78' lang='grc' dir='ltr'><em>τοὺς</em></span> <span class='ocrx_word' id='word_1_332' title='bbox 593 3178 691 3241; x_wconf 82' lang='grc' dir='ltr'><em>τῆς</em></span> <span class='ocrx_word' id='word_1_333' title='bbox 737 3171 994 3237; x_wconf 88' lang='grc' dir='ltr'><em>γενναίας</em></span> <span class='ocrx_word' id='word_1_334' title='bbox 1040 3167 1392 3239; x_wconf 90' lang='grc' dir='ltr'><em>φιλοσοφίας</em></span> <span class='ocrx_word' id='word_1_335' title='bbox 1441 3169 1766 3234; x_wconf 87' lang='grc' dir='ltr'><em>προστάτας</em></span> <span class='ocrx_word' id='word_1_336' title='bbox 1815 3166 2130 3234; x_wconf 89' lang='grc' dir='ltr'><em>ἀπάρχοιτό</em></span> <span class='ocrx_word' id='word_1_337' title='bbox 2169 3179 2310 3213; x_wconf 89' lang='grc' dir='ltr'><em>ποτε</em></span> 
     </span>
     <span class='ocr_line' id='line_1_36' title="bbox 226 3249 2396 3322; baseline -0.005 -16"><span class='ocrx_word' id='word_1_338' title='bbox 226 3258 319 3307; x_wconf 80' lang='grc' dir='ltr'><em>καὶ</em></span> <span class='ocrx_word' id='word_1_339' title='bbox 356 3260 477 3316; x_wconf 91' lang='grc' dir='ltr'><em>τοῖς</em></span> <span class='ocrx_word' id='word_1_340' title='bbox 515 3253 832 3315; x_wconf 90' lang='grc' dir='ltr'><em>πολιτικοῖς</em></span> <span class='ocrx_word' id='word_1_341' title='bbox 877 3261 979 3304; x_wconf 87' lang='grc' dir='ltr'><em>τοῦ</em></span> <span class='ocrx_word' id='word_1_342' title='bbox 1012 3255 1235 3314; x_wconf 88' lang='grc' dir='ltr'><em>Δίωνος</em></span> <span class='ocrx_word' id='word_1_343' title='bbox 1272 3254 1587 3322; x_wconf 86' lang='grc' dir='ltr'><em>γράμμασι,</em></span> <span class='ocrx_word' id='word_1_344' title='bbox 1637 3251 1913 3318; x_wconf 89' lang='grc' dir='ltr'><em>μεθόριον</em></span> <span class='ocrx_word' id='word_1_345' title='bbox 1963 3249 2101 3299; x_wconf 83' lang='grc' dir='ltr'><em>αὐτὰ</em></span> <span class='ocrx_word' id='word_1_346' title='bbox 2150 3249 2310 3318; x_wconf 85' lang='grc' dir='ltr'><em>ήγού-</em></span> <span class='ocrx_word' id='word_1_347' title='bbox 2347 3255 2396 3295; x_wconf 85' lang='grc'><em>35</em></span> 
     </span>
     <span class='ocr_line' id='line_1_37' title="bbox 227 3331 2236 3407; baseline -0.004 -16"><span class='ocrx_word' id='word_1_348' title='bbox 227 3357 393 3407; x_wconf 87' lang='grc' dir='ltr'><em>μενος</em></span> <span class='ocrx_word' id='word_1_349' title='bbox 431 3346 541 3390; x_wconf 88' lang='grc' dir='ltr'><em>τῶν</em></span> <span class='ocrx_word' id='word_1_350' title='bbox 581 3336 1097 3407; x_wconf 87' lang='grc' dir='ltr'><em>προπαιδευμάτων</em></span> <span class='ocrx_word' id='word_1_351' title='bbox 1135 3355 1194 3388; x_wconf 91' lang='grc' dir='ltr'><em>τε</em></span> <span class='ocrx_word' id='word_1_352' title='bbox 1230 3339 1324 3387; x_wconf 85' lang='grc' dir='ltr'><em>καὶ</em></span> <span class='ocrx_word' id='word_1_353' title='bbox 1360 3343 1457 3406; x_wconf 85' lang='grc' dir='ltr'><em>τῆς</em></span> <span class='ocrx_word' id='word_1_354' title='bbox 1484 3333 1916 3405; x_wconf 89' lang='grc' dir='ltr'><em>ἀληθινωτάτης</em></span> <span class='ocrx_word' id='word_1_355' title='bbox 1954 3331 2236 3393; x_wconf 85' lang='grc' dir='ltr'><em>παιδείας.</em></span> 
     </span>
    </p>
   </div>
   <div class='ocr_carea' id='block_1_3' title="bbox 230 3533 2312 3673">
    <p class='ocr_par' dir='ltr' id='par_1_3' title="bbox 230 3533 2312 3673">
     <span class='ocr_line' id='line_1_38' title="bbox 343 3533 2312 3605; baseline -0.004 -13"><span class='ocrx_word' id='word_1_356' title='bbox 343 3553 371 3592; x_wconf 91' lang='grc'>4</span> <span class='ocrx_word' id='word_1_357' title='bbox 401 3546 775 3605; x_wconf 83' lang='grc' dir='ltr'><em>προσενέγκηται</em></span> <span class='ocrx_word' id='word_1_358' title='bbox 805 3545 843 3588; x_wconf 89' lang='lat' dir='ltr'>L</span> <span class='ocrx_word' id='word_1_359' title='bbox 963 3548 1012 3588; x_wconf 88' lang='lat'><em>12</em></span> <span class='ocrx_word' id='word_1_360' title='bbox 1044 3545 1282 3596; x_wconf 85' lang='grc' dir='ltr'><em>παντοίως</em></span> <span class='ocrx_word' id='word_1_361' title='bbox 1313 3543 1351 3586; x_wconf 92' lang='lat' dir='ltr'>L</span> <span class='ocrx_word' id='word_1_362' title='bbox 1470 3545 1520 3586; x_wconf 85' lang='lat'><em>16</em></span> <span class='ocrx_word' id='word_1_363' title='bbox 1552 3545 1783 3601; x_wconf 83' lang='grc' dir='ltr'><em>προχειρῆ</em></span> <span class='ocrx_word' id='word_1_364' title='bbox 1811 3541 1850 3585; x_wconf 91' lang='lat' dir='ltr'>L</span> <span class='ocrx_word' id='word_1_365' title='bbox 1879 3554 1936 3585; x_wconf 85' lang='lat' dir='ltr'><em>m.</em></span> <span class='ocrx_word' id='word_1_366' title='bbox 1967 3554 2035 3597; x_wconf 89' lang='lat' dir='ltr'><em>pr.</em></span> <span class='ocrx_word' id='word_1_367' title='bbox 2138 3543 2186 3583; x_wconf 78' lang='lat'><em>17</em></span> <span class='ocrx_word' id='word_1_368' title='bbox 2218 3533 2312 3597; x_wconf 82' lang='grc' dir='ltr'><em>γὰρ</em></span> 
     </span>
     <span class='ocr_line' id='line_1_39' title="bbox 230 3606 2167 3673; baseline -0.006 -10"><span class='ocrx_word' id='word_1_369' title='bbox 230 3632 258 3663; x_wconf 83' lang='lat' dir='ltr'>a</span> <span class='ocrx_word' id='word_1_370' title='bbox 289 3631 405 3663; x_wconf 87' lang='lat' dir='ltr'>corr.</span> <span class='ocrx_word' id='word_1_371' title='bbox 437 3631 527 3662; x_wconf 87' lang='lat' dir='ltr'><strong>rec.</strong></span> <span class='ocrx_word' id='word_1_372' title='bbox 561 3617 598 3661; x_wconf 90' lang='lat' dir='ltr'>L</span> <span class='ocrx_word' id='word_1_373' title='bbox 745 3620 794 3660; x_wconf 86' lang='lat'><em>19</em></span> <span class='ocrx_word' id='word_1_374' title='bbox 826 3607 883 3673; x_wconf 72' lang='grc' dir='ltr'><em>ἦν</em></span> <span class='ocrx_word' id='word_1_375' title='bbox 911 3628 997 3660; x_wconf 88' lang='lat' dir='ltr'><em>om.</em></span> <span class='ocrx_word' id='word_1_376' title='bbox 1027 3615 1066 3658; x_wconf 90' lang='lat' dir='ltr'>L</span> <span class='ocrx_word' id='word_1_377' title='bbox 1211 3617 1264 3657; x_wconf 88' lang='grc'><em>20</em></span> <span class='ocrx_word' id='word_1_378' title='bbox 1296 3609 1468 3659; x_wconf 82' lang='grc' dir='ltr'><em>τούτου</em></span> <span class='ocrx_word' id='word_1_379' title='bbox 1496 3612 1535 3656; x_wconf 92' lang='lat' dir='ltr'>L</span> <span class='ocrx_word' id='word_1_380' title='bbox 1710 3615 1762 3656; x_wconf 85' lang='lat'><em>22</em></span> <span class='ocrx_word' id='word_1_381' title='bbox 1796 3606 1822 3657; x_wconf 82' lang='grc' dir='ltr'><em>ὃ</em></span> <span class='ocrx_word' id='word_1_382' title='bbox 1855 3610 1980 3668; x_wconf 85' lang='lat' dir='ltr'><strong>prius</strong></span> <span class='ocrx_word' id='word_1_383' title='bbox 2011 3623 2098 3654; x_wconf 90' lang='lat' dir='ltr'><em>om.</em></span> <span class='ocrx_word' id='word_1_384' title='bbox 2130 3608 2167 3651; x_wconf 91' lang='lat' dir='ltr'>L</span> 
     </span>
    </p>
   </div>
   <div class='ocr_carea' id='block_1_4' title="bbox 229 3686 583 3747">
    <p class='ocr_par' dir='ltr' id='par_1_4' title="bbox 229 3686 583 3747">
     <span class='ocr_line' id='line_1_40' title="bbox 229 3686 583 3747; baseline -0.006 -16"><span class='ocrx_word' id='word_1_385' title='bbox 229 3691 282 3732; x_wconf 86' lang='grc'><em>28</em></span> <span class='ocrx_word' id='word_1_386' title='bbox 318 3688 516 3747; x_wconf 81' lang='grc' dir='ltr'><em>γέγονεν</em></span> <span class='ocrx_word' id='word_1_387' title='bbox 546 3686 583 3729; x_wconf 77' lang='lat' dir='ltr'>L</span> 
     </span>
    </p>
   </div>
  </div>
 </body>
</html>
