2684 4140
1065 272 1290 319 ORATIO
1319 272 1443 319 XIX.
2199 273 2300 322 257

215 420 248 488 ἢ
287 416 639 480 πλάττοντας
677 415 821 469 ἴδοι·
858 420 952 470 καὶ
990 420 1066 480 ὡς
1105 423 1226 480 τοῖς
1252 416 1656 488 παιδοτρίβαις
1694 419 1790 469 οὐκ
1816 420 1981 488 ἀρκεῖ
2009 420 2194 472 εἰπεῖν
2231 420 2301 470 τὰ

198 501 588 570 ,παλαίσματα
601 544 616 568 ,
666 500 807 554 ἀλλὰ
845 505 938 555 καὶ
977 501 1157 567 δεῖξαι
1205 505 1409 573 ἀνάγκη
1449 503 1529 571 τῷ
1565 505 1977 574 μαθησομένῳ·
2028 506 2172 555 οὕτω
2208 506 2303 556 καὶ

217 590 275 639 ἐν
313 593 439 650 ταῖς
475 590 768 650 τοιαύταις
808 586 1174 656 συμβουλίαις
1211 586 1425 640 πλείων
1462 593 1494 659 ἠ
1537 586 1783 659 ὠφέλεια
1826 582 2062 657 γίγνοιτ’
2106 590 2200 653 ἄν,
2250 588 2310 640 εἴ

218 691 306 734 τις
344 674 510 724 αὐτὸν
547 675 868 742 πράττοντα
910 671 1026 724 ἴδοι
1066 676 1161 725 τὸν
1203 671 1730 741 συμβεβουλευκότα.
1795 676 1871 735 ὡς
1897 675 2083 741 ἔγωγε,
2120 674 2214 724 καὶ
2250 674 2301 724 εἰ

161 767 186 807 5
223 758 651 824 ἀναγιγνώσκειν
687 775 756 822 με
806 756 926 809 δέοι
966 764 1069 808 σοῦ
1104 759 1482 828 ἀκροωμένου,
1531 765 1630 829 τῆς
1682 765 1781 829 σῆς
1828 760 1982 809 ἕνεκα
2022 755 2303 828 ὠφελείας

216 841 312 892 οὐκ
348 842 415 892 ἂν
454 843 768 911 ὀκνήσαιμι,
816 847 1057 913 στέργων
1082 847 1145 894 τέ
1172 858 1232 894 σε
1269 845 1363 894 καὶ
1399 850 1497 914 τῆς
1537 850 1637 913 σῆς
1670 839 2000 913 φιλοτιμίας
2026 843 2301 910 ἀγάμενος

216 927 310 977 καὶ
345 933 444 995 τῆς
482 929 627 996 πρὸς
666 928 762 992 ἐμὲ
801 934 966 997 τιμῆς
997 930 1161 998 χάριν
1201 925 1381 989 εἰδώς.

51 1301 197 1344 (26οΜ)
397 1291 518 1357 (69)
564 1286 821 1353 ΠΕΡΙ
866 1286 1069 1352 ΤΗΣ
1116 1285 1465 1353 AYTOY
1516 1286 2137 1356 ΦΙΑΗΚΟΙΑΣ.

346 1523 595 1581 Ἐδέοντο
634 1531 734 1595 μὲν
783 1526 967 1579 πάλαι
1015 1535 1126 1580 τῶν
1168 1530 1387 1580 οἰκείων
1425 1535 1536 1580 τῶν
1573 1531 1722 1595 ἐμῶν
1770 1547 1918 1591 τινες
1955 1532 2299 1598 ἐντυγχάνειν
2340 1537 2363 1584 1

211 1626 338 1680 μοι·
388 1616 483 1665 καὶ
521 1621 632 1665 τῶν
674 1611 926 1665 πολιτῶν
966 1612 1024 1664 δὲ
1063 1612 1318 1682 ἐλέγοντο
1356 1615 1665 1680 ἐπιθυμεῖν
1706 1612 1912 1666 πολλοὶ
1946 1616 2302 1689 θεάσασθαι,

135 1707 182 1750 10
217 1695 537 1765 νομίζοντες
576 1697 750 1749 πλέον
789 1717 846 1749 τι
885 1700 1041 1768 παρὰ
1081 1701 1212 1760 τοὺς
1251 1697 1454 1760 ἄλλους
1492 1700 1635 1764 ἔχειν
1671 1717 1742 1765 με
1770 1697 1862 1750 διὰ
1901 1701 1999 1770 τὴν
2037 1698 2174 1770 ἄλην
2211 1702 2305 1751 καὶ

211 1787 310 1855 τὴν
347 1782 660 1854 μεταβολὴν
697 1790 801 1834 τοῦ
833 1785 959 1850 βίου
997 1785 1091 1835 καὶ
1129 1781 1222 1834 διὰ
1249 1786 1347 1854 τὴν
1376 1782 1647 1835 δοκοῦσαν
1675 1784 1867 1845 αὐτοῖς
1903 1790 2006 1834 τοῦ
2043 1786 2303 1850 σώματος

212 1868 633 1939 ταλαιπωρίαν·
673 1867 1037 1930 τελευτῶντες
1077 1867 1135 1919 δὲ
1174 1867 1277 1939 ἤδη
1317 1871 1411 1920 καὶ
1459 1867 1776 1932 ἐνεκάλουν,
1825 1867 2156 1920 ἀδικεῖσθαι
2196 1872 2303 1940 φά-

216 1969 454 2016 σκοντες.
528 1956 634 2022 ἐγὼ
676 1953 735 2005 δὲ
777 1955 874 2005 οὐκ
910 1952 1122 2024 ἤθελον
1161 1956 1318 2022 ἐγγυς
1358 1957 1504 2006 ἰέναι
1542 1956 1688 2023 πρὸς
1727 1955 1928 2015 αὐτοὺς
1965 1955 2096 2015 τοὺς
2123 1957 2302 2023 ὅρους,

214 2037 354 2090 ἀλλὰ
393 2038 575 2090 ἐδόκει
611 2056 712 2105 μοι
761 2042 824 2089 τὸ
870 2046 1094 2090 τοιοῦτο
1145 2037 1437 2100 παντελῶς
1486 2040 1805 2105 ἀχθομένου
1853 2041 2006 2099 τινὸς
2054 2038 2200 2089 εἶναι
2236 2046 2305 2108 τῇ

134 2132 182 2174 15
220 2132 367 2195 φυγῇ
402 2126 497 2175 καὶ
533 2125 953 2189 ἐπιθυμοῦντος
989 2122 1315 2175 κατελθεῖν·
1367 2125 1558 2192 ὥσπερ
1600 2126 1655 2174 οἱ
1689 2122 1862 2194 μηδὲν
1899 2121 2306 2184 καταλιπόντες

212 2211 270 2260 ἐν
307 2216 376 2278 τῇ
412 2206 594 2259 κύλικι
634 2206 795 2278 δῆλοί
832 2209 947 2258 εἰσι
984 2210 1132 2259 πάνυ
1174 2206 1470 2275 διψῶντες.
1555 2205 1743 2259 ἐλθὼν
1796 2209 1890 2259 οὖν
1941 2210 2023 2269 εἰς
2061 2203 2298 2269 Κύζικον
2337 2210 2369 2259 2

16 2306 190 2350 486311)
214 2296 335 2345 ἐκεῖ
365 2292 645 2363 διέτριβον
682 2295 775 2344 καὶ
812 2297 1109 2363 παρεῖχον,
1160 2292 1218 2344 εἴ
1257 2311 1344 2354 τις
1381 2290 1646 2359 βούλεταί
1681 2310 1781 2358 μοι
1818 2299 1929 2344 τῶν
1967 2290 2305 2362 ἐπιτηδείων

216 2380 631 2447 συγγίγνεσθαι.
707 2380 802 2430 καὶ
841 2377 904 2449 δὴ
946 2381 1009 2428 τὸ
1047 2385 1149 2428 τοῦ
1183 2376 1517 2447 κιθαρῳδοῦ
1551 2384 1715 2428 τοῦτο
1756 2378 1786 2427 ὃ
1834 2375 2086 2444 λέγουσιν
2126 2379 2308 2428 ἔσωσέ

211 2481 306 2529 με,
359 2456 506 2533 ᾠδήν
544 2481 669 2514 τινα
709 2456 927 2530 ᾄσαντα
968 2464 1174 2524 αὐτοῖς.
1254 2464 1382 2513 ἐπεὶ
1417 2463 1520 2532 γὰρ
1558 2462 1685 2532 ἧκεν
1725 2464 1755 2512 ὁ
1794 2464 2025 2531 ἀριστος
2063 2469 2173 2513 τῶν
2211 2469 2304 2513 νῦν

127 2557 177 2599 2ο
212 2546 569 2615 κιθαρῳδῶν,
609 2550 686 2609 ὡς
713 2541 766 2598 δ’
799 2549 943 2598 ἔνιοί
970 2561 1162 2618 φασιν,
1204 2545 1330 2598 οὐδὲ
1372 2553 1483 2598 τῶν
1522 2549 1798 2616 πρότερον
1827 2545 2051 2607 οὐδενὸς
2089 2545 2302 2597 ἐνδεέσ-

213 2649 399 2701 τερος,
450 2629 572 2683 ἀλλ’
631 2631 757 2683 οὐδὲ
791 2625 1044 2702 Ἀρίονος
1092 2639 1195 2683 τοῦ
1240 2634 1299 2683 ἐκ
1347 2630 1652 2699 πελάγους,
1698 2634 2102 2697 μαντευόμενοι
2140 2630 2306 2701 δῆλον

214 2720 318 2781 ὅτι,
358 2724 483 2778 πῶς
519 2719 623 2787 γὰρ
664 2719 730 2768 ἂν
770 2716 970 2768 εἰδεῖεν
1007 2720 1071 2768 τὸ
1114 2720 1296 2787 σαφὲς
1337 2718 1432 2767 οὐκ
1470 2718 1808 2778 ἀκούσαντες
1846 2717 2085 2778 ἐκείνου,·
2121 2744 2193 2751 -·
2229 2718 2305 2776 ὡς

215 2795 268 2852 δ’
314 2802 409 2852 οὖν
447 2800 686 2867 τάχιστα
713 2794 969 2871 ᾔσθοντο
998 2799 1383 2870 ἐπιδημοῦντα
1411 2803 1507 2851 τὸν
1535 2798 1727 2869 ἄνδρα,
1767 2801 1939 2860 εὐθὺς
1963 2802 2057 2850 καὶ
2085 2798 2301 2870 σπουδὴ

213 2888 495 2952 ἀμήχανος
531 2888 625 2937 καὶ
662 2885 871 2947 πάντες
907 2882 1166 2952 ἐβάδιζον
1206 2887 1287 2946 εἰς
1325 2887 1387 2934 τὸ
1435 2882 1844 2953 βουλευτήριον.
1930 2885 2035 2950 ἐγώ
2076 2884 2171 2934 οὖν
2209 2886 2304 2935 καὶ
2340 2884 2371 2934 3

134 2980 184 3023 25
221 2973 414 3035 αὐτὸς,
477 2970 686 3035 ἐξεῖναι
734 2968 975 3037 νομίζων
1020 2972 1114 3021 καὶ
1160 2974 1293 3039 ἡμῖν
1343 2971 1580 3019 ἀκοῦσαι
1625 2970 1718 3018 καὶ
1764 2965 2098 3032 μεταλαβεῖν
2160 2969 2304 3018 οὕτω

357 3168 382 3208 3
413 3167 580 3210 πλεῖον
610 3164 648 3206 Β
679 3164 848 3208 πλείον
878 3162 920 3207 U
1035 3157 1215 3220 ω’φέλια
1245 3161 1295 3203 Μ
1409 3154 1588 3219 γίνοιτ’
1620 3156 1680 3207 ἂν
1709 3160 1758 3203 Μ
1881 3164 1909 3204 4
1939 3155 2005 3213 ὡς
2032 3162 2113 3205 καὶ
2141 3159 2221 3204 UB

218 3238 242 3278 5
275 3228 619 3293 ἀναγινώσκειν
648 3233 687 3278 U
806 3226 1012 3289 ὠφελίας
1041 3233 1090 3275 Μ
1236 3235 1262 3276 6
1293 3230 1585 3291 στέργωντές
1615 3246 1670 3277 σε
1699 3230 1749 3274 Μ
1887 3234 1936 3274 10
1967 3226 2082 3288 ἄλην
2112 3234 2194 3277 καὶ
2223 3227 2309 3288 τὴν

212 3301 486 3365 μεταβολὴν
516 3303 721 3358 Geelius,
763 3299 909 3361 ἄλλην
936 3305 1018 3349 καὶ
1047 3298 1133 3360 τὴν
1160 3299 1434 3362 μεταβολὴν
1463 3302 1510 3346 Μ
1541 3298 1686 3359 ἄλλην
1713 3304 1794 3347 καὶ
1822 3298 2097 3360 μεταβολὴν
2125 3302 2162 3344 Β
2194 3298 2310 3360 ἄλην

215 3372 488 3435 μεταβολὴν
510 3375 548 3420 U
657 3377 708 3419 18
730 3375 1038 3432 συγγίνεσθαι
1059 3374 1096 3417 Β
1202 3376 1284 3420 καὶ
1304 3373 1356 3432 δὴ
1376 3376 1457 3419 καὶ
1478 3373 1517 3418 U
1619 3366 1648 3419 δ’
1670 3386 1756 3417 om.
1778 3371 1844 3418 M.
1880 3372 2100 3418 Videntur
2118 3372 2310 3417 trimetri

216 3446 375 3492 comici
394 3447 556 3490 latere:
589 3443 646 3492 τὸ
671 3447 758 3491 τοῦ
779 3446 1054 3503 κιθαρωδοῦ
1072 3437 1231 3498 τοῦθ’,
1264 3438 1292 3490 ὃ
1313 3437 1524 3502 λέγουσ’,
1556 3439 1707 3490 ἔσωσέ
1722 3459 1782 3500 με
1803 3437 1926 3504 φ’δήν
1945 3437 2039 3488 τιν’
2070 3437 2233 3497 αὐτοῖς
2253 3469 2308 3475 -

216 3520 270 3561 20
301 3520 398 3563 τῶν
428 3513 636 3577 πρώτων
668 3511 862 3569 οὐδενὸς
891 3515 932 3560 U
1067 3518 1117 3559 21
1152 3509 1377 3574 ἀρείονος
1406 3514 1538 3560 UBM
1682 3516 1771 3560 τοῦ
1798 3512 1854 3560 ἐκ
1880 3513 2108 3572 Reiskius,
2138 3512 2193 3559 ἐκ
2221 3516 2310 3561 τοῦ

214 3587 318 3632 libri
446 3592 499 3632 22
531 3584 592 3635 ἄν
621 3586 786 3634 εἰδεῖεν
815 3583 873 3632 τὸ
904 3585 1053 3645 σαφὲς
1084 3587 1122 3629 Β
1155 3585 1320 3632 εἰδεῖεν
1349 3581 1406 3632 τὸ
1438 3584 1588 3643 σαφὲς
1616 3587 1719 3640 (om.
1753 3579 1830 3640 ἄν)
1859 3584 1902 3630 U
1932 3579 1994 3630 ἂν
2022 3578 2162 3636 ἐντὸς
2192 3575 2310 3639 ἀφὲς

214 3658 264 3702 Μ
292 3672 351 3704 m.
382 3672 452 3716 pr.
598 3653 686 3705 οὐκ
716 3671 801 3704 om.
831 3657 872 3702 U
1017 3660 1070 3701 23
1099 3657 1270 3702 malim:
1302 3652 1443 3711 εὐθὺς
1470 3648 1529 3714 ἦν
1559 3651 1737 3716 σπουδὴ
1887 3657 1942 3698 24
1971 3648 2311 3714 βουλευτήριον

215 3734 475 3785 suspectum
504 3730 666 3776 Bethio
783 3732 836 3773 25
869 3719 1020 3783 οὕτως
1055 3729 1088 3773 U

299 3806 395 3842 DIO.
418 3807 469 3843 II.
1917 3797 1967 3838 17
