<?xml version="1.0" encoding="UTF-8"?>
<!DOCTYPE html PUBLIC "-//W3C//DTD XHTML 1.0 Transitional//EN"
    "http://www.w3.org/TR/xhtml1/DTD/xhtml1-transitional.dtd">
<html xmlns="http://www.w3.org/1999/xhtml" xml:lang="en" lang="en">
 <head>
  <title>
</title>
<meta http-equiv="Content-Type" content="text/html;charset=utf-8" />
  <meta name='ocr-system' content='tesseract 3.04.00' />
  <meta name='ocr-capabilities' content='ocr_page ocr_carea ocr_par ocr_line ocrx_word'/>
</head>
<body>
  <div class='ocr_page' id='page_1' title='image "./dionisprusaensis02diocuoft_0213.png"; bbox 0 0 2684 4140; ppageno 0'>
   <div class='ocr_carea' id='block_1_1' title="bbox 1061 298 2338 347">
    <p class='ocr_par' dir='ltr' id='par_1_1' title="bbox 1061 298 2338 347">
     <span class='ocr_line' id='line_1_1' title="bbox 1061 298 2338 347; baseline 0.001 -2"><span class='ocrx_word' id='word_1_1' title='bbox 1061 298 1287 345; x_wconf 83' lang='lat' dir='ltr'><strong>ORATIO</strong></span> <span class='ocrx_word' id='word_1_2' title='bbox 1318 298 1524 345; x_wconf 84' lang='lat' dir='ltr'>LXXIV.</span> <span class='ocrx_word' id='word_1_3' title='bbox 2236 298 2338 347; x_wconf 87' lang='grc'><strong><em>195</em></strong></span> 
     </span>
    </p>
   </div>
   <div class='ocr_carea' id='block_1_2' title="bbox 11 440 2425 2718">
    <p class='ocr_par' dir='ltr' id='par_1_2' title="bbox 246 440 2339 514">
     <span class='ocr_line' id='line_1_2' title="bbox 246 440 2339 514; baseline 0 -21"><span class='ocrx_word' id='word_1_4' title='bbox 246 444 342 493; x_wconf 80' lang='grc' dir='ltr'><strong><em>καὶ</em></strong></span> <span class='ocrx_word' id='word_1_5' title='bbox 379 445 475 494; x_wconf 89' lang='grc' dir='ltr'><strong><em>τὸν</em></strong></span> <span class='ocrx_word' id='word_1_6' title='bbox 501 449 594 494; x_wconf 80' lang='grc' dir='ltr'><strong><em>νῦν</em></strong></span> <span class='ocrx_word' id='word_1_7' title='bbox 624 456 715 493; x_wconf 92' lang='grc' dir='ltr'><strong><em>σοι</em></strong></span> <span class='ocrx_word' id='word_1_8' title='bbox 743 445 1083 513; x_wconf 92' lang='grc' dir='ltr'><strong><em>φαινόμενον</em></strong></span> <span class='ocrx_word' id='word_1_9' title='bbox 1109 443 1295 514; x_wconf 81' lang='grc' dir='ltr'><strong><em>πρᾷον</em></strong></span> <span class='ocrx_word' id='word_1_10' title='bbox 1320 445 1413 494; x_wconf 86' lang='grc' dir='ltr'><strong><em>καὶ</em></strong></span> <span class='ocrx_word' id='word_1_11' title='bbox 1439 441 1653 514; x_wconf 81' lang='grc' dir='ltr'><strong><em>πολλὴν</em></strong></span> <span class='ocrx_word' id='word_1_12' title='bbox 1680 440 2093 509; x_wconf 75' lang='grc' dir='ltr'><em>ἐνδεικνύμενον</em></span> <span class='ocrx_word' id='word_1_13' title='bbox 2118 443 2339 495; x_wconf 71' lang='grc' dir='ltr'><strong><em>εὔνοιαν</em></strong></span> 
     </span>
    </p>

    <p class='ocr_par' dir='ltr' id='par_1_3' title="bbox 247 525 2339 599">
     <span class='ocr_line' id='line_1_3' title="bbox 247 525 2339 599; baseline 0.001 -22"><span class='ocrx_word' id='word_1_14' title='bbox 247 529 340 578; x_wconf 82' lang='grc' dir='ltr'><strong><em>καὶ</em></strong></span> <span class='ocrx_word' id='word_1_15' title='bbox 381 525 631 598; x_wconf 85' lang='grc' dir='ltr'><strong><em>σπουδὴν</em></strong></span> <span class='ocrx_word' id='word_1_16' title='bbox 668 535 766 598; x_wconf 86' lang='grc' dir='ltr'><strong><em>τῆς</em></strong></span> <span class='ocrx_word' id='word_1_17' title='bbox 812 531 1084 599; x_wconf 81' lang='grc' dir='ltr'><strong><em>τυχούσης</em></strong></span> <span class='ocrx_word' id='word_1_18' title='bbox 1133 530 1321 590; x_wconf 82' lang='grc' dir='ltr'><strong><em>αἰτίας</em></strong></span> <span class='ocrx_word' id='word_1_19' title='bbox 1366 526 1794 597; x_wconf 81' lang='grc' dir='ltr'><strong><em>καταλαβούσης</em></strong></span> <span class='ocrx_word' id='word_1_20' title='bbox 1841 529 2036 597; x_wconf 79' lang='grc' dir='ltr'><strong><em>ἄγριον</em></strong></span> <span class='ocrx_word' id='word_1_21' title='bbox 2086 530 2339 599; x_wconf 83' lang='grc' dir='ltr'><strong><em>εὑρήσεις</em></strong></span> 
     </span>
    </p>

    <p class='ocr_par' dir='ltr' id='par_1_4' title="bbox 17 609 2407 770">
     <span class='ocr_line' id='line_1_4' title="bbox 17 609 2407 683; baseline 0.003 -23"><span class='ocrx_word' id='word_1_22' title='bbox 17 627 19 672; x_wconf 75' lang='grc' dir='ltr'>ι</span> <span class='ocrx_word' id='word_1_23' title='bbox 246 613 341 662; x_wconf 82' lang='grc' dir='ltr'><strong><em>καὶ</em></strong></span> <span class='ocrx_word' id='word_1_24' title='bbox 380 609 630 676; x_wconf 85' lang='grc' dir='ltr'><strong><em>χαλεπὸν</em></strong></span> <span class='ocrx_word' id='word_1_25' title='bbox 675 614 769 663; x_wconf 84' lang='grc' dir='ltr'><strong><em>καὶ</em></strong></span> <span class='ocrx_word' id='word_1_26' title='bbox 816 618 928 664; x_wconf 79' lang='grc' dir='ltr'><strong><em>πᾶν</em></strong></span> <span class='ocrx_word' id='word_1_27' title='bbox 976 615 1162 665; x_wconf 80' lang='grc' dir='ltr'><em>ὁτιοῦν</em></span> <span class='ocrx_word' id='word_1_28' title='bbox 1221 615 1387 664; x_wconf 85' lang='grc' dir='ltr'><strong><em>κακὸν</em></strong></span> <span class='ocrx_word' id='word_1_29' title='bbox 1438 615 1663 679; x_wconf 83' lang='grc' dir='ltr'><strong><em>ἕτοιμον</em></strong></span> <span class='ocrx_word' id='word_1_30' title='bbox 1711 615 2085 683; x_wconf 89' lang='grc' dir='ltr'><strong><em>ἐργάσασθαι.</em></strong></span> <span class='ocrx_word' id='word_1_31' title='bbox 2180 617 2334 666; x_wconf 89' lang='grc' dir='ltr'><strong><em>πόσα</em></strong></span> <span class='ocrx_word' id='word_1_32' title='bbox 2374 616 2407 668; x_wconf 86' lang='grc'>8</span> 
     </span>
     <span class='ocr_line' id='line_1_5' title="bbox 250 694 2338 770; baseline 0.002 -24"><span class='ocrx_word' id='word_1_33' title='bbox 250 694 431 757; x_wconf 88' lang='grc' dir='ltr'><strong><em>δοκεῖς</em></strong></span> <span class='ocrx_word' id='word_1_34' title='bbox 467 698 565 766; x_wconf 83' lang='grc' dir='ltr'><strong><em>τὴν</em></strong></span> <span class='ocrx_word' id='word_1_35' title='bbox 603 695 866 766; x_wconf 87' lang='grc' dir='ltr'><strong><em>Μήδειαν</em></strong></span> <span class='ocrx_word' id='word_1_36' title='bbox 905 696 1185 761; x_wconf 79' lang='grc' dir='ltr'><strong><em>εὔξασθαι</em></strong></span> <span class='ocrx_word' id='word_1_37' title='bbox 1222 703 1343 760; x_wconf 89' lang='grc' dir='ltr'><strong><em>τοῖς</em></strong></span> <span class='ocrx_word' id='word_1_38' title='bbox 1379 699 1545 760; x_wconf 92' lang='grc' dir='ltr'><strong><em>θεοῖς</em></strong></span> <span class='ocrx_word' id='word_1_39' title='bbox 1582 699 1725 767; x_wconf 82' lang='grc' dir='ltr'><strong><em>ὑπὲρ</em></strong></span> <span class='ocrx_word' id='word_1_40' title='bbox 1765 705 1875 749; x_wconf 83' lang='grc' dir='ltr'><strong><em>τῶν</em></strong></span> <span class='ocrx_word' id='word_1_41' title='bbox 1920 703 2123 750; x_wconf 90' lang='grc' dir='ltr'><strong><em>τέκνων</em></strong></span> <span class='ocrx_word' id='word_1_42' title='bbox 2160 701 2192 770; x_wconf 89' lang='grc' dir='ltr'><em>ἢ</em></span> <span class='ocrx_word' id='word_1_43' title='bbox 2234 715 2338 750; x_wconf 88' lang='grc' dir='ltr'><strong><em>πο-</em></strong></span> 
     </span>
    </p>

    <p class='ocr_par' dir='ltr' id='par_1_5' title="bbox 192 775 2342 1107">
     <span class='ocr_line' id='line_1_6' title="bbox 192 775 2339 854; baseline 0.003 -25"><span class='ocrx_word' id='word_1_44' title='bbox 192 788 217 830; x_wconf 83' lang='lat'><strong>5</strong></span> <span class='ocrx_word' id='word_1_45' title='bbox 257 783 415 840; x_wconf 86' lang='grc' dir='ltr'><strong><em>σάκις</em></strong></span> <span class='ocrx_word' id='word_1_46' title='bbox 467 781 778 847; x_wconf 79' lang='grc' dir='ltr'><strong><em>ἀγωνιᾶσαι</em></strong></span> <span class='ocrx_word' id='word_1_47' title='bbox 834 785 1149 834; x_wconf 90' lang='grc' dir='ltr'><strong><em>νοσούντων</em></strong></span> <span class='ocrx_word' id='word_1_48' title='bbox 1195 783 1227 852; x_wconf 89' lang='grc' dir='ltr'><em>ἢ</em></span> <span class='ocrx_word' id='word_1_49' title='bbox 1291 784 1535 843; x_wconf 78' lang='grc' dir='ltr'><strong><em>ποσάκις</em></strong></span> <span class='ocrx_word' id='word_1_50' title='bbox 1593 775 1718 833; x_wconf 78' lang='grc' dir='ltr'><strong><em>ἀντ’</em></strong></span> <span class='ocrx_word' id='word_1_51' title='bbox 1771 784 1995 834; x_wconf 80' lang='grc' dir='ltr'><strong><em>ἐκείνων</em></strong></span> <span class='ocrx_word' id='word_1_52' title='bbox 2054 785 2223 854; x_wconf 80' lang='grc' dir='ltr'><strong><em>αὐτὴν</em></strong></span> <span class='ocrx_word' id='word_1_53' title='bbox 2272 785 2339 835; x_wconf 86' lang='grc' dir='ltr'><strong><em>ἀν</em></strong></span> 
     </span>
     <span class='ocr_line' id='line_1_7' title="bbox 248 860 2337 939; baseline 0.001 -24"><span class='ocrx_word' id='word_1_54' title='bbox 248 862 488 915; x_wconf 77' lang='grc' dir='ltr'><strong><em>ἑλέσθαι</em></strong></span> <span class='ocrx_word' id='word_1_55' title='bbox 524 863 784 917; x_wconf 85' lang='grc' dir='ltr'><strong><em>τελευτᾶν</em></strong></span> <span class='ocrx_word' id='word_1_56' title='bbox 796 884 815 928; x_wconf 91' lang='grc'><strong><em>,·</em></strong></span> <span class='ocrx_word' id='word_1_57' title='bbox 865 860 991 917; x_wconf 80' lang='grc' dir='ltr'><strong><em>ἀλλ’</em></strong></span> <span class='ocrx_word' id='word_1_58' title='bbox 1047 870 1199 933; x_wconf 84' lang='grc' dir='ltr'><strong><em>ὅμως</em></strong></span> <span class='ocrx_word' id='word_1_59' title='bbox 1248 868 1502 936; x_wconf 84' lang='grc' dir='ltr'><strong><em>αὐτόχειρ</em></strong></span> <span class='ocrx_word' id='word_1_60' title='bbox 1555 868 1736 918; x_wconf 84' lang='grc' dir='ltr'><strong><em>αὐτῶν</em></strong></span> <span class='ocrx_word' id='word_1_61' title='bbox 1785 869 2016 935; x_wconf 87' lang='grc' dir='ltr'><strong><em>ἐγένετο.</em></strong></span> <span class='ocrx_word' id='word_1_62' title='bbox 2103 871 2165 939; x_wconf 83' lang='grc' dir='ltr'><strong><em>νὴ</em></strong></span> <span class='ocrx_word' id='word_1_63' title='bbox 2205 870 2337 932; x_wconf 89' lang='grc' dir='ltr'><strong><em>Δία,</em></strong></span> 
     </span>
     <span class='ocr_line' id='line_1_8' title="bbox 247 947 2339 1021; baseline 0.001 -20"><span class='ocrx_word' id='word_1_64' title='bbox 247 952 369 1020; x_wconf 89' lang='grc' dir='ltr'><strong><em>ἐρεῖ</em></strong></span> <span class='ocrx_word' id='word_1_65' title='bbox 399 968 512 1013; x_wconf 87' lang='grc' dir='ltr'><strong><em>τις,</em></strong></span> <span class='ocrx_word' id='word_1_66' title='bbox 566 947 888 1021; x_wconf 80' lang='grc' dir='ltr'><strong><em>ὀργιζομένη</em></strong></span> <span class='ocrx_word' id='word_1_67' title='bbox 936 953 1030 1003; x_wconf 86' lang='grc' dir='ltr'><strong><em>καὶ</em></strong></span> <span class='ocrx_word' id='word_1_68' title='bbox 1079 948 1485 1021; x_wconf 80' lang='grc' dir='ltr'><strong><em>ζηλοτυποῦσα.</em></strong></span> <span class='ocrx_word' id='word_1_69' title='bbox 1570 954 1702 1013; x_wconf 81' lang='grc' dir='ltr'><strong><em>τοὺς</em></strong></span> <span class='ocrx_word' id='word_1_70' title='bbox 1753 950 2000 1013; x_wconf 80' lang='grc' dir='ltr'><strong><em>πολλοὺς</em></strong></span> <span class='ocrx_word' id='word_1_71' title='bbox 2040 950 2099 1004; x_wconf 86' lang='grc' dir='ltr'><strong><em>δὲ</em></strong></span> <span class='ocrx_word' id='word_1_72' title='bbox 2141 953 2236 1003; x_wconf 84' lang='grc' dir='ltr'><strong><em>οὐκ</em></strong></span> <span class='ocrx_word' id='word_1_73' title='bbox 2272 954 2339 1003; x_wconf 86' lang='grc' dir='ltr'><strong><em>ἂν</em></strong></span> 
     </span>
     <span class='ocr_line' id='line_1_9' title="bbox 249 1030 2342 1107; baseline 0.001 -22"><span class='ocrx_word' id='word_1_74' title='bbox 249 1034 358 1086; x_wconf 85' lang='grc' dir='ltr'><strong><em>οἴει</em></strong></span> <span class='ocrx_word' id='word_1_75' title='bbox 397 1030 523 1104; x_wconf 84' lang='grc' dir='ltr'><strong><em>[καὶ]</em></strong></span> <span class='ocrx_word' id='word_1_76' title='bbox 564 1033 982 1107; x_wconf 84' lang='grc' dir='ltr'><strong><em>ζηλοτυπῆσαι;</em></strong></span> <span class='ocrx_word' id='word_1_77' title='bbox 1017 1038 1076 1087; x_wconf 93' lang='grc' dir='ltr'><strong><em>τί</em></strong></span> <span class='ocrx_word' id='word_1_78' title='bbox 1113 1035 1204 1099; x_wconf 87' lang='grc' dir='ltr'><strong><em>δέ,·</em></strong></span> <span class='ocrx_word' id='word_1_79' title='bbox 1243 1037 1568 1106; x_wconf 86' lang='grc' dir='ltr'><strong><em>φθονῆσαι,·</em></strong></span> <span class='ocrx_word' id='word_1_80' title='bbox 1605 1038 1663 1086; x_wconf 92' lang='grc' dir='ltr'><strong><em>τί</em></strong></span> <span class='ocrx_word' id='word_1_81' title='bbox 1701 1034 1792 1098; x_wconf 90' lang='grc' dir='ltr'><strong><em>δέ,·</em></strong></span> <span class='ocrx_word' id='word_1_82' title='bbox 1828 1034 2094 1099; x_wconf 88' lang='grc' dir='ltr'><strong><em>ἐλπίσαι,·</em></strong></span> <span class='ocrx_word' id='word_1_83' title='bbox 2147 1035 2342 1102; x_wconf 88' lang='grc' dir='ltr'><strong><em>σχεδὸν</em></strong></span> 
     </span>
    </p>

    <p class='ocr_par' dir='ltr' id='par_1_6' title="bbox 37 1122 2341 1190">
     <span class='ocr_line' id='line_1_10' title="bbox 37 1122 2341 1190; baseline 0 -17"><span class='ocrx_word' id='word_1_84' title='bbox 37 1122 350 1190; x_wconf 70' lang='grc' dir='ltr'><strong><em>(3973Π)γάρ</em></strong></span> <span class='ocrx_word' id='word_1_85' title='bbox 402 1123 517 1172; x_wconf 81' lang='grc' dir='ltr'><strong><em>αἰεὶ</em></strong></span> <span class='ocrx_word' id='word_1_86' title='bbox 561 1123 654 1172; x_wconf 81' lang='grc' dir='ltr'><strong><em>καὶ</em></strong></span> <span class='ocrx_word' id='word_1_87' title='bbox 707 1128 945 1187; x_wconf 83' lang='grc' dir='ltr'><strong><em>συνεχῶς</em></strong></span> <span class='ocrx_word' id='word_1_88' title='bbox 985 1123 1043 1172; x_wconf 87' lang='grc' dir='ltr'><strong><em>ἐν</em></strong></span> <span class='ocrx_word' id='word_1_89' title='bbox 1080 1123 1304 1182; x_wconf 89' lang='grc' dir='ltr'><strong><em>τούτοις</em></strong></span> <span class='ocrx_word' id='word_1_90' title='bbox 1342 1122 1502 1171; x_wconf 86' lang='grc' dir='ltr'><strong><em>εἰσίν.</em></strong></span> <span class='ocrx_word' id='word_1_91' title='bbox 1588 1123 1661 1190; x_wconf 83' lang='grc' dir='ltr'><strong><em>μὴ</em></strong></span> <span class='ocrx_word' id='word_1_92' title='bbox 1714 1122 1900 1172; x_wconf 87' lang='grc' dir='ltr'><strong><em>τοίνυν</em></strong></span> <span class='ocrx_word' id='word_1_93' title='bbox 1950 1123 2180 1173; x_wconf 91' lang='grc' dir='ltr'><strong><em>πίστευε</em></strong></span> <span class='ocrx_word' id='word_1_94' title='bbox 2219 1127 2341 1183; x_wconf 89' lang='grc' dir='ltr'><strong><em>τοῖς</em></strong></span> 
     </span>
    </p>

    <p class='ocr_par' dir='ltr' id='par_1_7' title="bbox 167 1201 2409 1612">
     <span class='ocr_line' id='line_1_11' title="bbox 167 1201 2339 1276; baseline 0.001 -23"><span class='ocrx_word' id='word_1_95' title='bbox 167 1211 216 1253; x_wconf 87' lang='grc'><strong><em>10</em></strong></span> <span class='ocrx_word' id='word_1_96' title='bbox 253 1206 463 1256; x_wconf 80' lang='grc' dir='ltr'><strong><em>εὐνοεῖν</em></strong></span> <span class='ocrx_word' id='word_1_97' title='bbox 513 1207 796 1276; x_wconf 80' lang='grc' dir='ltr'><strong><em>φάσκουσι</em></strong></span> <span class='ocrx_word' id='word_1_98' title='bbox 843 1208 937 1257; x_wconf 83' lang='grc' dir='ltr'><strong><em>καὶ</em></strong></span> <span class='ocrx_word' id='word_1_99' title='bbox 987 1204 1277 1275; x_wconf 88' lang='grc' dir='ltr'><strong><em>μηδέποτε</em></strong></span> <span class='ocrx_word' id='word_1_100' title='bbox 1323 1201 1449 1271; x_wconf 84' lang='grc' dir='ltr'><em>&lt;ἂν&gt;</em></span> <span class='ocrx_word' id='word_1_101' title='bbox 1494 1202 1889 1271; x_wconf 77' lang='grc' dir='ltr'><strong><em>ἐγκαταλιπεῖν</em></strong></span> <span class='ocrx_word' id='word_1_102' title='bbox 1936 1207 2034 1274; x_wconf 82' lang='grc' dir='ltr'><strong><em>τὴν</em></strong></span> <span class='ocrx_word' id='word_1_103' title='bbox 2083 1209 2228 1275; x_wconf 84' lang='grc' dir='ltr'><strong><em>πρὸς</em></strong></span> <span class='ocrx_word' id='word_1_104' title='bbox 2280 1208 2339 1256; x_wconf 83' lang='grc' dir='ltr'><strong><em>σὲ</em></strong></span> 
     </span>
     <span class='ocr_line' id='line_1_12' title="bbox 252 1287 2341 1360; baseline 0 -20"><span class='ocrx_word' id='word_1_105' title='bbox 252 1287 464 1359; x_wconf 92' lang='grc' dir='ltr'><strong><em>φιλίαν.</em></strong></span> <span class='ocrx_word' id='word_1_106' title='bbox 542 1291 734 1359; x_wconf 82' lang='grc' dir='ltr'><strong><em>ὥσπερ</em></strong></span> <span class='ocrx_word' id='word_1_107' title='bbox 772 1291 876 1360; x_wconf 87' lang='grc' dir='ltr'><strong><em>γὰρ</em></strong></span> <span class='ocrx_word' id='word_1_108' title='bbox 919 1292 980 1340; x_wconf 84' lang='grc' dir='ltr'><strong><em>αἱ</em></strong></span> <span class='ocrx_word' id='word_1_109' title='bbox 1013 1292 1110 1340; x_wconf 81' lang='grc' dir='ltr'><strong><em>τὸν</em></strong></span> <span class='ocrx_word' id='word_1_110' title='bbox 1150 1291 1354 1355; x_wconf 83' lang='grc' dir='ltr'><strong><em>ἄνεμον</em></strong></span> <span class='ocrx_word' id='word_1_111' title='bbox 1396 1290 1774 1358; x_wconf 87' lang='grc' dir='ltr'><strong><em>σημαίνουσαι</em></strong></span> <span class='ocrx_word' id='word_1_112' title='bbox 1811 1289 2027 1339; x_wconf 91' lang='grc' dir='ltr'><strong><em>ταινίαι</em></strong></span> <span class='ocrx_word' id='word_1_113' title='bbox 2063 1291 2204 1339; x_wconf 82' lang='grc' dir='ltr'><strong><em>κατὰ</em></strong></span> <span class='ocrx_word' id='word_1_114' title='bbox 2243 1292 2341 1360; x_wconf 79' lang='grc' dir='ltr'><strong><em>τὴν</em></strong></span> 
     </span>
     <span class='ocr_line' id='line_1_13' title="bbox 252 1372 2340 1443; baseline 0.001 -20"><span class='ocrx_word' id='word_1_115' title='bbox 252 1376 452 1425; x_wconf 83' lang='grc' dir='ltr'><strong><em>στάσιν</em></strong></span> <span class='ocrx_word' id='word_1_116' title='bbox 491 1375 604 1425; x_wconf 82' lang='grc' dir='ltr'><strong><em>αἰεὶ</em></strong></span> <span class='ocrx_word' id='word_1_117' title='bbox 640 1380 743 1424; x_wconf 82' lang='grc' dir='ltr'><strong><em>τοῦ</em></strong></span> <span class='ocrx_word' id='word_1_118' title='bbox 777 1376 1096 1439; x_wconf 90' lang='grc' dir='ltr'><strong><em>πνεύματος</em></strong></span> <span class='ocrx_word' id='word_1_119' title='bbox 1135 1375 1491 1443; x_wconf 81' lang='grc' dir='ltr'><strong><em>αἰωροῦνται,</em></strong></span> <span class='ocrx_word' id='word_1_120' title='bbox 1531 1374 1649 1424; x_wconf 84' lang='grc' dir='ltr'><strong><em>νυνὶ</em></strong></span> <span class='ocrx_word' id='word_1_121' title='bbox 1685 1374 1786 1439; x_wconf 82' lang='grc' dir='ltr'><strong><em>μὲν</em></strong></span> <span class='ocrx_word' id='word_1_122' title='bbox 1826 1374 2028 1436; x_wconf 80' lang='grc' dir='ltr'><strong><em>οὕτως,</em></strong></span> <span class='ocrx_word' id='word_1_123' title='bbox 2069 1372 2242 1425; x_wconf 89' lang='grc' dir='ltr'><strong><em>πάλιν</em></strong></span> <span class='ocrx_word' id='word_1_124' title='bbox 2282 1372 2340 1425; x_wconf 83' lang='grc' dir='ltr'><strong><em>δὲ</em></strong></span> 
     </span>
     <span class='ocr_line' id='line_1_14' title="bbox 248 1455 2341 1529; baseline 0.001 -21"><span class='ocrx_word' id='word_1_125' title='bbox 248 1460 347 1510; x_wconf 84' lang='grc' dir='ltr'><strong><em>ἐπὶ</em></strong></span> <span class='ocrx_word' id='word_1_126' title='bbox 382 1459 619 1527; x_wconf 89' lang='grc' dir='ltr'><strong><em>θάτερα,</em></strong></span> <span class='ocrx_word' id='word_1_127' title='bbox 659 1460 755 1509; x_wconf 88' lang='grc' dir='ltr'><strong><em>τὸν</em></strong></span> <span class='ocrx_word' id='word_1_128' title='bbox 796 1459 962 1509; x_wconf 81' lang='grc' dir='ltr'><strong><em>αὐτὸν</em></strong></span> <span class='ocrx_word' id='word_1_129' title='bbox 1000 1461 1214 1528; x_wconf 88' lang='grc' dir='ltr'><strong><em>τρόπον</em></strong></span> <span class='ocrx_word' id='word_1_130' title='bbox 1252 1462 1284 1529; x_wconf 82' lang='grc' dir='ltr'>ἠ</span> <span class='ocrx_word' id='word_1_131' title='bbox 1324 1464 1435 1509; x_wconf 84' lang='grc' dir='ltr'><strong><em>τῶν</em></strong></span> <span class='ocrx_word' id='word_1_132' title='bbox 1464 1455 1695 1528; x_wconf 82' lang='grc' dir='ltr'><strong><em>φαύλων</em></strong></span> <span class='ocrx_word' id='word_1_133' title='bbox 1724 1455 1948 1509; x_wconf 76' lang='grc' dir='ltr'><strong><em>διάνοια</em></strong></span> <span class='ocrx_word' id='word_1_134' title='bbox 1977 1460 2123 1527; x_wconf 84' lang='grc' dir='ltr'><strong><em>πρὸς</em></strong></span> <span class='ocrx_word' id='word_1_135' title='bbox 2149 1466 2341 1511; x_wconf 79' lang='grc' dir='ltr'><strong><em>πᾶσαν</em></strong></span> 
     </span>
     <span class='ocr_line' id='line_1_15' title="bbox 249 1541 2409 1612; baseline 0.003 -20"><span class='ocrx_word' id='word_1_136' title='bbox 249 1543 431 1612; x_wconf 79' lang='grc' dir='ltr'><strong><em>φορὰν</em></strong></span> <span class='ocrx_word' id='word_1_137' title='bbox 481 1544 658 1604; x_wconf 83' lang='grc' dir='ltr'><strong><em>οὕτως</em></strong></span> <span class='ocrx_word' id='word_1_138' title='bbox 705 1544 833 1608; x_wconf 82' lang='grc' dir='ltr'><strong><em>ἔχει.</em></strong></span> <span class='ocrx_word' id='word_1_139' title='bbox 930 1548 1052 1605; x_wconf 86' lang='grc' dir='ltr'><strong><em>τοῖς</em></strong></span> <span class='ocrx_word' id='word_1_140' title='bbox 1095 1541 1319 1604; x_wconf 92' lang='grc' dir='ltr'><strong><em>δούλοις</em></strong></span> <span class='ocrx_word' id='word_1_141' title='bbox 1369 1541 1550 1604; x_wconf 83' lang='grc' dir='ltr'><strong><em>οὐδεὶς</em></strong></span> <span class='ocrx_word' id='word_1_142' title='bbox 1600 1545 1856 1594; x_wconf 89' lang='grc' dir='ltr'><strong><em>πιστεύει</em></strong></span> <span class='ocrx_word' id='word_1_143' title='bbox 1910 1544 2337 1610; x_wconf 83' lang='grc' dir='ltr'><strong><em>συντιθεμένοις</em></strong></span> <span class='ocrx_word' id='word_1_144' title='bbox 2376 1547 2409 1598; x_wconf 90' lang='grc'>9</span> 
     </span>
    </p>

    <p class='ocr_par' dir='ltr' id='par_1_8' title="bbox 165 1622 2343 2039">
     <span class='ocr_line' id='line_1_16' title="bbox 165 1622 2343 1699; baseline 0.002 -22"><span class='ocrx_word' id='word_1_145' title='bbox 165 1634 213 1676; x_wconf 86' lang='grc'><strong><em>15</em></strong></span> <span class='ocrx_word' id='word_1_146' title='bbox 250 1625 344 1678; x_wconf 83' lang='grc' dir='ltr'><strong><em>διὰ</em></strong></span> <span class='ocrx_word' id='word_1_147' title='bbox 393 1630 456 1678; x_wconf 86' lang='grc' dir='ltr'><strong><em>τὸ</em></strong></span> <span class='ocrx_word' id='word_1_148' title='bbox 494 1630 567 1698; x_wconf 81' lang='grc' dir='ltr'><strong><em>μὴ</em></strong></span> <span class='ocrx_word' id='word_1_149' title='bbox 606 1630 830 1698; x_wconf 87' lang='grc' dir='ltr'><strong><em>κυρίους</em></strong></span> <span class='ocrx_word' id='word_1_150' title='bbox 868 1632 1080 1680; x_wconf 82' lang='grc' dir='ltr'><strong><em>ἑαυτῶν</em></strong></span> <span class='ocrx_word' id='word_1_151' title='bbox 1118 1628 1291 1680; x_wconf 85' lang='grc' dir='ltr'><strong><em>εἶναι·</em></strong></span> <span class='ocrx_word' id='word_1_152' title='bbox 1340 1626 1486 1679; x_wconf 80' lang='grc' dir='ltr'><strong><em>πολὺ</em></strong></span> <span class='ocrx_word' id='word_1_153' title='bbox 1534 1626 1742 1694; x_wconf 81' lang='grc' dir='ltr'><strong><em>μᾶλλον</em></strong></span> <span class='ocrx_word' id='word_1_154' title='bbox 1795 1622 1859 1678; x_wconf 79' lang='grc' dir='ltr'><strong><em>οὗ</em></strong></span> <span class='ocrx_word' id='word_1_155' title='bbox 1904 1630 2003 1699; x_wconf 83' lang='grc' dir='ltr'><strong><em>χρὴ</em></strong></span> <span class='ocrx_word' id='word_1_156' title='bbox 2045 1634 2343 1699; x_wconf 88' lang='grc' dir='ltr'><strong><em>προσέχειν</em></strong></span> 
     </span>
     <span class='ocr_line' id='line_1_17' title="bbox 245 1709 2343 1781; baseline 0.001 -19"><span class='ocrx_word' id='word_1_157' title='bbox 245 1717 372 1773; x_wconf 89' lang='grc' dir='ltr'><strong><em>ταῖς</em></strong></span> <span class='ocrx_word' id='word_1_158' title='bbox 409 1718 519 1763; x_wconf 85' lang='grc' dir='ltr'><strong><em>τῶν</em></strong></span> <span class='ocrx_word' id='word_1_159' title='bbox 556 1714 829 1763; x_wconf 89' lang='grc' dir='ltr'><strong><em>τοιούτων</em></strong></span> <span class='ocrx_word' id='word_1_160' title='bbox 880 1710 1221 1780; x_wconf 83' lang='grc' dir='ltr'><strong><em>ὁμολογίαις.</em></strong></span> <span class='ocrx_word' id='word_1_161' title='bbox 1311 1711 1388 1779; x_wconf 77' lang='grc' dir='ltr'><strong><em>τῴ</em></strong></span> <span class='ocrx_word' id='word_1_162' title='bbox 1440 1713 1613 1763; x_wconf 82' lang='grc' dir='ltr'><strong><em>παντὶ</em></strong></span> <span class='ocrx_word' id='word_1_163' title='bbox 1664 1713 1767 1781; x_wconf 82' lang='grc' dir='ltr'><strong><em>γὰρ</em></strong></span> <span class='ocrx_word' id='word_1_164' title='bbox 1817 1709 2015 1764; x_wconf 87' lang='grc' dir='ltr'><strong><em>πλεῖον</em></strong></span> <span class='ocrx_word' id='word_1_165' title='bbox 2065 1715 2343 1780; x_wconf 82' lang='grc' dir='ltr'><strong><em>ἀπέχουσι</em></strong></span> 
     </span>
     <span class='ocr_line' id='line_1_18' title="bbox 245 1792 2341 1868; baseline 0.002 -22"><span class='ocrx_word' id='word_1_166' title='bbox 245 1804 343 1867; x_wconf 86' lang='grc' dir='ltr'><strong><em>τῆς</em></strong></span> <span class='ocrx_word' id='word_1_167' title='bbox 381 1794 710 1866; x_wconf 81' lang='grc' dir='ltr'><strong><em>ἐλευθερίας</em></strong></span> <span class='ocrx_word' id='word_1_168' title='bbox 748 1792 862 1866; x_wconf 86' lang='grc' dir='ltr'><strong><em>[διὰ</em></strong></span> <span class='ocrx_word' id='word_1_169' title='bbox 902 1800 1000 1868; x_wconf 80' lang='grc' dir='ltr'><strong><em>τὴν</em></strong></span> <span class='ocrx_word' id='word_1_170' title='bbox 1037 1799 1233 1848; x_wconf 88' lang='grc' dir='ltr'><strong><em>κακίαν</em></strong></span> <span class='ocrx_word' id='word_1_171' title='bbox 1273 1799 1330 1847; x_wconf 87' lang='grc' dir='ltr'><strong><em>οἱ</em></strong></span> <span class='ocrx_word' id='word_1_172' title='bbox 1367 1792 1709 1865; x_wconf 61' lang='grc' dir='ltr'><strong><em>ἄνθρωποι]</em></strong></span> <span class='ocrx_word' id='word_1_173' title='bbox 1773 1802 1895 1858; x_wconf 88' lang='grc' dir='ltr'><strong><em>τοῖς</em></strong></span> <span class='ocrx_word' id='word_1_174' title='bbox 1929 1802 2225 1868; x_wconf 87' lang='grc' dir='ltr'><strong><em>νεωτέροις</em></strong></span> <span class='ocrx_word' id='word_1_175' title='bbox 2251 1817 2341 1850; x_wconf 91' lang='grc' dir='ltr'><strong><em>το-</em></strong></span> 
     </span>
     <span class='ocr_line' id='line_1_19' title="bbox 250 1880 2339 1951; baseline 0.002 -20"><span class='ocrx_word' id='word_1_176' title='bbox 250 1884 464 1932; x_wconf 91' lang='grc' dir='ltr'><strong><em>σούτων</em></strong></span> <span class='ocrx_word' id='word_1_177' title='bbox 502 1884 642 1933; x_wconf 87' lang='grc' dir='ltr'><strong><em>ἐτῶν</em></strong></span> <span class='ocrx_word' id='word_1_178' title='bbox 679 1885 851 1948; x_wconf 88' lang='grc' dir='ltr'><strong><em>νόμος</em></strong></span> <span class='ocrx_word' id='word_1_179' title='bbox 890 1884 986 1933; x_wconf 81' lang='grc' dir='ltr'><strong><em>οὐκ</em></strong></span> <span class='ocrx_word' id='word_1_180' title='bbox 1023 1881 1089 1951; x_wconf 79' lang='grc' dir='ltr'><strong><em>ἐᾷ</em></strong></span> <span class='ocrx_word' id='word_1_181' title='bbox 1138 1880 1475 1950; x_wconf 79' lang='grc' dir='ltr'><strong><em>συμβάλλειν</em></strong></span> <span class='ocrx_word' id='word_1_182' title='bbox 1525 1883 1601 1943; x_wconf 87' lang='grc' dir='ltr'><strong><em>ὡς</em></strong></span> <span class='ocrx_word' id='word_1_183' title='bbox 1654 1883 1924 1944; x_wconf 81' lang='grc' dir='ltr'><strong><em>ἀπίστοις</em></strong></span> <span class='ocrx_word' id='word_1_184' title='bbox 1974 1884 2160 1948; x_wconf 85' lang='grc' dir='ltr'><strong><em>οὖσιν,</em></strong></span> <span class='ocrx_word' id='word_1_185' title='bbox 2213 1883 2339 1936; x_wconf 83' lang='grc' dir='ltr'><strong><em>οὐδὲ</em></strong></span> 
     </span>
     <span class='ocr_line' id='line_1_20' title="bbox 245 1960 2338 2039; baseline 0.002 -22"><span class='ocrx_word' id='word_1_186' title='bbox 245 1969 462 2034; x_wconf 84' lang='grc' dir='ltr'><strong><em>γυναικὶ</em></strong></span> <span class='ocrx_word' id='word_1_187' title='bbox 500 1960 639 2036; x_wconf 74' lang='grc' dir='ltr'><strong><em>παρ’</em></strong></span> <span class='ocrx_word' id='word_1_188' title='bbox 679 1961 1018 2037; x_wconf 87' lang='grc' dir='ltr'><strong><em>Ἀθηναίοις</em></strong></span> <span class='ocrx_word' id='word_1_189' title='bbox 1047 1965 1452 2019; x_wconf 89' lang='grc' dir='ltr'><strong><em>συναλλάσσειν</em></strong></span> <span class='ocrx_word' id='word_1_190' title='bbox 1480 1965 1626 2037; x_wconf 82' lang='grc' dir='ltr'><strong><em>πλὴν</em></strong></span> <span class='ocrx_word' id='word_1_191' title='bbox 1654 1969 1782 2036; x_wconf 80' lang='grc' dir='ltr'><strong><em>ἄχρι</em></strong></span> <span class='ocrx_word' id='word_1_192' title='bbox 1806 1965 2076 2033; x_wconf 79' lang='grc' dir='ltr'><strong><em>μεδίμνου</em></strong></span> <span class='ocrx_word' id='word_1_193' title='bbox 2103 1971 2338 2039; x_wconf 86' lang='grc' dir='ltr'><strong><em>κριθῶν,</em></strong></span> 
     </span>
    </p>

    <p class='ocr_par' dir='ltr' id='par_1_9' title="bbox 162 2050 2338 2122">
     <span class='ocr_line' id='line_1_21' title="bbox 162 2050 2338 2122; baseline 0.002 -22"><span class='ocrx_word' id='word_1_194' title='bbox 162 2058 212 2100; x_wconf 85' lang='grc' dir='ltr'><strong><em>2ο</em></strong></span> <span class='ocrx_word' id='word_1_195' title='bbox 250 2050 342 2103; x_wconf 82' lang='grc' dir='ltr'><strong><em>διὰ</em></strong></span> <span class='ocrx_word' id='word_1_196' title='bbox 381 2054 443 2102; x_wconf 82' lang='grc' dir='ltr'><strong><em>τὸ</em></strong></span> <span class='ocrx_word' id='word_1_197' title='bbox 482 2060 580 2122; x_wconf 85' lang='grc' dir='ltr'><strong><em>τῆς</em></strong></span> <span class='ocrx_word' id='word_1_198' title='bbox 615 2055 837 2122; x_wconf 84' lang='grc' dir='ltr'><strong><em>γνώμης</em></strong></span> <span class='ocrx_word' id='word_1_199' title='bbox 883 2053 1139 2113; x_wconf 88' lang='grc' dir='ltr'><strong><em>ἀσθενές.</em></strong></span> <span class='ocrx_word' id='word_1_200' title='bbox 1227 2059 1338 2103; x_wconf 86' lang='grc' dir='ltr'><strong><em>τῶν</em></strong></span> <span class='ocrx_word' id='word_1_201' title='bbox 1386 2057 1582 2118; x_wconf 88' lang='grc' dir='ltr'><strong><em>μέντοι</em></strong></span> <span class='ocrx_word' id='word_1_202' title='bbox 1630 2054 1778 2103; x_wconf 94' lang='grc' dir='ltr'><strong><em>πάνυ</em></strong></span> <span class='ocrx_word' id='word_1_203' title='bbox 1818 2057 1956 2104; x_wconf 90' lang='grc' dir='ltr'><strong><em>νέων</em></strong></span> <span class='ocrx_word' id='word_1_204' title='bbox 1997 2055 2168 2105; x_wconf 82' lang='grc' dir='ltr'><strong><em>οὐθὲν</em></strong></span> <span class='ocrx_word' id='word_1_205' title='bbox 2217 2052 2338 2105; x_wconf 86' lang='grc' dir='ltr'><strong><em>δια-</em></strong></span> 
     </span>
    </p>

    <p class='ocr_par' dir='ltr' id='par_1_10' title="bbox 11 2135 2339 2208">
     <span class='ocr_line' id='line_1_22' title="bbox 11 2135 2339 2208; baseline -0.002 -17"><span class='ocrx_word' id='word_1_206' title='bbox 11 2157 16 2192; x_wconf 67' lang='lat' dir='ltr'><strong>l</strong></span> <span class='ocrx_word' id='word_1_207' title='bbox 248 2142 517 2207; x_wconf 89' lang='grc' dir='ltr'><strong><em>φέρουσιν</em></strong></span> <span class='ocrx_word' id='word_1_208' title='bbox 568 2139 624 2187; x_wconf 85' lang='grc' dir='ltr'><strong><em>οἱ</em></strong></span> <span class='ocrx_word' id='word_1_209' title='bbox 674 2135 907 2207; x_wconf 83' lang='grc' dir='ltr'><strong><em>φαῦλοι,</em></strong></span> <span class='ocrx_word' id='word_1_210' title='bbox 955 2135 1164 2203; x_wconf 83' lang='grc' dir='ltr'><strong><em>μᾶλλον</em></strong></span> <span class='ocrx_word' id='word_1_211' title='bbox 1216 2135 1275 2188; x_wconf 86' lang='grc' dir='ltr'><strong><em>δὲ</em></strong></span> <span class='ocrx_word' id='word_1_212' title='bbox 1327 2135 1454 2188; x_wconf 80' lang='grc' dir='ltr'><strong><em>οὐδὲ</em></strong></span> <span class='ocrx_word' id='word_1_213' title='bbox 1504 2143 1615 2188; x_wconf 83' lang='grc' dir='ltr'><strong><em>τῶν</em></strong></span> <span class='ocrx_word' id='word_1_214' title='bbox 1665 2135 2014 2207; x_wconf 81' lang='grc' dir='ltr'><strong><em>παιδαρίων,</em></strong></span> <span class='ocrx_word' id='word_1_215' title='bbox 2067 2136 2214 2208; x_wconf 85' lang='grc' dir='ltr'><strong><em>πλὴν</em></strong></span> <span class='ocrx_word' id='word_1_216' title='bbox 2261 2136 2339 2204; x_wconf 75' lang='grc' dir='ltr'><strong><em>τῷ</em></strong></span> 
     </span>
    </p>

    <p class='ocr_par' dir='ltr' id='par_1_11' title="bbox 13 2219 2342 2293">
     <span class='ocr_line' id='line_1_23' title="bbox 13 2219 2342 2293; baseline 0 -21"><span class='ocrx_word' id='word_1_217' title='bbox 13 2233 15 2293; x_wconf 28' lang='grc' dir='ltr'>ζ</span> <span class='ocrx_word' id='word_1_218' title='bbox 245 2220 531 2273; x_wconf 85' lang='grc' dir='ltr'><strong><em>δύνασθαι</em></strong></span> <span class='ocrx_word' id='word_1_219' title='bbox 566 2223 660 2272; x_wconf 82' lang='grc' dir='ltr'><strong><em>καὶ</em></strong></span> <span class='ocrx_word' id='word_1_220' title='bbox 697 2229 765 2291; x_wconf 81' lang='grc' dir='ltr'><strong><em>τῇ</em></strong></span> <span class='ocrx_word' id='word_1_221' title='bbox 803 2223 1146 2291; x_wconf 76' lang='grc' dir='ltr'><strong><em>πανουργίᾳ·</em></strong></span> <span class='ocrx_word' id='word_1_222' title='bbox 1199 2219 1287 2272; x_wconf 84' lang='grc' dir='ltr'><strong><em>διὸ</em></strong></span> <span class='ocrx_word' id='word_1_223' title='bbox 1334 2219 1544 2287; x_wconf 81' lang='grc' dir='ltr'><strong><em>μᾶλλον</em></strong></span> <span class='ocrx_word' id='word_1_224' title='bbox 1584 2223 1777 2284; x_wconf 81' lang='grc' dir='ltr'><strong><em>αὐτοῖς</em></strong></span> <span class='ocrx_word' id='word_1_225' title='bbox 1815 2225 2079 2274; x_wconf 88' lang='grc' dir='ltr'><strong><em>άπιστεῖν</em></strong></span> <span class='ocrx_word' id='word_1_226' title='bbox 2117 2224 2342 2273; x_wconf 80' lang='grc' dir='ltr'><strong><em>ἐκείνων</em></strong></span> 
     </span>
    </p>

    <p class='ocr_par' dir='ltr' id='par_1_12' title="bbox 13 2294 2425 2377">
     <span class='ocr_line' id='line_1_24' title="bbox 71 2304 2425 2377; baseline -0 -19.024"><span class='ocrx_word' id='word_1_227' title='bbox 71 2315 151 2358; x_wconf 77' lang='grc'><strong>(639</strong></span> <span class='ocrx_word' id='word_1_228' title='bbox 167 2315 220 2358; x_wconf 81' lang='grc' dir='ltr'><strong><em>Μ)</em></strong></span> <span class='ocrx_word' id='word_1_229' title='bbox 245 2309 533 2377; x_wconf 84' lang='grc' dir='ltr'><strong><em>προσήκει.</em></strong></span> <span class='ocrx_word' id='word_1_230' title='bbox 607 2309 883 2375; x_wconf 90' lang='grc' dir='ltr'><strong><em>μακάριον</em></strong></span> <span class='ocrx_word' id='word_1_231' title='bbox 921 2307 1024 2376; x_wconf 82' lang='grc' dir='ltr'><strong><em>γὰρ</em></strong></span> <span class='ocrx_word' id='word_1_232' title='bbox 1064 2308 1131 2357; x_wconf 85' lang='grc' dir='ltr'><strong><em>ἂν</em></strong></span> <span class='ocrx_word' id='word_1_233' title='bbox 1169 2304 1251 2377; x_wconf 83' lang='grc' dir='ltr'><strong><em>ἧν,</em></strong></span> <span class='ocrx_word' id='word_1_234' title='bbox 1292 2308 1343 2357; x_wconf 83' lang='grc' dir='ltr'><strong><em>εἰ</em></strong></span> <span class='ocrx_word' id='word_1_235' title='bbox 1379 2307 1646 2376; x_wconf 90' lang='grc' dir='ltr'><strong><em>καθάπερ</em></strong></span> <span class='ocrx_word' id='word_1_236' title='bbox 1688 2306 1870 2359; x_wconf 89' lang='grc' dir='ltr'><strong><em>παῖδα</em></strong></span> <span class='ocrx_word' id='word_1_237' title='bbox 1908 2309 2003 2359; x_wconf 81' lang='grc' dir='ltr'><strong><em>καὶ</em></strong></span> <span class='ocrx_word' id='word_1_238' title='bbox 2046 2310 2336 2377; x_wconf 87' lang='grc' dir='ltr'><strong><em>μειράκιον</em></strong></span> <span class='ocrx_word' id='word_1_239' title='bbox 2362 2313 2425 2363; x_wconf 88' lang='grc'><strong><em>10</em></strong></span> 
     </span>
    </p>

    <p class='ocr_par' dir='ltr' id='par_1_13' title="bbox 14 2381 2342 2463">
     <span class='ocr_line' id='line_1_25' title="bbox 14 2381 2342 2463; baseline -0 -20"><span class='ocrx_word' id='word_1_240' title='bbox 14 2381 16 2388; x_wconf 50' lang='grc'>’</span> <span class='ocrx_word' id='word_1_241' title='bbox 241 2394 334 2444; x_wconf 86' lang='grc' dir='ltr'><strong><em>καὶ</em></strong></span> <span class='ocrx_word' id='word_1_242' title='bbox 372 2394 660 2444; x_wconf 91' lang='grc' dir='ltr'><strong><em>νεανίσκον</em></strong></span> <span class='ocrx_word' id='word_1_243' title='bbox 703 2394 797 2443; x_wconf 82' lang='grc' dir='ltr'><strong><em>καὶ</em></strong></span> <span class='ocrx_word' id='word_1_244' title='bbox 846 2393 1165 2461; x_wconf 82' lang='grc' dir='ltr'><strong><em>πρεσβύτην</em></strong></span> <span class='ocrx_word' id='word_1_245' title='bbox 1211 2395 1413 2462; x_wconf 90' lang='grc' dir='ltr'><strong><em>χρόνος</em></strong></span> <span class='ocrx_word' id='word_1_246' title='bbox 1459 2397 1644 2455; x_wconf 88' lang='grc' dir='ltr'><strong><em>ποιεῖ,</em></strong></span> <span class='ocrx_word' id='word_1_247' title='bbox 1692 2394 1786 2443; x_wconf 84' lang='grc' dir='ltr'><strong><em>καὶ</em></strong></span> <span class='ocrx_word' id='word_1_248' title='bbox 1837 2396 2114 2463; x_wconf 91' lang='grc' dir='ltr'><strong><em>φρόνιμον</em></strong></span> <span class='ocrx_word' id='word_1_249' title='bbox 2166 2394 2342 2453; x_wconf 80' lang='grc' dir='ltr'><strong><em>οὕτως</em></strong></span> 
     </span>
    </p>

    <p class='ocr_par' dir='ltr' id='par_1_14' title="bbox 163 2473 2341 2718">
     <span class='ocr_line' id='line_1_26' title="bbox 163 2473 2341 2548; baseline 0.002 -24"><span class='ocrx_word' id='word_1_250' title='bbox 163 2481 211 2524; x_wconf 86' lang='grc'><strong><em>25</em></strong></span> <span class='ocrx_word' id='word_1_251' title='bbox 246 2473 491 2544; x_wconf 87' lang='grc' dir='ltr'><strong><em>&lt;ἐποίει&gt;</em></strong></span> <span class='ocrx_word' id='word_1_252' title='bbox 525 2479 619 2529; x_wconf 82' lang='grc' dir='ltr'><strong><em>καὶ</em></strong></span> <span class='ocrx_word' id='word_1_253' title='bbox 657 2475 874 2528; x_wconf 84' lang='grc' dir='ltr'><strong><em>δίκαιον</em></strong></span> <span class='ocrx_word' id='word_1_254' title='bbox 899 2479 993 2527; x_wconf 80' lang='grc' dir='ltr'><strong><em>καὶ</em></strong></span> <span class='ocrx_word' id='word_1_255' title='bbox 1019 2480 1240 2529; x_wconf 91' lang='grc' dir='ltr'><strong><em>πιστόν.</em></strong></span> <span class='ocrx_word' id='word_1_256' title='bbox 1312 2479 1406 2528; x_wconf 87' lang='grc' dir='ltr'><strong><em>καὶ</em></strong></span> <span class='ocrx_word' id='word_1_257' title='bbox 1442 2479 1550 2548; x_wconf 87' lang='grc' dir='ltr'><strong><em>μὴν</em></strong></span> <span class='ocrx_word' id='word_1_258' title='bbox 1589 2484 1700 2529; x_wconf 84' lang='grc' dir='ltr'><strong><em>τῶν</em></strong></span> <span class='ocrx_word' id='word_1_259' title='bbox 1737 2485 2010 2546; x_wconf 83' lang='grc' dir='ltr'><strong><em>γυναικῶν</em></strong></span> <span class='ocrx_word' id='word_1_260' title='bbox 2049 2485 2160 2530; x_wconf 84' lang='grc' dir='ltr'><strong><em>τῶν</em></strong></span> <span class='ocrx_word' id='word_1_261' title='bbox 2201 2480 2341 2548; x_wconf 90' lang='grc' dir='ltr'><strong><em>φαύ-</em></strong></span> 
     </span>
     <span class='ocr_line' id='line_1_27' title="bbox 248 2556 2339 2633; baseline 0 -21"><span class='ocrx_word' id='word_1_262' title='bbox 248 2560 357 2613; x_wconf 90' lang='grc' dir='ltr'><strong><em>λων</em></strong></span> <span class='ocrx_word' id='word_1_263' title='bbox 407 2556 567 2613; x_wconf 78' lang='grc' dir='ltr'><strong><em>οὗδέν</em></strong></span> <span class='ocrx_word' id='word_1_264' title='bbox 619 2564 733 2613; x_wconf 86' lang='grc' dir='ltr'><strong><em>εἰσι</em></strong></span> <span class='ocrx_word' id='word_1_265' title='bbox 779 2560 1034 2629; x_wconf 90' lang='grc' dir='ltr'><strong><em>βελτίους</em></strong></span> <span class='ocrx_word' id='word_1_266' title='bbox 1086 2564 1142 2613; x_wconf 85' lang='grc' dir='ltr'><strong><em>οἱ</em></strong></span> <span class='ocrx_word' id='word_1_267' title='bbox 1189 2560 1387 2632; x_wconf 81' lang='grc' dir='ltr'><strong><em>ἄνδρες</em></strong></span> <span class='ocrx_word' id='word_1_268' title='bbox 1436 2564 1492 2613; x_wconf 82' lang='grc' dir='ltr'><strong><em>οἱ</em></strong></span> <span class='ocrx_word' id='word_1_269' title='bbox 1539 2564 1840 2633; x_wconf 89' lang='grc' dir='ltr'><strong><em>μοχθηροί.</em></strong></span> <span class='ocrx_word' id='word_1_270' title='bbox 1935 2565 2076 2614; x_wconf 85' lang='grc' dir='ltr'><strong><em>κατὰ</em></strong></span> <span class='ocrx_word' id='word_1_271' title='bbox 2124 2564 2227 2633; x_wconf 85' lang='grc' dir='ltr'><strong><em>γὰρ</em></strong></span> <span class='ocrx_word' id='word_1_272' title='bbox 2276 2564 2339 2613; x_wconf 85' lang='grc' dir='ltr'><strong><em>τὸ</em></strong></span> 
     </span>
     <span class='ocr_line' id='line_1_28' title="bbox 249 2639 2341 2718; baseline 0 -21"><span class='ocrx_word' id='word_1_273' title='bbox 249 2654 408 2713; x_wconf 86' lang='grc' dir='ltr'><strong><em>σῶμα</em></strong></span> <span class='ocrx_word' id='word_1_274' title='bbox 461 2645 856 2718; x_wconf 80' lang='grc' dir='ltr'><strong><em>διαφέρουσιν,</em></strong></span> <span class='ocrx_word' id='word_1_275' title='bbox 909 2641 971 2698; x_wconf 82' lang='grc' dir='ltr'><strong><em>οὗ</em></strong></span> <span class='ocrx_word' id='word_1_276' title='bbox 1019 2649 1159 2698; x_wconf 83' lang='grc' dir='ltr'><strong><em>κατὰ</em></strong></span> <span class='ocrx_word' id='word_1_277' title='bbox 1210 2644 1309 2717; x_wconf 86' lang='grc' dir='ltr'><strong><em>τὴν</em></strong></span> <span class='ocrx_word' id='word_1_278' title='bbox 1360 2646 1632 2699; x_wconf 91' lang='grc' dir='ltr'><strong><em>διάνοιαν.</em></strong></span> <span class='ocrx_word' id='word_1_279' title='bbox 1718 2649 1985 2718; x_wconf 86' lang='grc' dir='ltr'><strong><em>καθάπερ</em></strong></span> <span class='ocrx_word' id='word_1_280' title='bbox 2037 2649 2131 2699; x_wconf 78' lang='grc' dir='ltr'><strong><em>οὖν</em></strong></span> <span class='ocrx_word' id='word_1_281' title='bbox 2182 2639 2341 2698; x_wconf 70' lang='grc' dir='ltr'><strong><em>οὐδὲν</em></strong></span> 
     </span>
    </p>
   </div>
   <div class='ocr_carea' id='block_1_3' title="bbox 243 2794 2345 3000">
    <p class='ocr_par' dir='ltr' id='par_1_15' title="bbox 243 2794 2345 3000">
     <span class='ocr_line' id='line_1_29' title="bbox 388 2794 2345 2859; baseline 0 -15"><span class='ocrx_word' id='word_1_282' title='bbox 388 2805 415 2844; x_wconf 91' lang='grc'>4</span> <span class='ocrx_word' id='word_1_283' title='bbox 444 2803 655 2858; x_wconf 82' lang='grc' dir='ltr'><strong><em>μείδειαν</em></strong></span> <span class='ocrx_word' id='word_1_284' title='bbox 677 2800 712 2844; x_wconf 88' lang='grc' dir='ltr'>Ρ</span> <span class='ocrx_word' id='word_1_285' title='bbox 801 2805 825 2845; x_wconf 84' lang='grc'><strong>5</strong></span> <span class='ocrx_word' id='word_1_286' title='bbox 858 2798 1030 2859; x_wconf 73' lang='grc' dir='ltr'><strong><em>ἑαυτήν</em></strong></span> <span class='ocrx_word' id='word_1_287' title='bbox 1059 2805 1163 2854; x_wconf 89' lang='lat' dir='ltr'><strong>(om.</strong></span> <span class='ocrx_word' id='word_1_288' title='bbox 1196 2796 1274 2854; x_wconf 67' lang='grc' dir='ltr'><strong><em>ἂν)</em></strong></span> <span class='ocrx_word' id='word_1_289' title='bbox 1305 2800 1385 2845; x_wconf 93' lang='grc' dir='ltr'><strong><em>ΡΗ</em></strong></span> <span class='ocrx_word' id='word_1_290' title='bbox 1474 2804 1496 2843; x_wconf 82' lang='lat'><strong>7</strong></span> <span class='ocrx_word' id='word_1_291' title='bbox 1533 2794 1846 2859; x_wconf 84' lang='grc' dir='ltr'><strong><em>όργιζομένην</em></strong></span> <span class='ocrx_word' id='word_1_292' title='bbox 1874 2803 1954 2846; x_wconf 82' lang='grc' dir='ltr'><strong><em>καὶ</em></strong></span> <span class='ocrx_word' id='word_1_293' title='bbox 1986 2802 2345 2858; x_wconf 82' lang='grc' dir='ltr'><strong><em>ζηλοτυποῦσαν</em></strong></span> 
     </span>
     <span class='ocr_line' id='line_1_30' title="bbox 243 2864 2344 2932; baseline -0.001 -15"><span class='ocrx_word' id='word_1_294' title='bbox 243 2872 389 2926; x_wconf 83' lang='lat' dir='ltr'><strong>UssM,</strong></span> <span class='ocrx_word' id='word_1_295' title='bbox 422 2872 641 2917; x_wconf 79' lang='lat' dir='ltr'><strong>fortasse:</strong></span> <span class='ocrx_word' id='word_1_296' title='bbox 675 2866 958 2932; x_wconf 83' lang='grc' dir='ltr'><strong><em>ὀργιζομένη</em></strong></span> <span class='ocrx_word' id='word_1_297' title='bbox 987 2888 1042 2931; x_wconf 88' lang='grc' dir='ltr'><strong><em>γε</em></strong></span> <span class='ocrx_word' id='word_1_298' title='bbox 1136 2875 1160 2916; x_wconf 94' lang='grc'>8</span> <span class='ocrx_word' id='word_1_299' title='bbox 1184 2867 1259 2930; x_wconf 76' lang='grc' dir='ltr'><strong><em>οἷη</em></strong></span> <span class='ocrx_word' id='word_1_300' title='bbox 1280 2870 1359 2915; x_wconf 87' lang='grc' dir='ltr'><strong><em>ΡΗ</em></strong></span> <span class='ocrx_word' id='word_1_301' title='bbox 1473 2873 1555 2915; x_wconf 83' lang='grc' dir='ltr'><strong><em>καὶ</em></strong></span> <span class='ocrx_word' id='word_1_302' title='bbox 1576 2871 1683 2915; x_wconf 80' lang='lat' dir='ltr'><strong>secl.</strong></span> <span class='ocrx_word' id='word_1_303' title='bbox 1703 2870 1851 2924; x_wconf 88' lang='lat' dir='ltr'><strong>Dind.,</strong></span> <span class='ocrx_word' id='word_1_304' title='bbox 1880 2864 2235 2929; x_wconf 79' lang='grc' dir='ltr'><strong><em>&lt;όργίσασθαι&gt;</em></strong></span> <span class='ocrx_word' id='word_1_305' title='bbox 2263 2872 2344 2915; x_wconf 83' lang='grc' dir='ltr'><strong><em>καὶ</em></strong></span> 
     </span>
     <span class='ocr_line' id='line_1_31' title="bbox 243 2934 2344 3000; baseline -0.001 -13"><span class='ocrx_word' id='word_1_306' title='bbox 243 2943 373 3000; x_wconf 90' lang='lat' dir='ltr'><strong>Emp.</strong></span> <span class='ocrx_word' id='word_1_307' title='bbox 490 2945 540 2990; x_wconf 90' lang='grc' dir='ltr'><strong><em>τί</em></strong></span> <span class='ocrx_word' id='word_1_308' title='bbox 568 2946 642 2990; x_wconf 81' lang='grc' dir='ltr'><strong><em>δαὶ</em></strong></span> <span class='ocrx_word' id='word_1_309' title='bbox 672 2944 740 2989; x_wconf 85' lang='lat' dir='ltr'><strong><em>bis</em></strong></span> <span class='ocrx_word' id='word_1_310' title='bbox 771 2943 852 2988; x_wconf 81' lang='grc' dir='ltr'><strong><em>ΠΒ</em></strong></span> <span class='ocrx_word' id='word_1_311' title='bbox 969 2946 994 2987; x_wconf 88' lang='grc'>9</span> <span class='ocrx_word' id='word_1_312' title='bbox 1025 2941 1119 2989; x_wconf 83' lang='grc' dir='ltr'><strong><em>εἰσί</em></strong></span> <span class='ocrx_word' id='word_1_313' title='bbox 1147 2941 1231 2987; x_wconf 90' lang='lat' dir='ltr'><strong><em>UH</em></strong></span> <span class='ocrx_word' id='word_1_314' title='bbox 1346 2936 1591 2987; x_wconf 84' lang='grc' dir='ltr'><strong><em>πιστεύετε</em></strong></span> <span class='ocrx_word' id='word_1_315' title='bbox 1621 2940 1702 2986; x_wconf 90' lang='lat' dir='ltr'><strong><em>UB</em></strong></span> <span class='ocrx_word' id='word_1_316' title='bbox 1734 2936 2003 2986; x_wconf 84' lang='grc' dir='ltr'><strong><em>πιστεύεται</em></strong></span> <span class='ocrx_word' id='word_1_317' title='bbox 2032 2940 2083 2984; x_wconf 92' lang='grc' dir='ltr'>Μ</span> <span class='ocrx_word' id='word_1_318' title='bbox 2200 2943 2251 2983; x_wconf 90' lang='grc'><strong><em>10</em></strong></span> <span class='ocrx_word' id='word_1_319' title='bbox 2283 2934 2344 2986; x_wconf 72' lang='grc' dir='ltr'><strong><em>ἄν</em></strong></span> 
     </span>
    </p>
   </div>
   <div class='ocr_carea' id='block_1_4' title="bbox 7 3004 2345 3679">
    <p class='ocr_par' dir='ltr' id='par_1_16' title="bbox 7 3004 2345 3679">
     <span class='ocr_line' id='line_1_32' title="bbox 243 3004 2342 3071; baseline -0.001 -13"><span class='ocrx_word' id='word_1_320' title='bbox 243 3014 396 3058; x_wconf 82' lang='lat' dir='ltr'><strong>addidi</strong></span> <span class='ocrx_word' id='word_1_321' title='bbox 427 3016 547 3071; x_wconf 81' lang='lat' dir='ltr'><strong>(post</strong></span> <span class='ocrx_word' id='word_1_322' title='bbox 574 3014 851 3069; x_wconf 79' lang='lat' dir='ltr'><strong>Madvigium</strong></span> <span class='ocrx_word' id='word_1_323' title='bbox 880 3013 1067 3058; x_wconf 81' lang='lat' dir='ltr'><strong>Advers.</strong></span> <span class='ocrx_word' id='word_1_324' title='bbox 1099 3011 1207 3056; x_wconf 85' lang='lat' dir='ltr'><strong>Crit.</strong></span> <span class='ocrx_word' id='word_1_325' title='bbox 1238 3012 1261 3056; x_wconf 92' lang='lat'>1</span> <span class='ocrx_word' id='word_1_326' title='bbox 1290 3025 1335 3068; x_wconf 88' lang='lat' dir='ltr'><strong><em>p.</em></strong></span> <span class='ocrx_word' id='word_1_327' title='bbox 1369 3014 1467 3066; x_wconf 86' lang='lat'>159)</span> <span class='ocrx_word' id='word_1_328' title='bbox 1642 3014 1691 3054; x_wconf 88' lang='lat'><strong><em>12</em></strong></span> <span class='ocrx_word' id='word_1_329' title='bbox 1725 3004 1799 3056; x_wconf 78' lang='grc' dir='ltr'><strong><em>ἀεὶ</em></strong></span> <span class='ocrx_word' id='word_1_330' title='bbox 1830 3010 1907 3053; x_wconf 89' lang='lat' dir='ltr'><strong><em>PH</em></strong></span> <span class='ocrx_word' id='word_1_331' title='bbox 2057 3014 2107 3054; x_wconf 87' lang='grc'><strong><em>14</em></strong></span> <span class='ocrx_word' id='word_1_332' title='bbox 2139 3007 2342 3066; x_wconf 73' lang='grc' dir='ltr'><strong><em>ἑτοίμως</em></strong></span> 
     </span>
     <span class='ocr_line' id='line_1_33' title="bbox 243 3075 2340 3141; baseline -0.001 -13"><span class='ocrx_word' id='word_1_333' title='bbox 243 3098 327 3141; x_wconf 90' lang='lat' dir='ltr'><strong><em>pro</em></strong></span> <span class='ocrx_word' id='word_1_334' title='bbox 360 3077 513 3138; x_wconf 65' lang='grc' dir='ltr'><strong><em>οὕτως</em></strong></span> <span class='ocrx_word' id='word_1_335' title='bbox 543 3085 655 3129; x_wconf 88' lang='lat' dir='ltr'><strong>coni.</strong></span> <span class='ocrx_word' id='word_1_336' title='bbox 689 3084 849 3140; x_wconf 85' lang='lat' dir='ltr'><strong>Pflugk</strong></span> <span class='ocrx_word' id='word_1_337' title='bbox 879 3083 1175 3140; x_wconf 83' lang='lat' dir='ltr'><strong>probabiliter</strong></span> <span class='ocrx_word' id='word_1_338' title='bbox 1351 3086 1399 3126; x_wconf 86' lang='lat'><strong><em>15</em></strong></span> <span class='ocrx_word' id='word_1_339' title='bbox 1429 3083 1510 3127; x_wconf 81' lang='grc' dir='ltr'><strong><em>καὶ</em></strong></span> <span class='ocrx_word' id='word_1_340' title='bbox 1540 3076 1661 3127; x_wconf 83' lang='grc' dir='ltr'><strong><em>πολὺ</em></strong></span> <span class='ocrx_word' id='word_1_341' title='bbox 1692 3080 1774 3126; x_wconf 92' lang='lat' dir='ltr'><strong><em>UB</em></strong></span> <span class='ocrx_word' id='word_1_342' title='bbox 1976 3083 2027 3124; x_wconf 89' lang='lat'><strong><em>16</em></strong></span> <span class='ocrx_word' id='word_1_343' title='bbox 2059 3082 2156 3125; x_wconf 81' lang='grc' dir='ltr'><strong><em>τῶν</em></strong></span> <span class='ocrx_word' id='word_1_344' title='bbox 2185 3075 2340 3126; x_wconf 84' lang='grc' dir='ltr'><strong><em>τοιού-</em></strong></span> 
     </span>
     <span class='ocr_line' id='line_1_34' title="bbox 246 3146 2343 3210; baseline -0.003 -10"><span class='ocrx_word' id='word_1_345' title='bbox 246 3171 343 3200; x_wconf 86' lang='grc' dir='ltr'><strong><em>των</em></strong></span> <span class='ocrx_word' id='word_1_346' title='bbox 373 3154 453 3197; x_wconf 88' lang='grc' dir='ltr'><strong><em>ΡΗ</em></strong></span> <span class='ocrx_word' id='word_1_347' title='bbox 483 3150 669 3201; x_wconf 85' lang='grc' dir='ltr'><strong><em>τούτων</em></strong></span> <span class='ocrx_word' id='word_1_348' title='bbox 697 3153 828 3199; x_wconf 89' lang='lat' dir='ltr'><strong><em>UBM</em></strong></span> <span class='ocrx_word' id='word_1_349' title='bbox 1000 3155 1070 3199; x_wconf 81' lang='grc' dir='ltr'><strong><em>τῶ</em></strong></span> <span class='ocrx_word' id='word_1_350' title='bbox 1102 3164 1157 3196; x_wconf 89' lang='lat' dir='ltr'><strong><em>ex</em></strong></span> <span class='ocrx_word' id='word_1_351' title='bbox 1187 3147 1244 3197; x_wconf 89' lang='grc' dir='ltr'><strong><em>τὸ</em></strong></span> <span class='ocrx_word' id='word_1_352' title='bbox 1276 3151 1313 3195; x_wconf 90' lang='grc' dir='ltr'>Ρ</span> <span class='ocrx_word' id='word_1_353' title='bbox 1488 3155 1537 3194; x_wconf 84' lang='grc'><strong><em>17</em></strong></span> <span class='ocrx_word' id='word_1_354' title='bbox 1571 3150 1645 3198; x_wconf 78' lang='grc' dir='ltr'><strong><em>διά</em></strong></span> <span class='ocrx_word' id='word_1_355' title='bbox 1679 3148 1766 3209; x_wconf 79' lang='grc' dir='ltr'><strong><em>τὴν</em></strong></span> <span class='ocrx_word' id='word_1_356' title='bbox 1796 3175 1848 3182; x_wconf 84' lang='grc'><strong>-</strong></span> <span class='ocrx_word' id='word_1_357' title='bbox 1881 3146 2134 3210; x_wconf 79' lang='grc' dir='ltr'><strong><em>ἄνθρωποι</em></strong></span> <span class='ocrx_word' id='word_1_358' title='bbox 2165 3149 2343 3206; x_wconf 87' lang='lat' dir='ltr'><strong>seclusi,</strong></span> 
     </span>
     <span class='ocr_line' id='line_1_35' title="bbox 247 3221 2345 3277; baseline -0.003 -8"><span class='ocrx_word' id='word_1_359' title='bbox 247 3238 352 3269; x_wconf 84' lang='lat' dir='ltr'><strong><em>nam</em></strong></span> <span class='ocrx_word' id='word_1_360' title='bbox 387 3225 501 3269; x_wconf 81' lang='lat' dir='ltr'><strong>haec</strong></span> <span class='ocrx_word' id='word_1_361' title='bbox 531 3224 590 3269; x_wconf 79' lang='lat' dir='ltr'><strong><em>ad</em></strong></span> <span class='ocrx_word' id='word_1_362' title='bbox 619 3224 762 3269; x_wconf 74' lang='lat' dir='ltr'><strong>malos</strong></span> <span class='ocrx_word' id='word_1_363' title='bbox 792 3225 982 3276; x_wconf 84' lang='lat' dir='ltr'><strong>tantum,</strong></span> <span class='ocrx_word' id='word_1_364' title='bbox 1012 3235 1102 3267; x_wconf 91' lang='lat' dir='ltr'><strong><em>non</em></strong></span> <span class='ocrx_word' id='word_1_365' title='bbox 1132 3221 1190 3266; x_wconf 85' lang='lat' dir='ltr'><strong><em>ad</em></strong></span> <span class='ocrx_word' id='word_1_366' title='bbox 1220 3233 1372 3266; x_wconf 80' lang='lat' dir='ltr'><strong>omnes</strong></span> <span class='ocrx_word' id='word_1_367' title='bbox 1402 3221 1604 3266; x_wconf 84' lang='lat' dir='ltr'><strong>homines</strong></span> <span class='ocrx_word' id='word_1_368' title='bbox 1635 3221 1875 3277; x_wconf 85' lang='lat' dir='ltr'><strong>pertinent,</strong></span> <span class='ocrx_word' id='word_1_369' title='bbox 1907 3221 1985 3277; x_wconf 89' lang='lat' dir='ltr'><strong><em>qui</em></strong></span> <span class='ocrx_word' id='word_1_370' title='bbox 2013 3233 2103 3265; x_wconf 88' lang='lat' dir='ltr'><strong><em>non</em></strong></span> <span class='ocrx_word' id='word_1_371' title='bbox 2134 3224 2345 3277; x_wconf 82' lang='lat' dir='ltr'><strong>poterant</strong></span> 
     </span>
     <span class='ocr_line' id='line_1_36' title="bbox 247 3295 2343 3395; baseline -0.001 -14"><span class='ocrx_word' id='word_1_372' title='bbox 247 3337 391 3382; x_wconf 79' lang='lat' dir='ltr'><strong>servis</strong></span> <span class='ocrx_word' id='word_1_373' title='bbox 423 3338 605 3393; x_wconf 86' lang='lat' dir='ltr'><strong>opponi.</strong></span> <span class='ocrx_word' id='word_1_374' title='bbox 729 3339 778 3380; x_wconf 92' lang='lat'><strong><em>18</em></strong></span> <span class='ocrx_word' id='word_1_375' title='bbox 811 3332 1069 3395; x_wconf 84' lang='grc' dir='ltr'><strong><em>συμβάλειν</em></strong></span> <span class='ocrx_word' id='word_1_376' title='bbox 1096 3335 1135 3378; x_wconf 95' lang='grc' dir='ltr'>Β</span> <span class='ocrx_word' id='word_1_377' title='bbox 1168 3295 1418 3392; x_wconf 48' lang='grc' dir='ltr'><strong><em>σῗβάλλειν</em></strong></span> <span class='ocrx_word' id='word_1_378' title='bbox 1448 3334 1483 3377; x_wconf 90' lang='grc' dir='ltr'>Ρ</span> <span class='ocrx_word' id='word_1_379' title='bbox 1621 3337 1672 3378; x_wconf 90' lang='grc'><strong><em>19</em></strong></span> <span class='ocrx_word' id='word_1_380' title='bbox 1703 3331 1834 3392; x_wconf 85' lang='grc' dir='ltr'><strong><em>παρὰ</em></strong></span> <span class='ocrx_word' id='word_1_381' title='bbox 1867 3334 1916 3378; x_wconf 91' lang='grc' dir='ltr'><strong>Μ</strong></span> <span class='ocrx_word' id='word_1_382' title='bbox 2033 3330 2343 3380; x_wconf 79' lang='grc' dir='ltr'><strong><em>συναλοέσσειν</em></strong></span> 
     </span>
     <span class='ocr_line' id='line_1_37' title="bbox 7 3394 2342 3465; baseline -0.004 -10"><span class='ocrx_word' id='word_1_383' title='bbox 7 3394 15 3430; x_wconf 59' lang='lat'><strong><em>&#39;²</em></strong></span> <span class='ocrx_word' id='word_1_384' title='bbox 245 3409 295 3453; x_wconf 88' lang='lat' dir='ltr'>M</span> <span class='ocrx_word' id='word_1_385' title='bbox 326 3400 636 3454; x_wconf 78' lang='grc' dir='ltr'><strong><em>συναλλάσειν</em></strong></span> <span class='ocrx_word' id='word_1_386' title='bbox 665 3407 701 3450; x_wconf 92' lang='lat' dir='ltr'>P</span> <span class='ocrx_word' id='word_1_387' title='bbox 875 3409 929 3449; x_wconf 84' lang='lat'><strong><em>20</em></strong></span> <span class='ocrx_word' id='word_1_388' title='bbox 959 3405 1046 3462; x_wconf 83' lang='grc' dir='ltr'><strong><em>μὲν</em></strong></span> <span class='ocrx_word' id='word_1_389' title='bbox 1075 3399 1169 3465; x_wconf 76' lang='grc' dir='ltr'><strong><em>γὰρ</em></strong></span> <span class='ocrx_word' id='word_1_390' title='bbox 1198 3404 1324 3460; x_wconf 90' lang='lat' dir='ltr'><strong>libri,</strong></span> <span class='ocrx_word' id='word_1_391' title='bbox 1361 3403 1524 3460; x_wconf 82' lang='grc' dir='ltr'><strong><em>μέντοι</em></strong></span> <span class='ocrx_word' id='word_1_392' title='bbox 1555 3404 1686 3461; x_wconf 86' lang='lat' dir='ltr'><strong>Emp.</strong></span> <span class='ocrx_word' id='word_1_393' title='bbox 1862 3400 1989 3451; x_wconf 80' lang='grc' dir='ltr'><strong><em>πάνυ</em></strong></span> <span class='ocrx_word' id='word_1_394' title='bbox 2018 3404 2140 3451; x_wconf 87' lang='grc' dir='ltr'><strong><em>νέων</em></strong></span> <span class='ocrx_word' id='word_1_395' title='bbox 2169 3404 2342 3461; x_wconf 86' lang='lat' dir='ltr'><strong>scripsi,</strong></span> 
     </span>
     <span class='ocr_line' id='line_1_38' title="bbox 246 3468 2343 3537; baseline -0.002 -12"><span class='ocrx_word' id='word_1_396' title='bbox 246 3475 371 3526; x_wconf 86' lang='grc' dir='ltr'><strong><em>πάνυ</em></strong></span> <span class='ocrx_word' id='word_1_397' title='bbox 399 3477 649 3537; x_wconf 82' lang='grc' dir='ltr'><strong><em>νεωτέρων</em></strong></span> <span class='ocrx_word' id='word_1_398' title='bbox 678 3477 812 3523; x_wconf 87' lang='lat' dir='ltr'><strong><em>UBM</em></strong></span> <span class='ocrx_word' id='word_1_399' title='bbox 841 3468 966 3523; x_wconf 78' lang='grc' dir='ltr'><strong><em>πάνυ</em></strong></span> <span class='ocrx_word' id='word_1_400' title='bbox 992 3472 1254 3532; x_wconf 79' lang='grc' dir='ltr'><strong><em>μετεώρων</em></strong></span> <span class='ocrx_word' id='word_1_401' title='bbox 1284 3475 1362 3518; x_wconf 88' lang='lat' dir='ltr'><strong><em>PH</em></strong></span> <span class='ocrx_word' id='word_1_402' title='bbox 1535 3478 1584 3519; x_wconf 86' lang='lat'><strong><em>21</em></strong></span> <span class='ocrx_word' id='word_1_403' title='bbox 1621 3476 1861 3535; x_wconf 80' lang='grc' dir='ltr'><strong><em>πεδαρίων</em></strong></span> <span class='ocrx_word' id='word_1_404' title='bbox 1890 3476 1925 3519; x_wconf 94' lang='grc' dir='ltr'>Ρ</span> <span class='ocrx_word' id='word_1_405' title='bbox 2069 3474 2126 3522; x_wconf 85' lang='grc' dir='ltr'>τὸ</span> <span class='ocrx_word' id='word_1_406' title='bbox 2159 3489 2243 3531; x_wconf 88' lang='lat' dir='ltr'><strong><em>pro</em></strong></span> <span class='ocrx_word' id='word_1_407' title='bbox 2273 3481 2343 3537; x_wconf 80' lang='grc' dir='ltr'><strong><em>τῷ</em></strong></span> 
     </span>
     <span class='ocr_line' id='line_1_39' title="bbox 245 3541 2228 3607; baseline -0.003 -12"><span class='ocrx_word' id='word_1_408' title='bbox 245 3550 285 3595; x_wconf 89' lang='lat' dir='ltr'>U</span> <span class='ocrx_word' id='word_1_409' title='bbox 315 3564 373 3595; x_wconf 90' lang='lat' dir='ltr'><strong><em>m.</em></strong></span> <span class='ocrx_word' id='word_1_410' title='bbox 404 3563 471 3607; x_wconf 88' lang='lat' dir='ltr'><strong><em>pr.</em></strong></span> <span class='ocrx_word' id='word_1_411' title='bbox 644 3552 697 3592; x_wconf 84' lang='lat'><strong><em>22</em></strong></span> <span class='ocrx_word' id='word_1_412' title='bbox 730 3547 779 3594; x_wconf 80' lang='grc' dir='ltr'><strong><em>δὲ</em></strong></span> <span class='ocrx_word' id='word_1_413' title='bbox 807 3560 890 3604; x_wconf 89' lang='lat' dir='ltr'><strong><em>pro</em></strong></span> <span class='ocrx_word' id='word_1_414' title='bbox 922 3542 992 3592; x_wconf 80' lang='grc' dir='ltr'><strong><em>διὸ</em></strong></span> <span class='ocrx_word' id='word_1_415' title='bbox 1024 3547 1062 3591; x_wconf 93' lang='grc' dir='ltr'>Β</span> <span class='ocrx_word' id='word_1_416' title='bbox 1095 3541 1166 3592; x_wconf 80' lang='grc' dir='ltr'><strong><em>διὸ</em></strong></span> <span class='ocrx_word' id='word_1_417' title='bbox 1199 3542 1261 3600; x_wconf 88' lang='grc' dir='ltr'><strong><em>(ιὸ</em></strong></span> <span class='ocrx_word' id='word_1_418' title='bbox 1293 3558 1322 3590; x_wconf 83' lang='lat' dir='ltr'><strong>a</strong></span> <span class='ocrx_word' id='word_1_419' title='bbox 1354 3559 1469 3591; x_wconf 89' lang='lat' dir='ltr'><strong>corr.</strong></span> <span class='ocrx_word' id='word_1_420' title='bbox 1502 3546 1550 3590; x_wconf 92' lang='lat' dir='ltr'><strong><em>in</em></strong></span> <span class='ocrx_word' id='word_1_421' title='bbox 1580 3546 1733 3600; x_wconf 83' lang='lat' dir='ltr'><strong>litura)</strong></span> <span class='ocrx_word' id='word_1_422' title='bbox 1763 3547 1805 3592; x_wconf 89' lang='lat' dir='ltr'>U</span> <span class='ocrx_word' id='word_1_423' title='bbox 1835 3545 1907 3593; x_wconf 82' lang='grc' dir='ltr'><strong><em>διὸ</em></strong></span> <span class='ocrx_word' id='word_1_424' title='bbox 1938 3547 1984 3591; x_wconf 89' lang='lat' dir='ltr'><strong><em>in</em></strong></span> <span class='ocrx_word' id='word_1_425' title='bbox 2014 3546 2151 3591; x_wconf 79' lang='lat' dir='ltr'><strong>litura</strong></span> <span class='ocrx_word' id='word_1_426' title='bbox 2180 3546 2228 3590; x_wconf 91' lang='lat' dir='ltr'>M</span> 
     </span>
     <span class='ocr_line' id='line_1_40' title="bbox 248 3609 2229 3679; baseline -0.003 -16"><span class='ocrx_word' id='word_1_427' title='bbox 248 3624 299 3664; x_wconf 90' lang='grc'><strong><em>23</em></strong></span> <span class='ocrx_word' id='word_1_428' title='bbox 331 3617 593 3679; x_wconf 84' lang='grc' dir='ltr'><strong><em>προσήκειν</em></strong></span> <span class='ocrx_word' id='word_1_429' title='bbox 628 3620 687 3677; x_wconf 88' lang='grc' dir='ltr'><strong><em>Β,</em></strong></span> <span class='ocrx_word' id='word_1_430' title='bbox 730 3619 836 3663; x_wconf 86' lang='lat' dir='ltr'><strong>item</strong></span> <span class='ocrx_word' id='word_1_431' title='bbox 866 3618 905 3662; x_wconf 93' lang='lat' dir='ltr'><strong>U</strong></span> <span class='ocrx_word' id='word_1_432' title='bbox 936 3620 984 3662; x_wconf 83' lang='lat' dir='ltr'><strong><em>at</em></strong></span> <span class='ocrx_word' id='word_1_433' title='bbox 1014 3634 1040 3662; x_wconf 86' lang='grc' dir='ltr'><em>ν</em></span> <span class='ocrx_word' id='word_1_434' title='bbox 1070 3617 1292 3673; x_wconf 87' lang='lat' dir='ltr'><strong>expunxit</strong></span> <span class='ocrx_word' id='word_1_435' title='bbox 1322 3629 1437 3661; x_wconf 90' lang='lat' dir='ltr'><strong>corr.</strong></span> <span class='ocrx_word' id='word_1_436' title='bbox 1611 3609 1671 3676; x_wconf 73' lang='grc' dir='ltr'><strong><em>ἢν</em></strong></span> <span class='ocrx_word' id='word_1_437' title='bbox 1701 3630 1785 3662; x_wconf 90' lang='lat' dir='ltr'><strong><em>om.</em></strong></span> <span class='ocrx_word' id='word_1_438' title='bbox 1827 3617 1932 3662; x_wconf 91' lang='lat' dir='ltr'><strong>libri</strong></span> <span class='ocrx_word' id='word_1_439' title='bbox 1972 3618 2151 3674; x_wconf 84' lang='lat' dir='ltr'><strong>praeter</strong></span> <span class='ocrx_word' id='word_1_440' title='bbox 2181 3616 2229 3658; x_wconf 92' lang='lat' dir='ltr'><strong>M</strong></span> 
     </span>
    </p>
   </div>
   <div class='ocr_carea' id='block_1_5' title="bbox 248 3679 2343 3873">
    <p class='ocr_par' dir='ltr' id='par_1_17' title="bbox 248 3679 2343 3873">
     <span class='ocr_line' id='line_1_41' title="bbox 248 3679 2341 3757; baseline -0.002 -23"><span class='ocrx_word' id='word_1_441' title='bbox 248 3694 302 3736; x_wconf 83' lang='lat'><strong><em>25</em></strong></span> <span class='ocrx_word' id='word_1_442' title='bbox 319 3690 467 3738; x_wconf 84' lang='grc' dir='ltr'><strong><em>ἐποίει</em></strong></span> <span class='ocrx_word' id='word_1_443' title='bbox 486 3692 586 3736; x_wconf 78' lang='lat' dir='ltr'>add.</span> <span class='ocrx_word' id='word_1_444' title='bbox 604 3690 817 3735; x_wconf 83' lang='lat' dir='ltr'><strong>Reiskius</strong></span> <span class='ocrx_word' id='word_1_445' title='bbox 897 3692 947 3732; x_wconf 83' lang='lat'><strong><em>27</em></strong></span> <span class='ocrx_word' id='word_1_446' title='bbox 974 3680 1057 3734; x_wconf 77' lang='grc' dir='ltr'><strong><em>οὖν</em></strong></span> <span class='ocrx_word' id='word_1_447' title='bbox 1078 3683 1202 3747; x_wconf 87' lang='grc' dir='ltr'><strong><em>πρὸς</em></strong></span> <span class='ocrx_word' id='word_1_448' title='bbox 1225 3683 1362 3757; x_wconf 61' lang='grc' dir='ltr'><strong><em>ούδὲν</em></strong></span> <span class='ocrx_word' id='word_1_449' title='bbox 1375 3687 1456 3731; x_wconf 89' lang='grc' dir='ltr'><strong><em>ΡΗ</em></strong></span> <span class='ocrx_word' id='word_1_450' title='bbox 1476 3679 1563 3735; x_wconf 76' lang='grc' dir='ltr'><strong><em>οὖν</em></strong></span> <span class='ocrx_word' id='word_1_451' title='bbox 1584 3685 1692 3735; x_wconf 78' lang='grc' dir='ltr'><strong><em>οὐδὲ</em></strong></span> <span class='ocrx_word' id='word_1_452' title='bbox 1712 3691 1813 3742; x_wconf 90' lang='lat' dir='ltr'><strong>(om.</strong></span> <span class='ocrx_word' id='word_1_453' title='bbox 1834 3688 1973 3748; x_wconf 85' lang='grc' dir='ltr'><strong><em>πρὸς)</em></strong></span> <span class='ocrx_word' id='word_1_454' title='bbox 1989 3687 2070 3733; x_wconf 93' lang='lat' dir='ltr'><strong><em>UB</em></strong></span> <span class='ocrx_word' id='word_1_455' title='bbox 2087 3686 2223 3735; x_wconf 83' lang='grc' dir='ltr'><strong><em>οὐδὲν</em></strong></span> <span class='ocrx_word' id='word_1_456' title='bbox 2238 3689 2341 3740; x_wconf 87' lang='lat' dir='ltr'><strong>(om.</strong></span> 
     </span>
     <span class='ocr_line' id='line_1_42' title="bbox 252 3754 2343 3824; baseline -0.004 -17"><span class='ocrx_word' id='word_1_457' title='bbox 252 3754 336 3807; x_wconf 72' lang='grc' dir='ltr'><strong><em>οὖν</em></strong></span> <span class='ocrx_word' id='word_1_458' title='bbox 355 3760 496 3821; x_wconf 86' lang='grc' dir='ltr'><strong><em>πρὸς)</em></strong></span> <span class='ocrx_word' id='word_1_459' title='bbox 511 3762 558 3806; x_wconf 89' lang='grc' dir='ltr'>Μ</span> <span class='ocrx_word' id='word_1_460' title='bbox 575 3775 631 3805; x_wconf 92' lang='lat' dir='ltr'><strong><em>m.</em></strong></span> <span class='ocrx_word' id='word_1_461' title='bbox 648 3775 715 3818; x_wconf 88' lang='lat' dir='ltr'><strong><em>pr.</em></strong></span> <span class='ocrx_word' id='word_1_462' title='bbox 729 3775 740 3818; x_wconf 76' lang='grc' dir='ltr'><strong><em>ς</em></strong></span> <span class='ocrx_word' id='word_1_463' title='bbox 756 3760 951 3805; x_wconf 82' lang='lat' dir='ltr'><strong>fortasse</strong></span> <span class='ocrx_word' id='word_1_464' title='bbox 970 3758 1195 3818; x_wconf 77' lang='grc' dir='ltr'><strong><em>καθάπερ</em></strong></span> <span class='ocrx_word' id='word_1_465' title='bbox 1215 3758 1300 3804; x_wconf 86' lang='grc' dir='ltr'><strong><em>ούν</em></strong></span> <span class='ocrx_word' id='word_1_466' title='bbox 1318 3755 1453 3805; x_wconf 72' lang='grc' dir='ltr'><strong><em>οὐδὲν</em></strong></span> <span class='ocrx_word' id='word_1_467' title='bbox 1469 3754 1650 3820; x_wconf 80' lang='grc' dir='ltr'><strong><em>(πρὸς)</em></strong></span> <span class='ocrx_word' id='word_1_468' title='bbox 1665 3756 1852 3813; x_wconf 82' lang='grc' dir='ltr'><strong><em>ἐκείνας</em></strong></span> <span class='ocrx_word' id='word_1_469' title='bbox 1867 3756 1924 3824; x_wconf 80' lang='grc' dir='ltr'><strong><em>ἐᾷ</em></strong></span> <span class='ocrx_word' id='word_1_470' title='bbox 1940 3754 2243 3819; x_wconf 82' lang='grc' dir='ltr'><strong><em>πράσσεσθαι</em></strong></span> <span class='ocrx_word' id='word_1_471' title='bbox 2259 3759 2343 3801; x_wconf 85' lang='lat' dir='ltr'><strong>etc.</strong></span> 
     </span>
     <span class='ocr_line' id='line_1_43' title="bbox 1907 3830 1993 3873; baseline 0.012 -1"><span class='ocrx_word' id='word_1_472' title='bbox 1907 3833 1957 3873; x_wconf 87' lang='lat'><strong><em>13</em></strong></span> <span class='ocrx_word' id='word_1_473' title='bbox 1970 3830 1993 3856; x_wconf 91' lang='lat'><em>*</em></span> 
     </span>
    </p>
   </div>
   <div class='ocr_carea' id='block_1_6' title="bbox 11 3662 21 4140">
    <p class='ocr_par' dir='ltr' id='par_1_18' title="bbox 11 3662 21 4140">
     <span class='ocr_line' id='line_1_44' title="bbox 11 3662 21 4140; textangle 90"><span class='ocrx_word' id='word_1_474' title='bbox 11 3718 21 4140; x_wconf 41' lang='lat' dir='ltr'><strong><em>——qaey-—s--„*</em></strong></span> <span class='ocrx_word' id='word_1_475' title='bbox 13 3662 15 3671; x_wconf 37' lang='lat' dir='ltr'>A</span> 
     </span>
    </p>
   </div>
  </div>
 </body>
</html>
