2684 4140
1052 281 1279 328 ORATIO
1308 283 1496 330 XXVII.
2213 289 2316 338 283

235 423 360 474 οὔτε
398 421 778 475 πεπαίδευται
818 424 942 474 οὔτε
982 422 1156 489 οἶδεν,
1200 425 1362 488 οὗτος
1402 425 1527 479 οὐδὲ
1566 426 1992 495 βουλεύσασθαι
2019 432 2150 501 περὶ
2187 435 2316 482 τού-

234 525 346 558 των
386 509 573 570 ἱκανός
611 509 793 570 ἑστιν,·
831 509 932 585 χρὴ
986 508 1080 559 οὖν
1118 508 1526 576 ἐπιμελεῖσθαι
1571 511 1817 578 μάλιστα
1859 517 2184 585 φρονήσεως
2220 518 2315 568 καὶ

234 589 517 655 παιδείας,
547 593 636 642 ἵνα
663 596 795 661 ἡμῖν
820 585 852 660 ᾖ
883 590 1081 661 ῥᾴδιον
1108 596 1241 664 περὶ
1268 596 1534 647 ἁπάντων
1563 601 1906 666 πραγμάτων
1931 597 2312 667 βουλεύεσθαι

232 677 327 726 καὶ
373 673 584 726 εἰδέναι
621 678 684 726 τὸ
726 680 984 728 συνοῖσον
1023 680 1224 748 ἑκάστῃ
1262 678 1438 750 βουλῇ
1473 683 1566 732 καὶ
1600 684 1673 753 μὴ
1715 681 2128 752 διαμαρτάνειν,
2168 682 2311 734 ἀλλὰ

177 766 202 807 5
234 759 501 828 καθάπερ
535 761 590 809 οἱ
614 761 875 825 μουσικοὶ
898 763 992 812 καὶ
1017 763 1073 812 οἱ
1108 767 1419 832 γεωμέτραι
1442 766 1536 816 καὶ
1575 767 1631 815 οἱ
1665 767 1994 837 κυβερνῆται
2031 770 2163 837 περὶ
2199 774 2311 819 τῶν

234 840 395 894 ἰδίων
434 844 606 913 ἔργων
631 839 784 911 <οὐκ>
811 845 1051 910 ἀτέχνως
1091 850 1427 898 σκέπτονται
1449 850 1542 900 καὶ
1569 851 1814 911 ἅπαντες
1843 852 1898 900 οἱ
1936 853 2070 920 περί
2104 869 2159 903 τι
2200 850 2313 903 δει·

232 929 320 978 νοὶ
355 929 448 978 καὶ
476 932 723 979 συνεῖναι
748 931 881 998 περὶ
908 931 1088 981 αὐτῶν
1113 926 1352 999 <ἱκανοί>
1377 933 1537 996 εἰσιν,
1578 935 1721 984 οὕτω
1763 932 1826 1004 δή
1865 937 1958 985 καὶ
1992 939 2154 1005 ἡμεῖς
2179 937 2313 1005 περὶ

232 1017 343 1062 τῶν
384 1010 544 1063 ἰδίων
586 1013 765 1063 ἱκανοὶ
802 1012 949 1080 ὦμεν
985 1012 1364 1080 βουλεύεσθαι
1398 1018 1492 1067 καὶ
1531 1015 1721 1084 λέγειν.
1785 1020 2001 1070 ἄτοπον
2038 1020 2140 1088 γὰρ
2179 1021 2310 1081 τοὺς
2348 1027 2379 1079 8

230 1097 331 1161 μὲν
371 1093 740 1165 ἀρτιάζοντας
780 1099 1000 1148 σύνεσιν
1039 1096 1490 1164 ἐπιδείκνυσθαι,
1527 1103 1621 1152 καὶ
1656 1108 1829 1152 ταῦτα
1867 1099 2184 1165 εἰκάζοντας
2220 1106 2315 1156 καὶ

155 1185 203 1228 10
238 1183 311 1251 μὴ
366 1183 613 1250 ὁρῶντας
661 1187 825 1231 τοῦτο
877 1183 1009 1251 περὶ
1049 1181 1117 1232 οὗ
1149 1184 1590 1252 ἀποφαίνονται,
1628 1187 1758 1246 τούς
1797 1184 1854 1236 δὲ
1894 1189 2026 1254 περὶ
2062 1190 2318 1256 πραγμά-

231 1283 343 1316 των
381 1263 818 1332 βουλευομένους
860 1267 998 1335 μήτε
1041 1264 1257 1328 ξύνεσιν
1303 1269 1442 1336 μήτε
1489 1270 1804 1339 ἐπιστήμην
1840 1273 1978 1339 μήτε
2015 1274 2315 1340 ἐμπειρίαν

231 1348 683 1413 ἐπιδείκνυσθαι,
721 1351 815 1400 καὶ
851 1352 1067 1400 τούτων
1105 1352 1284 1401 ἐνίοτε
1322 1357 1432 1402 τῶν
1469 1354 1745 1419 μεγίστων
1784 1355 1973 1418 ὄντων,
2013 1356 2145 1423 περὶ
2183 1357 2314 1421 ὁμο-

230 1436 389 1496 νοίας
426 1436 520 1485 καὶ
560 1431 755 1503 φιλίας
796 1435 986 1485 οἰκιῶν
1024 1436 1118 1485 καὶ
1155 1432 1376 1486 πόλεων
1412 1438 1506 1486 καὶ
1531 1439 1663 1506 περὶ
1689 1439 1908 1507 εἰρήνης
1943 1440 2036 1489 καὶ
2061 1437 2311 1506 πολέμου

228 1521 323 1570 καὶ
370 1519 503 1587 περὶ
548 1523 918 1583 κατοικισμοῦ
959 1519 1053 1569 καὶ
1090 1520 1222 1588 περὶ
1257 1521 1647 1584 κατοικίσεως,
1695 1523 1829 1591 περί
1864 1540 1923 1573 τε
1962 1522 2184 1575 παίδων
2223 1526 2317 1576 καὶ

150 1606 198 1649 15
235 1597 403 1672 [περὶ]
441 1607 730 1670 γυναικῶν.

7 1919 192 2006 152323033
355 1939 477 2003 (77)
514 1935 957 2003 ΔΙΑΤΡΙΒΗ
1003 1934 1222 2003 ΠΕΡΙ
1269 1935 1455 2002 ΤΩΝ
1504 1937 1634 2003 EN
1679 1938 2215 2007 ΣΥΜΠΟΣΙΩΙ.

373 2165 791 2234 Οἱνᾶνθρωποι
837 2167 1122 2233 γίγνονται
1168 2170 1513 2236 καταφανεῖς
1563 2168 1769 2218 ὁποίαν
1819 2169 2008 2232 ἔχουσι
2053 2166 2309 2218 διάνοιαν
2356 2185 2380 2233 1

226 2253 459 2311 ἕκαστος
484 2251 542 2301 ἐν
569 2253 695 2312 ταῖς
720 2253 1098 2320 πανηγύρεσιν
1129 2252 1224 2316 οὐχ
1261 2252 1427 2321 ἦττον
1464 2253 1495 2321 ἢ
1537 2254 1594 2303 έν
1620 2257 1741 2313 τοῖς
1770 2254 2128 2318 συμποσίοις,
2169 2250 2315 2322 πλὴν

227 2337 316 2386 ὅτι
364 2332 770 2402 ποικιλώτερον
821 2337 883 2385 τὸ
933 2341 1044 2386 τῶν
1094 2338 1456 2406 πανηγύρεων
1504 2339 1599 2387 καὶ
1630 2340 1831 2406 χρόνου
1873 2335 2149 2398 πλείονος.
2230 2338 2318 2386 οὐ-

228 2426 358 2470 κοῦν
408 2421 490 2480 εἰς
526 2419 595 2469 τὰ
638 2422 929 2485 συμπόσια
971 2417 1154 2489 δήπου
1197 2422 1252 2470 οἱ
1297 2424 1398 2486 μέν
1436 2438 1583 2482 τινες
1621 2423 1989 2491 ἀφικνοῦνται
2025 2427 2127 2471 τοῦ
2162 2425 2317 2471 πιεῖν

153 2511 201 2553 20
237 2506 415 2555 ἕνεκεν
451 2506 546 2555 καὶ
583 2504 755 2554 οὐθὲν
794 2501 931 2554 ἄλλο
971 2507 1333 2574 πράττουσιν,
1377 2506 1567 2574 ὥσπερ
1609 2508 1665 2556 οἱ
1704 2504 1983 2574 διψῶντες
2019 2512 2129 2557 τῶν
2170 2504 2319 2556 ὁδοι-

228 2591 439 2658 πόρων,
479 2585 713 2638 ἐπειδὰν
752 2586 1006 2639 ἔλθωσιν
1044 2591 1144 2640 ἐπὶ
1180 2592 1380 2660 κρήνην
1418 2592 1571 2654 τινά,
1618 2592 1880 2641 πίνουσιν
1919 2592 2313 2658 ἐπικύψαντες.

226 2671 368 2723 ἀλλὰ
408 2675 611 2724 ἐκεῖνοι
647 2675 748 2738 μὲν
775 2669 1206 2743 ἐμπλησθέντες
1237 2676 1330 2725 καὶ
1367 2677 1429 2725 τὸ
1472 2673 1645 2738 δίψος
1683 2676 2104 2740 ἀποσβέσαντες
2140 2679 2317 2744 ἡσυχῇ

212 2756 700 2822 ἀπαλλάττονται,
731 2759 855 2809 οὔτε
877 2756 1191 2828 πράξαντες
1214 2760 1338 2810 οὔτε
1366 2761 1625 2821 εἰπόντες
1652 2761 1868 2810 ἄτοπον
1893 2755 2141 2827 <οὐδέν>·
2170 2760 2226 2808 οἱ
2254 2756 2312 2808 δὲ

136 2908 140 2910 μ
224 2841 409 2894 πολλὰ
425 2845 519 2894 καὶ
541 2841 772 2915 δυσχερῆ
795 2845 974 2895 ἐνίοτε
994 2846 1087 2895 καὶ
1110 2842 1333 2911 λέγουσι
1351 2846 1443 2894 καὶ
1466 2842 1689 2913 δρῶσιν.
1731 2845 1792 2893 οὐ
1814 2844 1915 2912 γὰρ
1939 2844 2148 2908 ὁμοίως
2167 2845 2305 2892 ὑπο·
2344 2843 2376 2892 2

370 3026 389 3066 1
425 3019 535 3069 οὔτε
556 3022 626 3068 bis
646 3023 796 3079 Emp.,
827 3018 935 3069 οὐδὲ
955 3022 1025 3066 bis
1044 3021 1150 3068 libri
1234 3017 1418 3067 τούτων
1449 3020 1620 3074 scripsi,
1652 3017 1825 3066 τούτου
1844 3019 1946 3063 libri
2034 3023 2058 3063 2
2079 3017 2178 3065 ἐστι
2199 3020 2237 3062 Β

224 3089 536 3153 φρονήματος
574 3092 703 3137 UBM
741 3089 1021 3151 φρονήσεως
1058 3092 1096 3135 Τ
1269 3095 1293 3135 3
1329 3089 1408 3137 ἵνα
1447 3086 1539 3149 μὴν
1573 3092 1620 3134 in
1653 3084 1721 3135 ‘lv'
1759 3085 1868 3147 ἡμῖν
1906 3090 2124 3133 mutatum
2165 3108 2192 3147 η
2222 3093 2268 3133 et
2299 3108 2315 3134 ι

224 3174 448 3218 superscr.
479 3162 522 3208 U
636 3167 663 3206 4
691 3163 864 3206 malimz
894 3159 1005 3217 (ἐν)
1035 3158 1210 3219 ἑκάστῃ
1297 3166 1320 3204 5
1351 3164 1431 3207 καὶ
1459 3160 1722 3219 γεωμέτραι
1752 3162 1853 3214 (om.
1885 3158 1946 3214 οἳ)
1977 3162 2014 3204 Β
2112 3163 2137 3204 6
2166 3155 2315 3215 (οὐκ)

222 3224 434 3287 ἀτέχνως
463 3228 638 3285 scripsi,
668 3223 878 3286 α’τεχνῶς
906 3228 1010 3272 libri
1129 3233 1151 3274 ’ζ
1184 3226 1342 3274 ἱκανοί
1370 3228 1471 3272 add.
1504 3227 1713 3272 Reiskius
1830 3222 1982 3284 οὕτως
2010 3230 2051 3276 U
2154 3230 2203 3277 δὲ
2231 3247 2312 3289 καὶ

222 3299 304 3344 UB
336 3303 406 3346 δεῖ
431 3302 512 3345 καὶ
541 3299 605 3354 Μ,
636 3297 687 3357 δὴ
717 3300 799 3344 καὶ
827 3298 960 3355 Emp.
1076 3301 1101 3342 9
1132 3291 1437 3358 ἁρπάζοντας
1467 3298 1516 3341 Μ
1664 3303 1713 3343 10
1744 3299 1856 3354 τοὺς
1892 3313 1974 3356 pro
2006 3303 2149 3346 τοῦτο
2186 3299 2226 3344 U

229 3374 278 3414 14
309 3363 599 3425 οἷποικισμοῦ
627 3370 695 3413 vel
722 3371 1033 3425 μετοικισμοῦ
1061 3369 1187 3412 malit
1217 3368 1350 3425 Emp.
1522 3365 1844 3428 κατοικήσεως
1875 3369 1954 3415 UB
2121 3374 2170 3413 15
2203 3372 2310 3426 περὶ

221 3440 306 3486 del.
338 3440 446 3485 Wil.
562 3439 760 3484 Titulus:
794 3442 1076 3496 συμποσίοις
1106 3438 1155 3481 Μ
1314 3442 1366 3483 16
1395 3439 1610 3496 γίνονται
1640 3439 1681 3484 U
1827 3444 1872 3483 17
1905 3438 2217 3499 πανεγύρεσιν
2246 3440 2311 3484 Μ.

223 3525 288 3558 or.
319 3512 429 3558 VIII
460 3512 485 3566 ξ
510 3515 528 3555 1
566 3513 796 3567 comparat
824 3510 957 3566 Emp.
1108 3512 1157 3553 18
1190 3507 1248 3557 τὰ
1280 3512 1376 3555 τῶν
1405 3509 1532 3565 libri,
1566 3521 1678 3554 corr.
1708 3509 1863 3566 Emp.;
1903 3502 2219 3567 ποικιλώτερα
2250 3504 2309 3555 τὰ

223 3585 322 3629 τῶν
350 3582 560 3628 Reiskius
704 3585 758 3626 20
788 3578 927 3628 ἕνεκα
958 3581 996 3624 Β
1141 3583 1193 3623 22
1224 3575 1417 3638 ἦσυχεῖα
1448 3577 1739 3627 πλάττονται
1769 3579 1819 3623 Μ
1962 3583 2014 3623 23
2047 3576 2312 3637 πράξαντες

224 3653 381 3711 Emp.,
409 3652 670 3714 κράξαντες
698 3654 799 3698 libri
969 3649 1163 3708 (οὐδὲν)
1193 3650 1364 3705 addidi,
1404 3651 1522 3707 quod
1559 3654 1745 3707 propter
1786 3647 1832 3695 οὶ
1875 3648 1924 3696 δὲ
1960 3650 2093 3695 facile
2132 3651 2314 3706 poterat

222 3724 368 3769 omitti
492 3729 545 3770 24
575 3721 895 3783 ἀποδέχονται
928 3724 971 3769 U
