2684 4140
1009 284 1233 330 ORATIO
1262 283 1426 330 XLIV.
2196 282 2262 331 69

181 432 211 480 ὁ
247 432 487 500 γεωργὸς
525 427 906 499 ἀμελέστερος.
985 431 1161 491 οὕτως
1200 427 1259 480 δὲ
1298 430 1436 496 ἄγαν
1476 421 1650 489 αὐτάς
1683 441 1827 498 φασι
1867 425 2056 498 φιλεῖν
2095 415 2263 499 ἀλλή-

182 512 280 575 λας
325 515 419 566 καὶ
464 517 527 565 τὸ
578 512 724 566 ἴδιον
773 521 980 584 σμῆνος
1017 516 1280 584 ἑκάστην,
1333 515 1476 564 ὥστε
1515 510 1748 563 ἐπειδὰν
1798 509 1904 575 ἔξω
1943 509 2119 580 <ύπὸ>
2149 531 2265 579 χει-

179 604 365 663 μῶνος
402 596 797 669 ἀποληφθῶσι
836 595 1053 648 πολλοῦ
1087 601 1384 665 γενομένου
1424 599 1760 663 πνεύματος,
1808 594 1976 649 λίθον
2013 600 2095 660 εἰς
2132 600 2264 660 τοὺς

181 681 364 744 πόδας
411 686 612 753 έκάστή
664 681 911 750 λαβοῦσα
963 684 1154 752 ὥσπερ
1203 685 1342 753 ἕρμα
1394 683 1572 744 οὕτως
1622 685 1920 746 πέτονται,
1985 685 2142 745 ὅπως
2188 687 2261 754 μή

125 775 150 815 5
187 769 613 836 παρενεχθῶσιν
638 770 750 819 ὑπὸ
789 774 891 818 τοῦ
926 770 1244 833 πνεύματος
1280 765 1421 837 μηδὲ
1461 771 1562 817 τοῦ
1593 768 1834 837 σμήνους
1861 765 2261 838 διαμάρτωσιν.

4 861 156 904 98311)
185 855 316 902 ὅταν
357 850 415 903 6&
455 851 518 922 δή
547 854 639 904 καὶ
664 853 968 921 πρόθυμον
997 853 1174 913 οὕτως
1197 853 1292 902 καὶ
1318 852 1540 921 ἀγαθήν
1578 852 1670 920 ἔχῃ
1709 868 1797 912 τις
1834 849 2100 920 πατρίδα,
2140 858 2265 914 πῶς
2303 853 2335 905 8

183 930 244 987 οὗ
289 939 391 1007 χρή
442 939 626 988 πάντα
675 934 850 988 τᾶλλα
897 938 1029 1006 περὶ
1066 934 1363 998 ἐλάττονος
1419 936 1728 987 ποιεῖσθαι
1774 937 2013 1004 ταύτης,·
2070 938 2104 986 ἃ
2157 938 2263 1004 ἐγὼ

183 1017 535 1088 λογιζόμενος
568 1022 777 1090 χαίρω,
819 1022 963 1090 ὁρῶν
999 1021 1093 1070 καὶ
1130 1021 1226 1070 τὸν
1262 1021 1387 1070 υἱέα
1426 1022 1522 1070 τὸν
1560 1021 1806 1085 ἐμαυτοῦ
1838 1021 1932 1070 καὶ
1975 1022 2071 1071 τὸν
2109 1018 2268 1072 ἀδελ-

182 1103 384 1175 φιδοῦν
418 1107 512 1156 καὶ
546 1107 676 1166 τούς
713 1102 915 1166 ἄλλους
952 1105 1274 1164 νεανίσκους
1312 1101 1580 1166 (πολλοὺς
1619 1101 1678 1153 δὲ
1719 1105 1829 1168 ὁρῶ
1874 1104 1972 1154 σὺν
2011 1103 2134 1172 θεῷ
2172 1107 2266 1156 καὶ

121 1196 166 1237 10
206 1191 461 1251 ἅπαντας
499 1190 732 1257 ἀγαθῶν
768 1192 974 1256 γονέων
1011 1189 1104 1238 καὶ
1140 1189 1206 1237 τό
1242 1203 1301 1254 γε
1339 1185 1491 1248 εἶδος
1528 1187 1774 1254 ἀγαθοῖς
1812 1189 2062 1253 ὁμοίους)
2097 1190 2274 1251 οὕτως

8 1285 69 1319 511
90 1283 144 1326 Μ)
185 1271 613 1341 διανοουμένους
650 1275 728 1334 ὡς
768 1270 1237 1342 φιλονικήσοντας
1263 1269 1528 1341 ἀλλήλοις
1557 1272 1686 1322 ἄνευ
1730 1272 1953 1341 φθόνου
1980 1274 2074 1322 καὶ
2113 1268 2268 1342 ζηλο-

181 1361 387 1420 τυπίας
421 1360 515 1409 καὶ
550 1362 670 1418 τοῖς
708 1354 902 1418 ἄλλοις
941 1357 1279 1426 ἀνθρώποις
1315 1358 1458 1425 ὑπὲρ
1507 1357 1707 1427 ἀρετῆς
1743 1357 1838 1407 καὶ
1875 1349 2135 1419 εὐδοξίας
2172 1364 2270 1427 τῆς

181 1460 240 1493 τε
291 1445 471 1493 αὐτῶν
517 1443 610 1492 καὶ
656 1448 755 1511 τῆς
805 1438 1083 1510 πατρίδος
1131 1442 1226 1492 καὶ
1273 1442 1432 1502 ὅπως
1482 1442 1781 1511 πρωτεύσῃ
1833 1443 2067 1503 ἕκαστος
2104 1443 2162 1492 ἐν
2200 1448 2269 1512 τῇ

183 1524 419 1594 πατρίδι
455 1524 532 1594 τῷ
562 1523 779 1587 δίκαιός
817 1542 876 1576 τε
914 1524 1062 1577 εἶναι
1097 1527 1192 1577 καὶ
1231 1523 1542 1596 φιλόπολις
1577 1527 1671 1577 καὶ
1706 1528 1780 1596 μὴ
1824 1524 2100 1587 ἀδύνατος
2138 1527 2270 1594 ἀγα-

103 1617 147 1659 15
183 1612 293 1662 θόν
330 1628 387 1661 τι
424 1614 611 1661 ποιεῖν
648 1612 740 1661 καὶ
779 1607 964 1673 αὔξειν
1002 1612 1102 1681 τὴν
1129 1608 1394 1680 πατρίδα.
1460 1610 1524 1661 εὖ
1544 1611 1648 1680 γὰρ
1678 1609 1798 1662 ἴστε
1826 1613 1914 1662 ὅτι
1942 1612 2004 1662 ού
2029 1612 2261 1682 μεγίστη
2304 1612 2336 1662 9

178 1702 289 1747 τῶν
328 1693 548 1747 πόλεων
589 1695 727 1746 οὖσα
770 1693 896 1746 οὐδὲ
936 1692 1205 1746 πλεῖστον
1239 1698 1441 1765 χρόνον
1485 1697 1776 1765 οἰκουμένη
1807 1692 2035 1746 πολλῶν
2073 1711 2270 1765 γνωρι-

178 1786 401 1850 μωτέρα
439 1782 560 1831 ἐστὶ
594 1782 689 1831 καὶ
726 1781 882 1850 παρὰ
909 1784 1031 1842 τοῖς
1058 1777 1254 1842 ἄλλοις
1292 1781 1646 1851 ἀνθρώποις,
1685 1783 1780 1832 καὶ
1808 1779 2004 1846 σχεδόν
2030 1799 2087 1831 τι
2125 1782 2271 1850 πρὸς

182 1867 436 1926 ἅπαντας
474 1866 917 1932 ἀγωνιουμένους
954 1866 1085 1926 τοὺς
1109 1858 1375 1934 Ἕλληνας
1426 1863 1606 1916 πάλαι
1657 1869 1892 1935 παρέχει
1930 1867 2061 1927 τοὺς
2101 1866 2270 1935 αὐτῆς

184 1947 422 2011 πολίτας
472 1950 567 1999 οὐκ
604 1951 661 2000 ἐν
698 1953 824 2010 τοῖς,
866 1950 1132 2010 ὑστάτοις
1182 1943 1305 2000 οὐδ’
1359 1951 1417 2000 ἐν
1466 1954 1587 2011 τοῖς
1637 1951 1852 2020 τρίτοις
1904 1952 1936 2020 ἢ
1990 1949 2272 2019 δευτέροις

105 2040 155 2083 20
193 2036 660 2105 ἀριθμουμένους.
738 2031 876 2102 λέγω
919 2031 978 2085 δὲ
1019 2035 1115 2099 οὐχ
1151 2036 1294 2104 ὑπὲρ
1333 2036 1579 2100 ἐμαυτοῦ
1613 2042 1810 2086 τοῦτον
1836 2037 1942 2103 ἐγὼ
1970 2039 2066 2087 τὸν
2094 2033 2273 2103 λόγον,

184 2118 323 2171 ἀλλά
350 2122 490 2189 ὑπὲρ
517 2125 627 2170 τῶν
654 2116 855 2182 ἀλλων,
898 2118 973 2169 ὧν
1021 2120 1077 2169 οἱ
1101 2121 1202 2185 μὲν
1230 2117 1703 2189 ἀποδημήσαντες
1726 2122 1821 2171 καὶ
1846 2118 2078 2172 πλείοσι
2106 2138 2274 2190 φανε-

182 2207 271 2274 ροὶ
306 2206 592 2272 γενόμενοι
631 2205 878 2274 φανερὰν
916 2205 1014 2274 τήν
1066 2201 1233 2267 δόξαν
1273 2206 1602 2274 ἐκτήσαντο,
1655 2207 1711 2256 οἱ
1761 2203 1819 2256 6&
1860 2203 2069 2257 ἐνθάδε
2110 2203 2273 2258 πολι-

180 2292 468 2354 τευόμενοι
503 2290 597 2340 καὶ
632 2292 894 2355 μένοντες
933 2286 1091 2339 οὐδὲν
1125 2290 1349 2359 χείρους
1387 2291 1613 2341 ἐκείνων
1641 2291 1784 2342 εἰσὶν
1815 2291 1942 2341 οὔτε
1968 2293 2100 2361 περὶ
2137 2293 2268 2352 τούς

185 2371 378 2441 λόγους
416 2374 540 2425 οὔτε
578 2376 710 2443 περὶ
746 2375 814 2424 τὰ
853 2375 1002 2444 ἔργα.
1066 2375 1177 2444 ὁρῶ
1207 2372 1265 2425 δὲ
1308 2375 1370 2424 οὐ
1407 2377 1580 2440 μόνον
1614 2376 1730 2426 ἀπὸ
1761 2373 1954 2443 λόγων,
1995 2374 2136 2427 ἀλλά
2174 2379 2268 2427 καὶ
2295 2375 2355 2424 10

105 2464 153 2506 25
191 2460 305 2509 ἀπὸ
347 2456 696 2528 φιλοσοφίας
734 2457 941 2529 ἄνδρας
989 2460 1245 2527 ἀγαθούς
1292 2461 1386 2511 καὶ
1435 2457 1764 2528 ἀξιολόγους
1810 2465 2169 2528 γιγνομένους
2216 2465 2274 2514 ἐν

186 2549 254 2612 τῇ
301 2541 492 2594 πόλει·
538 2545 680 2613 ὑπὲρ
728 2542 803 2594 ὧν
850 2545 957 2611 ἐγὼ
1004 2546 1097 2596 καὶ
1137 2541 1255 2613 ἰδίᾳ
1302 2547 1432 2606 τοὺς
1481 2549 1641 2607 νέους
1688 2548 1782 2597 καὶ
1829 2555 2014 2616 κοινῇ,
2066 2550 2198 2599 ὅταν
2236 2532 2274 2616 ᾗ

185 2631 394 2698 καιρός,
433 2629 528 2678 οὐκ
566 2629 779 2698 ὀκνήσω
820 2627 1181 2699 παρακαλεῖν.
1247 2631 1340 2680 καὶ
1377 2632 1473 2681 τὸν
1503 2628 1678 2701 δῆμον
1715 2633 1859 2696 ὑμᾶς
1899 2629 2057 2696 ἀξιῶ,
2099 2634 2133 2682 οἳ
2173 2634 2275 2699 μὲν

24 2722 90 2759 ΒΕ
107 2722 160 2765 Π)
185 2715 307 2764 ἔστι
333 2714 487 2782 παρὰ
514 2719 624 2764 τῶν
649 2716 1015 2782 κρατούντων,
1042 2721 1216 2765 ταῦτα
1243 2711 1493 2778 ἐλπίζειν
1520 2717 1597 2777 ὡς
1617 2718 1856 2783 ἐσόμενα
1883 2719 1977 2768 καὶ
2003 2718 2274 2783 εὔχεσθαι

189 2799 511 2865 συμβαίνειν
549 2799 673 2849 τινὰ
723 2801 887 2870 τιμήν
925 2800 956 2870 ἢ
1000 2797 1167 2863 δόξαν
1205 2801 1237 2870 ἢ
1280 2801 1552 2870 εὐπορίαν
1597 2804 1926 2870 χρημάτων·
1978 2803 2013 2851 ἃ
2052 2799 2111 2852 6&
2150 2802 2274 2851 ἔστι

106 2891 155 2933 30
191 2877 331 2953 παρ’
376 2884 572 2947 αὐτῶν,
611 2884 771 2949 ἔχειν,
812 2882 1038 2953 εὐταξίᾳ
1076 2891 1187 2936 τῶν
1226 2882 1410 2935 ἄλλων
1450 2883 1639 2954 δήμων
1668 2884 2060 2955 διαφέροντας,
2101 2883 2271 2949 αἰδοῖ,

185 2968 262 3036 τῷ
315 2970 638 3020 πείθεσθαι
685 2974 807 3031 τοῖς
856 2971 1103 3037 ἀγαθοῖς
1152 2968 1420 3038 ἀνδράσι,
1476 2968 1764 3039 φιλεργία,
1816 2970 2152 3040 σωφροσύνῃ
2203 2967 2272 3038 τῇ

188 3055 319 3122 περὶ
354 3056 450 3104 τὸν
485 3046 625 3104 καθ’
666 3057 879 3123 ἡμέραν
917 3055 1071 3121 βίον,
1110 3052 1188 3121 τῴ
1228 3055 1366 3123 μήτε
1405 3059 1516 3104 τῶν
1558 3056 1833 3120 σωμάτων
1873 3051 2097 3120 ἀμελεῖν
2134 3054 2272 3123 μήτε

187 3143 285 3206 τῆς
321 3143 520 3207 ψυχῆς,
558 3131 699 3187 καθ’
742 3141 873 3190 ὅσον
913 3141 1125 3206 ἑκάστῳ
1170 3136 1370 3209 σχολήν
1411 3136 1614 3190 δίδωσι
1651 3139 1720 3189 τὰ
1755 3142 1927 3191 αὑτοῦ
1950 3141 2270 3209 πράγματα,

334 3322 350 3360 1
387 3314 592 3376 γεοργὸς
621 3317 660 3362 Τ
778 3334 905 3364 ουτω
927 3318 966 3362 Β
1110 3321 1136 3362 2
1164 3313 1259 3365 ὑπὸ
1291 3318 1393 3364 add.
1419 3319 1602 3372 Reiske,
1633 3318 1904 3378 πνεύματος
1934 3320 2072 3367 deleri
2107 3321 2277 3365 mavult

189 3387 296 3431 wil.
421 3391 445 3431 3
476 3383 810 3446 ἀπολειφθῶσι
828 3403 862 3433 :2
894 3391 938 3441 (ν
969 3391 1103 3443 eras.)
1132 3387 1172 3432 U
1203 3383 1539 3448 ἀπολειφθῶσι
1569 3391 1605 3434 Β
1755 3395 1848 3445 m}
1878 3392 1960 3438 UT
1988 3393 2035 3448 (i.
2065 3404 2105 3439 e.
2135 3385 2275 3439 πνεύ-

187 3460 355 3514 ματος)
498 3463 524 3502 4
556 3449 683 3505 οὕτω
713 3460 752 3503 Β
896 3458 1126 3505 πέτανται
1159 3458 1278 3504 UBT
1422 3465 1448 3505 6
1480 3454 1606 3509 οὕτω
1636 3463 1675 3508 Β
1839 3459 1922 3523 ἔχη
1952 3467 1996 3522 (η
2023 3463 2071 3508 in
2098 3466 2207 3517 ras.)
2238 3462 2277 3506 U

190 3524 284 3588 ἔχει
314 3529 352 3573 Τ
471 3533 522 3574 10
555 3521 681 3576 οῧτω
713 3530 792 3574 ΒΤ
912 3534 959 3574 11
995 3529 1415 3589 φιλονεικήσοντας
1446 3532 1567 3577 UBT
1688 3538 1737 3579 13
1770 3529 1930 3581 αὐτῶν
1946 3534 2030 3580 UT
2147 3549 2276 3592 πρω-

190 3595 342 3645 τεύσει
371 3599 419 3642 Μ
450 3595 707 3659 προτεύσηι
739 3600 776 3645 U
800 3613 857 3645 m.
875 3613 945 3657 pr.
1065 3603 1116 3645 18
1148 3594 1291 3659 αὐτῆς
1312 3600 1392 3646 ΠΤ
1482 3606 1532 3648 21
1568 3599 1677 3652 ἀλλ’
1701 3605 1782 3650 ΒΤ
1899 3610 1952 3650 30
1981 3605 2046 3650 ita
2075 3605 2280 3650 distinxit

191 3669 369 3715 Geelius
397 3670 623 3727 probante
652 3671 865 3728 Emperio
955 3674 1005 3715 31
1039 3666 1096 3717 τὸ
1128 3685 1210 3728 pro
1243 3674 1314 3734 τῷ
1343 3672 1383 3718 U
1413 3687 1470 3717 m.
1501 3689 1568 3732 pr.
1599 3677 1638 3721 B
1726 3678 1987 3738 φιλεργίαις
2014 3676 2127 3730 libri,
2160 3688 2277 3721 corr.

189 3739 356 3785 Reiske
384 3753 438 3787 ex
465 3742 652 3800 interpr.
752 3746 804 3786 32
836 3759 893 3789 το
925 3742 968 3788 U
997 3756 1054 3786 m.
1085 3755 1152 3799 pr.
1184 3743 1222 3786 B
1309 3747 1409 3791 τῶν
1439 3741 1726 3806 αὐτομάτων
1752 3748 1794 3792 »Τ
1913 3751 1966 3793 33
2000 3741 2146 3794 αὐτοῦ
2172 3746 2278 3791 libri
