2684 4140
347 241 457 290 248
1068 232 1275 278 DIONIS
1304 231 1390 275 DE
1421 230 1720 278 AVARITIA

341 378 637 434 Μενελάου
676 379 946 448 κτήματα,
984 372 1073 443 (οἱ
1110 370 1242 445 τὴν)
1279 376 1547 446 μεγίστην
1586 383 1684 447 τῆς
1715 369 1913 440 Ἀσίας
1953 380 2231 441 οἰκοῦντες
2270 378 2439 432 πόλιν

341 461 639 515 ἀπώλοντο
659 462 801 528 μετὰ
823 458 1047 511 παίδων
1067 461 1160 511 καὶ
1179 466 1469 527 γυναικῶν,
1495 463 1589 512 καὶ
1608 463 1744 528 μίαν
1769 467 1999 530 γυναῖκα
2026 462 2438 530 ὑποδεξάμενοι

338 550 432 600 καὶ
462 549 720 617 χρήματα
762 543 921 613 ὀλίγα
960 542 1296 615 τηλικαύτην
1334 547 1612 615 τιμωρίαν
1651 548 1860 599 ἔτισαν.
1926 550 1958 599 ὁ
1993 551 2180 601 τοίνυν
2204 545 2435 619 Ξέρξης,

335 634 367 683 ό
404 639 502 702 τῆς
540 635 734 701 ἑτέρας
772 632 1011 701 ἠπείρου
1048 632 1268 701 κύριος,
1308 629 1506 702 ἐπειδὴ
1546 634 1640 683 καὶ
1677 640 1775 704 τῆς
1807 623 2067 696 Ἑλλάδος
2104 634 2436 703 ἐπεθύμησε

329 718 422 768 καὶ
468 722 738 767 τοσοῦτον
790 713 991 767 στόλον
1038 717 1132 767 καὶ
1178 718 1460 778 τοσαύτας
1506 716 1788 785 μυριάδας
1839 720 2160 788 συναγαγὼν
2205 716 2428 789 ἤλασεν,
2468 727 2493 768 5

329 803 559 852 ἅπασαν
583 802 686 867 μὲν
714 802 960 871 αἰσχρῶς
987 798 1239 869 ἀπέβαλε
1265 803 1363 872 τὴν
1393 799 1644 869 δύναμιν,
1671 801 1837 869 μόλις
1877 803 1935 855 δὲ
1957 807 2019 855 τὸ
2046 811 2206 870 σῶμα
2230 803 2422 870 ἴσχυσε
2441 815 2521 857 (251
2542 813 2594 857 Μ)

329 885 614 937 διασῶσαι
642 888 862 956 φεύγων
884 887 1066 948 αὐτός.
1126 887 1530 958 πορθουμένης
1560 886 1619 939 δὲ
1639 890 1780 954 μετὰ
1807 895 1982 940 ταῦτα
2010 896 2109 959 τῆς
2129 891 2318 958 χώρας
2342 889 2436 938 καὶ

246 977 309 1029 15
330 978 441 1023 τῶν
472 969 694 1023 πόλεων
730 978 842 1024 τῶν
881 974 981 1023 ἐπὶ
1016 969 1276 1042 θαλάττῃ
1318 977 1512 1044 φέρειν
1550 970 1900 1045 ἠναγκάζετο.
1975 976 2069 1026 καὶ
2105 975 2213 1044 μὴν
2249 970 2435 1024 Πολυ-

325 1060 533 1128 κράτην
573 1059 767 1128 φασίν,
807 1061 914 1120 ἕως
951 1059 1052 1125 μὲν
1078 1060 1276 1132 Σάμου
1298 1061 1473 1128 μόνης
1499 1055 1677 1129 ἦρχεν,
1718 1058 2224 1127 εὐδαιμονέστατον
2252 1059 2431 1108 ἁπάν-

328 1160 440 1194 των
478 1144 776 1211 γενέσθαι·
828 1141 1170 1211 βουλόμενον
1211 1141 1272 1195 δέ
1309 1162 1366 1196 τι
1403 1146 1497 1196 καὶ
1534 1151 1645 1196 τῶν
1684 1150 1864 1215 πέραν
1915 1142 2427 1215 πολυπραγμονεῖν,
2469 1153 2514 1195 10

328 1226 750 1280 διαπλεύσαντα
790 1232 936 1301 πρὸς
966 1223 1250 1300 Ὀροίτην,
1302 1231 1379 1292 ὡς
1412 1232 1670 1301 χρήματα
1713 1228 1907 1298 λάβοι,
1953 1227 2095 1300 μηδὲ
2136 1227 2335 1300 ῥᾳδίου
2374 1244 2435 1296 γε

326 1312 585 1366 θανάτου
635 1319 844 1381 τυχεῖν,
894 1313 1035 1366 ἀλλὰ
1078 1313 1649 1368 ἀνασκολοπισθέντα
1689 1318 1802 1368 ὑπὸ
1842 1322 1946 1366 τοῦ
1979 1313 2267 1385 βαρβάρου
2317 1311 2436 1365 δια-

327 1400 639 1471 φθαρῆναι.

473 1492 647 1536 ταῦτα
684 1489 803 1552 μέν,
846 1478 922 1537 ἶν’
963 1470 1000 1555 ᾗ
1041 1484 1472 1557 παραδείγματα
1509 1489 1668 1553 ὑμῖν,
1714 1488 1773 1537 ἔκ
1809 1503 1869 1536 τε
1907 1491 2018 1536 τῶν
2060 1482 2283 1556 σφόδρα
2325 1500 2434 1534 πα·
2452 1495 2648 1540 (469311)

329 1568 504 1622 λαιῶν
551 1572 646 1622 καὶ
692 1577 803 1622 τῶν
854 1573 995 1637 μετὰ
1044 1578 1222 1622 ταῦτα
1265 1574 1360 1624 καὶ
1397 1579 1508 1624 τῶν
1547 1574 1606 1623 ἐν
1646 1574 1931 1642 ποιήμασι
1967 1573 2062 1623 καὶ
2099 1577 2210 1622 τῶν
2250 1569 2435 1633 ἄλλως
2476 1580 2522 1622 15

243 1657 306 1711 16
331 1657 743 1726 ἱστορουμένων
771 1658 1107 1727 παρήνεγκα.
1172 1654 1332 1720 ἀξιον
1374 1651 1427 1708 δ’
1471 1658 1874 1728 ἐνθυμηθῆναι
1901 1659 1995 1708 καὶ
2022 1659 2120 1708 τὸν
2157 1658 2315 1721 θεόν,
2356 1659 2433 1718 ὡς

323 1742 577 1802 κάκεῖνος
623 1737 878 1804 κολάζειν
927 1745 1146 1813 πέφυκε
1195 1745 1327 1803 τούς
1377 1740 1866 1804 πλεονεκτοῦντας.
1943 1740 2433 1808 Λακεδαιμονίοις

322 1827 427 1896 γὰρ
462 1830 792 1895 χρωμένοις,
833 1828 884 1878 εἰ
925 1825 1160 1879 δίδωσιν
1202 1829 1396 1890 αὐτοῖς
1433 1829 1532 1899 τὴν
1552 1818 1871 1898 Ἀρκαδίαν,
1914 1828 1976 1878 οὐ
2003 1829 2175 1893 μόνον
2215 1828 2429 1878 ἀπεῖπε

321 1913 416 1963 καὶ
451 1914 550 1983 τὴν
589 1909 913 1982 ἀπληστίαν
953 1911 1259 1977 ὠνείδισεν,
1302 1915 1481 1975 οὕτως
1520 1915 1724 1964 εἰπών·

546 1992 844 2068 Ἀρκαδίην
882 1991 943 2064 μ’
988 2000 1196 2063 αἰτεῖς,
1236 2003 1378 2067 μέγα
1417 1990 1481 2065 μ’
1528 2000 1733 2063 αἰτεῖς,
1778 1999 1936 2050 οὔτοι
1975 1996 2170 2049 δώσω“
2460 2006 2510 2048 20

324 2081 466 2134 ἀλλὰ
491 2085 585 2135 καὶ
610 2084 888 2152 τιμωρίαν
917 2084 1110 2145 αὐτοῖς
1131 2085 1399 2154 ἐπέθηκε,
1443 2085 1740 2154 προειπὼν
1766 2086 1868 2150 μὲν
1895 2086 1958 2135 τὸ
1985 2082 2206 2150 μέλλον,
2249 2087 2427 2147 οὕτως

321 2165 380 2219 δὲ
406 2169 550 2219 ὥστε
576 2170 821 2229 ἐκείνους
845 2170 919 2239 μὴ
947 2173 1209 2230 συνέντας
1237 2171 1336 2220 ἐπὶ
1361 2173 1568 2237 Τεγέαν
1600 2170 2018 2239 στρατεύεσθαι
2043 2172 2137 2221 καὶ
2162 2175 2287 2232 ταῖς
2313 2187 2425 2238 γιγ-

321 2257 703 2318 νωσκομέναις
728 2255 841 2304 ὑπὸ
883 2256 1112 2305 πάντων
1154 2259 1476 2325 συμφοραῖς
1513 2259 1863 2324 περιπεσεῖν.
1941 2257 2130 2307 καίτοι
2170 2263 2428 2327 φανερῶς

322 2339 421 2408 τὴν
450 2329 750 2406 Ἀρκαδίαν
780 2341 973 2401 αὐτοῖς
999 2341 1339 2408 ἀρνούμενος
1379 2333 1506 2391 οὐδὲ
1547 2342 1646 2411 τὴν
1679 2344 1885 2408 Τεγέαν
1924 2339 2130 2392 ἐδίδου.
2220 2343 2283 2392 τὸ
2322 2343 2425 2411 γὰρ

323 2424 690 2493 ἰσχυρότατον
716 2431 815 2495 τῆς
847 2417 1147 2493 Ἀρκαδίας
1183 2427 1277 2477 καὶ
1313 2429 1579 2493 μέγιστον
1617 2419 1773 2476 τοῦτ’
1815 2423 1897 2496 ἦν.
1963 2418 2089 2476 ἀλλ’
2136 2429 2288 2493 ὅμως
2327 2425 2421 2478 διὰ
2461 2433 2510 2474 25

321 2510 420 2579 τὴν
470 2506 802 2572 πλεονεξίαν
853 2504 980 2561 οὐδὲ
1021 2510 1138 2561 ὦτα
1166 2512 1389 2577 ἔχουσιν
1430 2513 1486 2562 οἱ
1525 2509 1732 2573 πολλοὶ
1768 2518 1878 2563 τῶν
1929 2513 2257 2582 ἀνθρώπων
2299 2506 2426 2564 οὐδὲ

236 2597 300 2648 17
321 2599 433 2646 τῶν
485 2592 794 2663 λεγομένων
845 2597 1241 2648 αἰσθάνονται.
1328 2594 1502 2648 πάλιν
1552 2599 1740 2648 τοίνυν
1786 2590 2122 2668 Ἀθηναίοις
2170 2600 2429 2668 ἐρωτῶσι

319 2682 454 2750 περὶ
501 2688 600 2751 τῆς
649 2682 819 2751 νήσου
858 2679 1118 2744 Σικελίας
1167 2683 1366 2752 ἔχρησε
1415 2680 1763 2750 προσλαβεῖν
1812 2690 1880 2753 τῇ
1930 2680 2098 2733 πόλει
2135 2684 2234 2752 τὴν
2271 2685 2427 2733 Σικε-

320 2762 464 2829 λίαν,
506 2763 684 2835 λόφον
718 2767 845 2817 τινοὶ
884 2768 1043 2835 ἐγγὺς
1082 2769 1212 2819 ὄντα
1252 2775 1350 2838 τῆς
1388 2765 1626 2829 πόλεως.
1694 2769 1749 2818 οἱ
1788 2765 1847 2818 δὲ
1875 2774 1986 2819 τῶν
2023 2770 2125 2833 μὲν
2152 2783 2422 2838 παρακει-

317 2854 499 2917 μένων
524 2852 619 2902 καὶ
642 2857 755 2903 τῶν
782 2853 839 2903 ἐν
868 2850 1201 2923 ὀφθαλμοῖς
1226 2850 1511 2923 ἠμέλησαν
1529 2865 1539 2876 ·
1583 2854 1760 2915 οὕτως
1791 2845 1915 2921 (δ’)
1950 2853 2219 2923 ἔκφρονες
2243 2854 2420 2923 ύπῆρ-
2459 2858 2508 2900 30

466 3077 484 3117 1
521 3072 568 3120 οἳ
598 3087 682 3120 om.
714 3073 862 3131 UBM‚
894 3075 1032 3120 habet
1063 3075 1126 3130 '1¹3
1157 3070 1245 3134 τὴν
1274 3074 1376 3119 add.
1399 3074 1507 3119 Wil.
1628 3078 1652 3118 3
1681 3078 1764 3121 καὶ
1794 3078 1900 3120 ante
1927 3074 2148 3135 χρήματα
2180 3087 2266 3119 om.
2299 3074 2341 3120 U

317 3139 506 3191 ἔτεισαν
533 3145 584 3189 Μ
605 3141 809 3205 ἔστησαν
822 3146 863 3193 U
952 3151 976 3191 5
997 3143 1174 3205 ἤλασεν
1194 3146 1370 3203 scripsi,
1390 3142 1589 3205 ἤνεγκεν
1608 3145 1713 3190 libri
1801 3150 1826 3191 9
1848 3149 1966 3203 φασὶ
1987 3147 2024 3190 Β
2045 3146 2103 3191 cf.
2126 3145 2343 3190 Herodot.
2359 3144 2428 3188 III

323 3219 545 3261 120—125
692 3221 744 3261 10
775 3221 885 3277 περὶ
914 3221 1013 3264 τῶν
1042 3218 1083 3264 U
1201 3217 1356 3278 πέραν
1384 3219 1422 3262 Β
1454 3217 1578 3278 πέρα
1610 3217 1701 3262 UM
1840 3221 1886 3261 11
1924 3213 2145 3276 ὀρύττειν
2173 3216 2224 3259 Μ
2338 3219 2427 3262 τοῦ

316 3299 401 3343 pro
431 3302 487 3345 γε
516 3285 567 3330 Μ
685 3290 739 3332 14
766 3283 797 3347 ἢ
824 3302 908 3345 pro
935 3283 1005 3335 ‘lv'
1035 3281 1066 3347 ᾖ
1094 3289 1144 3333 Μ
1236 3294 1285 3334 15
1317 3285 1637 3348 ἐμποιήμασιν
1667 3287 1717 3332 Μ
1806 3283 1967 3334 ἄλλων
1997 3287 2046 3330 Μ
2139 3290 2190 3332 16
2221 3287 2269 3334 δὲ
2299 3286 2337 3330 Β

277 3386 285 3390 -
323 3360 373 3401 17
405 3356 643 3414 desumpta
671 3369 729 3402 ex
758 3358 973 3404 Herodot.
1003 3360 1026 3404 I
1057 3364 1110 3405 66
1249 3364 1299 3405 19
1331 3354 1551 3407 ώνίδισεν
1580 3361 1630 3404 Μ
1775 3362 1824 3403 21
1859 3358 2094 3418 ἐπέθηκεν
2128 3352 2292 3411 αὐτοῖς
2321 3357 2423 3411 (1¹0c

321 3427 434 3482 ord.)
463 3427 507 3473 U
623 3425 902 3489 προσειπὼν
931 3430 1012 3475 UB
1128 3434 1182 3475 22
1213 3431 1589 3491 γινωσκομέναις
1619 3430 1659 3475 U
1806 3433 1861 3474 24
1893 3429 2215 3489 ἰσχυρότατον
2244 3427 2423 3483 Pfiugk‚

318 3495 517 3558 ἰσχυρὸν
545 3499 650 3544 libri
766 3504 820 3546 25
852 3495 962 3548 ἀλλ’
996 3494 1128 3559 ὅμως
1159 3507 1321 3548 eontra
1349 3503 1539 3558 logicam
1570 3505 1764 3559 pugnam
1796 3501 1852 3545 de
1881 3500 2100 3546 universis
2132 3499 2250 3544 enim
2279 3498 2423 3543 homi-

316 3570 476 3624 nibus,
516 3582 608 3614 non
648 3570 704 3615 de
740 3571 1110 3618 Lacedaemoniis
1148 3574 1236 3619 hoc
1274 3574 1507 3619 enuntiato
1545 3574 1714 3629 agitur;
1764 3571 1934 3617 conieci
1985 3563 2098 3617 ἀλλ’
2141 3564 2261 3627 (οὐκ
2299 3565 2375 3616 οἶδ
2382 3564 2424 3626 ’>

319 3631 469 3695 ὅπως,
498 3639 606 3685 wil.
638 3635 748 3687 ἀλλ’
782 3637 914 3699 οἶμαι
1031 3646 1084 3687 26
1117 3637 1224 3691 οὐδὲ
1253 3645 1371 3701 libri,
1403 3641 1513 3691 οὔτε
1533 3643 1670 3688 Dind.
1771 3635 1879 3689 οὐδὲ
1907 3641 2026 3695 libri,
2058 3636 2169 3687 οὔτε
2198 3640 2334 3685 Dind.

318 3714 372 3755 27
405 3710 475 3757 cf.
505 3711 640 3756 Paus.
671 3711 780 3758 VIII
805 3717 870 3768 11,
895 3716 946 3757 12
1037 3716 1090 3757 30
1121 3708 1168 3759 δ’
1200 3714 1354 3760 addidi
1385 3714 1587 3771 quamvis
1617 3713 1891 3770 obloquente
1910 3710 2124 3769 Emperio
2145 3710 2207 3766 (in
2229 3710 2422 3767 schedis)
