2684 4140
362 295 465 343 282
999 287 1207 334 DIONIS
1236 286 1322 332 DE
1353 285 1822 334 CONSULATIONE

360 417 620 505 λιῖγησαν.
706 436 780 504 μὴ
831 435 940 503 ἄρα
989 434 1083 484 καὶ
1130 435 1193 484 τὸ
1232 430 1613 500 βουλεύεσθαι
1651 442 1908 487 τοιοῦτον
1945 420 2010 506 ᾗ,
2064 439 2207 488 ὥστε
2247 435 2458 490 εἰδέναι

356 526 459 587 μέν
497 538 554 571 τι
589 547 660 556 -
697 520 766 570 τὰ
807 517 866 570 δὲ
906 516 1065 582 ἄλλα,
1105 520 1211 569 ὅσα
1251 519 1573 586 ἀγνοοῦμεν,
1616 523 2029 587 στοχασάμενοι
2068 523 2247 573 ἐνίοτε
2294 516 2458 574 αὐτο-

356 608 550 672 μάτως
588 606 930 670 ἐπετύχομεν
966 604 1061 654 καὶ
1096 596 1222 669 μετ’
1269 596 1536 670 οὐδεμιᾶς
1573 606 1907 676 ἐπιστήμης.

293 695 327 744 4
510 692 654 758 Φέρε
693 689 796 758 γὰρ
847 686 1054 754 ἴδωμεν
1105 690 1309 739 ὁποῖόν
1357 689 1481 740 ἐστι
1517 691 1581 740 τὸ
1621 695 1864 759 πρᾶγμα.
1929 692 1998 742 τὰ
2038 693 2168 743 ὄντα
2205 693 2299 743 καὶ
2337 692 2460 742 ἔστι

355 777 448 827 καὶ
485 777 701 842 ἐγένετο
739 775 834 824 καὶ
870 775 1167 844 ὑφέστηκε,
1206 774 1275 824 τὰ
1323 771 1382 824 δὲ
1420 776 1494 845 μή
1538 776 1670 826 ὄντα
1712 776 1837 827 οὔτε
1875 777 2030 828 ἔστιν
2070 778 2195 828 οὔτε
2234 779 2450 845 ἐγένετο
2489 789 2515 830 5

357 861 483 911 οὔτε
519 861 846 930 ὑφέστηκεν.
925 859 987 909 οὐ
1041 856 1134 910 δεῖ
1172 861 1275 925 μὲν
1320 859 1415 910 οὖν
1455 861 1588 930 περὶ
1622 866 1734 912 τῶν
1761 855 1904 931 [ἤδη]
1945 863 2147 913 ὄντων·
2190 863 2313 912 ἔστι
2350 863 2453 932 γὰρ

356 939 485 1014 [καὶ]
529 941 688 995 οὐδὲν
729 942 937 1016 ὄφελος
967 945 1102 1013 περὶ
1137 950 1249 996 τῶν
1285 947 1595 1012 γεγονότων
1632 947 1727 996 καὶ
1762 948 2160 1016 ὑφεστηκότων
2199 943 2454 1013 βουλεύε-

358 1031 529 1081 σθαι·
577 1031 636 1081 τί
680 1030 784 1099 γὰρ
834 1030 928 1080 καὶ
963 1026 1396 1096 βουλευσόμεθα
1442 1032 1576 1098 περὶ
1615 1031 1828 1093 αὐτῶν,·
1878 1031 1968 1081 ἵνα
1968 1033 2079 1124 μὴ
2121 1034 2348 1101 γένηται
2385 1031 2454 1081 τὰ

355 1117 653 1182 γεγονότα,·
692 1116 755 1165 οὐ
796 1112 1030 1166 δύναται
1067 1117 1141 1186 μή
1182 1118 1482 1182 γεγονέναι.
1553 1108 1680 1165 ἀλλ’
1725 1117 1815 1167 ἵνα
1841 1117 1914 1187 μὴ
1955 1099 1991 1185 ᾗ
2029 1116 2098 1166 τὰ
2127 1118 2291 1179 ὅντα,·
2330 1122 2456 1178 πῶς

358 1197 651 1266 δυνάμεθα
679 1207 923 1271 ποιῆσαι
947 1202 1021 1271 μή
1054 1199 1224 1261 εἷναι;
1265 1195 1463 1269 [οὑτως
1491 1202 1568 1263 ὡς
1594 1202 1836 1268 ἐγένετο,
1831 1195 1861 1268 ·]
1907 1194 2165 1252 ἀλλ’ἵνα
2203 1203 2276 1272 μή
2316 1202 2451 1272 ὑφε-
2494 1213 2541 1254 10

360 1286 562 1355 στήκῃ,·
615 1291 730 1336 πᾶν
768 1287 832 1336 τὸ
885 1286 945 1336 ὂν
982 1287 1302 1336 ὑπόστασιν
1352 1287 1480 1351 ἔχει.
1557 1283 1698 1336 ἀλλὰ
1737 1287 1871 1355 περὶ
1906 1287 2008 1352 μὲν
2044 1292 2155 1337 τῶν
2195 1288 2369 1338 ὄντων
2406 1287 2465 1337 τί

289 1374 320 1424 5
359 1372 427 1422 ἄν
464 1388 552 1432 τις
588 1372 682 1421 καὶ
718 1368 1046 1437 βουλεύοιτο
1058 1389 1078 1433 ,·
1117 1372 1250 1440 περὶ
1280 1372 1447 1422 τίνων
1477 1371 1572 1422 οὖν
1598 1368 1990 1438 βουλευόμεθα
2003 1390 2023 1434 ,·
2061 1373 2195 1439 περὶ
2232 1377 2342 1422 τῶν
2381 1373 2454 1442 μὴ

357 1459 561 1520 ὄντων,
613 1458 690 1517 ὡς
741 1458 773 1506 ὁ
821 1453 984 1523 λόγος
1034 1453 1424 1507 ὑποδείκνυσι·
1474 1457 1543 1506 τὰ
1584 1454 1643 1506 δὲ
1681 1458 1754 1526 μή
1797 1458 1927 1507 ὅντα
1969 1457 2095 1507 οὔτε
2134 1457 2289 1507 ἔστιν
2319 1457 2456 1510 ,οὔτε

352 1544 572 1609 γέγονεν
619 1540 744 1590 οὔτε
792 1542 1119 1610 ὑφέστηκεν.
1214 1542 1348 1610 περὶ
1394 1546 1506 1591 τῶν
1559 1541 1654 1591 οὐκ
1703 1543 1880 1592 ὄντων
1932 1541 2026 1592 οὖν
2076 1543 2164 1603 τίς
2221 1539 2456 1593 δύναται
2474 1557 2555 1600 (285
2575 1555 2629 1598 Μ)

352 1624 735 1693 βουλεύεσθαι
771 1627 866 1676 καὶ
912 1627 1046 1695 περὶ
1097 1630 1208 1676 τῶν
1258 1626 1354 1691 οὐχ
1401 1627 1777 1696 ὑφεστώτων,·
1825 1628 1887 1677 τὸ
1937 1626 2042 1696 γὰρ
2094 1627 2190 1676 οὐκ
2248 1627 2309 1677 ὂν
2362 1627 2450 1676 οὐ-
2494 1639 2538 1681 15

355 1709 446 1762 δέν
495 1713 635 1761 ἐστι.
719 1705 870 1779 [περὶ
912 1708 980 1760 δὲ
1029 1717 1132 1760 τοῦ
1179 1711 1275 1760 οὐκ
1322 1712 1482 1771 ὄντος
1523 1709 1704 1772 οὐδεὶς
1756 1709 1990 1762 δύναται
2037 1707 2458 1781 βουλεύεσθαι]

356 1794 538 1857 οὐδεὶς
577 1797 686 1865 ἄρα
729 1794 963 1847 δύναται
988 1793 1371 1862 βουλεύεσθαι
1398 1797 1532 1865 περὶ
1569 1802 1681 1847 τῶν
1718 1798 1791 1867 μὴ
1823 1798 2013 1847 ὄντων.
2080 1801 2113 1865 ή
2150 1797 2254 1866 γὰρ
2282 1795 2452 1868 βουλή

351 1882 454 1932 ἐπί
489 1882 604 1932 τινί
640 1882 811 1932 ἐστιν.
886 1882 950 1931 τὸ
993 1878 1051 1931 δὲ
1092 1883 1166 1952 μή
1223 1882 1284 1932 ὃν
1325 1881 1390 1932 οὐ
1426 1883 1484 1932 τί
1520 1882 1690 1932 ἐστιν.
1770 1883 1866 1932 οὐκ
1905 1883 2013 1951 ἄρα
2056 1878 2183 1932 οὐδὲ
2223 1883 2286 1932 τὸ
2325 1882 2457 1949 βου-
2666 1934 2671 1954 3

354 1963 628 2017 λεύεσθαι
666 1968 799 2036 περὶ
836 1973 947 2018 τῶν
984 1969 1058 2037 μὴ
1102 1968 1277 2018 ὄντων
1319 1959 1535 2018 δύναιτ’
1581 1968 1649 2018 ἂν
1687 1966 1850 2018 εἶναι.
2660 1956 2672 2071 ⁴

284 2052 315 2103 6
501 2053 573 2102 Τί
612 2052 735 2115 oiim
785 2053 816 2102 ὁ
852 2053 1105 2118 ἄμουσος
1141 2054 1235 2104 καὶ
1274 2054 1305 2103 ὁ
1344 2053 1745 2123 ἀνεπιστήμων
1785 2053 2060 2122 ἁρμονίας
2107 2053 2201 2103 καὶ
2246 2049 2450 2119 μέλους
2487 2065 2539 2107 20
2658 2072 2673 2124 3

353 2138 448 2188 καὶ
485 2137 715 2206 ῥυθμοῦ
746 2139 841 2188 καὶ
876 2145 976 2209 τῆς
1012 2139 1227 2188 τούτων
1264 2135 1479 2200 τάξεως
1514 2139 1610 2188 καὶ
1649 2139 1921 2206 κινήσεως
1969 2129 2186 2188 δύναιτ’
2239 2138 2306 2189 ἂν
2355 2155 2451 2188 κα·
2662 2126 2673 2151 '²

356 2221 466 2284 λῶς
503 2221 932 2290 βουλεύσασθαι
967 2225 1100 2292 περὶ
1134 2230 1407 2293 μουσικῆς
1442 2225 1536 2274 καὶ
1573 2229 1684 2273 τῶν
1722 2224 1897 2292 ἔργων
1934 2229 2046 2274 τῶν
2070 2223 2211 2273 κατὰ
2249 2235 2448 2287 μουσι-

352 2310 478 2379 κήν,·
515 2335 585 2343 -
629 2306 921 2374 Οὐδαμῶς.
961 2335 1030 2342 —-
1073 2310 1146 2358 Τί
1184 2306 1277 2370 δέ,·
1315 2310 1347 2358 0‘
1370 2309 1714 2378 γεωμετρίας
1741 2309 1980 2377 ἄπειρος
2011 2309 2144 2377 περὶ
2183 2309 2444 2373 σώματος
2665 2271 2674 2377 i

321 2385 445 2445 ⁴noel
481 2395 689 2464 μήκους
727 2395 822 2444 καὶ
858 2391 1110 2455 πλάτους
1151 2395 1246 2445 καὶ
1281 2394 1504 2460 βάθους
1550 2390 1953 2460 βουλευόμενος
1994 2395 2061 2444 ἂν
2098 2391 2282 2454 καλῶς
2318 2380 2675 2475 βου-(δεεΒΙΙιξ

353 2477 604 2540 λεύοιτο,·
640 2506 712 2512 -—
755 2476 898 2529 Οὐδὲ
941 2477 1118 2539 οὗτος.
1147 2504 1216 2512 -
1248 2479 1319 2529 Τί
1346 2476 1438 2541 δέ,·
1478 2480 1509 2528 ὁ
1534 2479 1672 2539 νεὼς
1700 2480 1888 2548 ἄρχειν
1930 2479 2026 2528 οὐκ
2063 2479 2447 2544 ἐπιστάμενος
2488 2493 2535 2534 25
2664 2478 2673 2534 ’ἐ

351 2565 484 2634 περὶ
520 2565 659 2624 νειὸς
698 2565 868 2635 ἀρχῆς
903 2565 998 2615 καὶ
1046 2564 1220 2633 ἔργων
1256 2564 1660 2634 κυβερνητικῶν
1698 2565 1901 2625 ἱκανῶς
1940 2565 2007 2615 ἂν
2045 2561 2452 2631 βουλευόμενος
2662 2546 2675 2642 i

285 2650 315 2699 7
353 2646 710 2716 βουλεύοιτο,·
735 2677 805 2684 -
831 2646 975 2700 Οὐδὲ
1004 2647 1182 2710 οὗτος.
1205 2643 1484 2711 -Ὅστις
1506 2652 1614 2719 ἄρα
1645 2648 1804 2701 οὐδὲν
1834 2652 2037 2712 ἱκανῶς
2064 2652 2198 2720 περὶ
2229 2647 2456 2711 οὐδενὸς
2669 2713 2675 2736 υ

493 2792 513 2831 1
548 2785 643 2872 ἄρα
674 2788 723 2831 Μ
754 2789 850 2848 ἄρα
881 2786 962 2832 UB
1164 2791 1188 2831 2
1220 2781 1312 2835 όσα
1345 2783 1615 2848 αγνοοῦμεν
1645 2788 1793 2844 Emp.,
1827 2781 1920 2834 όσα
1952 2792 2188 2845 ποιοῦμεν
2218 2788 2302 2833 UB

344 2864 373 2905 4
403 2860 519 2920 φέρε
551 2861 636 2906 οὐν
659 2885 711 2892 -
732 2854 793 2906 ἀν
823 2854 943 2904 εἶναι
974 2859 1031 2903 ab
1054 2859 1140 2903 hoc
1168 2859 1272 2904 loco
1303 2859 1450 2904 aliena
1472 2871 1618 2916 neque
1649 2862 1830 2916 sumpta.
1850 2871 1906 2903 ex
1926 2859 2118 2915 Sisypho
2140 2872 2184 2915 p.
2207 2857 2344 2902 3901)
2668 2895 2676 2919 ‚

347 2930 448 2978 ἐστὶ
477 2931 624 2986 UBM,
656 2943 772 2975 corr.
805 2929 941 2975 Dind
1117 2934 1142 2974 6
1173 2931 1218 2977 εἰ
1243 2943 1325 2987 pro
1358 2924 1415 2977 οὐ
1445 2934 1516 2976 δεῖ
1543 2931 1592 2974 Μ
1737 2926 1821 2989 ἤδη
1852 2929 1911 2974 ab
1942 2929 2099 2974 eodem
2128 2929 2455 2985 interpolatore
2669 2923 2677 2955 ¹

346 3004 587 3056 insertum,
625 3001 681 3046 de
712 3014 800 3058 quo
831 3001 900 3056 egi
929 3002 988 3046 ad
1016 3001 1044 3045 1.
1083 3004 1132 3045 12
1278 3006 1301 3045 7
1333 3004 1414 3047 καὶ
1445 3001 1632 3056 seclusi,
1671 3013 1777 3045 nam
1822 2997 1921 3047 ἔστι
1952 2999 2072 3057 quod
2100 2999 2334 3056 praecedit
2363 3011 2455 3043 non
2660 3002 2666 3011 ⁵

347 3077 501 3131 potest
529 3073 604 3118 hic
635 3072 918 3118 existentiam
947 3072 1200 3129 significare
1290 3078 1314 3119 8
1343 3076 1424 3119 καὶ
1453 3075 1559 3130 post
1586 3069 1680 3132 γὰρ
1711 3086 1798 3117 om.
1831 3072 1868 3115 B
1990 3075 2041 3115 10
2074 3063 2226 3124 οὕτως
2257 3063 2321 3123 ὡς
2349 3067 2452 3128 ἐγέ-

349 3161 460 3191 νετο
491 3145 656 3189 seclusi
803 3148 850 3188 11
887 3136 962 3190 ὅτι
992 3157 1075 3201 pro
1107 3162 1151 3191 τι
1180 3144 1231 3189 Μ
1389 3148 1440 3188 12
1471 3143 1769 3200 interpolator
1797 3141 2112 3200 philosophiae
2140 3140 2374 3197 imperitus
2403 3140 2454 3184 in

347 3218 446 3260 tota
475 3227 591 3272 quae
621 3215 825 3272 sequitur
854 3215 1157 3272 disputatione
1186 3214 1245 3263 τὰ
1276 3215 1514 3274 μέλλοντα
1543 3215 1591 3260 in
1621 3216 1770 3259 locum
1799 3217 1898 3260 τῶν
1915 3210 1979 3274 μὴ
2004 3209 2160 3260 ὄντων
2193 3212 2452 3267 substituit3

347 3285 530 3341 reposui
557 3285 587 3328 l.
613 3289 676 3330 12.
710 3289 760 3329 13
790 3281 852 3345 μὴ
886 3281 1044 3333 ὄντων
1072 3299 1154 3344 pro
1183 3279 1459 3344 μελλόντων
1488 3287 1518 3332 l.
1545 3292 1596 3330 13
1627 3282 1690 3344 μὴ
1724 3281 1844 3332 ὄντα
1874 3297 1957 3342 pro
1987 3285 2223 3342 μέλλοντα
2255 3283 2315 3329 cf.
2345 3283 2451 3328 adn.

349 3357 408 3401 ad
440 3360 507 3401 17.
542 3360 609 3401 18.
642 3359 695 3400 19
858 3362 907 3401 15
948 3353 1006 3403 τὸ
1044 3353 1138 3417 γὰρ
1181 3351 1269 3405 οὐκ
1308 3354 1366 3404 ὅν
1408 3351 1516 3404 οὐδέ
1551 3354 1682 3403 ἐστιν
1720 3355 1783 3409 U,
1829 3354 1887 3402 τὸ
1927 3354 2023 3416 γὰρ
2060 3354 2205 3415 μήπω
2247 3351 2305 3401 ὄν
2345 3348 2452 3401 οὐδὲ

347 3426 476 3477 ἔστιν
505 3427 544 3471 Τ
663 3430 712 3471 17
743 3427 806 3487 μὴ
841 3424 995 3474 ὄντων
1024 3429 1199 3486 scripsi,
1228 3424 1506 3486 μελλόντων
1534 3428 1639 3472 libri
1730 3430 1781 3471 18
1812 3425 1917 3473 ἐστί
1946 3427 1984 3470 Β
2082 3424 2144 3484 μὴ
2179 3421 2238 3472 ὄν
2272 3424 2451 3480 scripsi,

346 3499 523 3556 μέλλον
551 3498 657 3543 libri
829 3494 886 3545 οὒ
915 3500 963 3544 τί
992 3496 1122 3545 ἐστιν
1151 3499 1328 3557 scripsi,
1360 3494 1448 3547 οὐκ
1478 3495 1607 3546 ἔστιν
1635 3497 1740 3544 libri
1899 3501 1949 3543 19
1978 3495 2042 3556 μὴ
2076 3493 2236 3543 ὄντων
2269 3493 2450 3551 scripsi,

348 3566 624 3627 μελλόντων
651 3569 756 3614 libri
895 3572 949 3613 20
980 3565 1053 3618 διὰ
1085 3572 1130 3617 τί
1161 3562 1246 3618 οὖν
1275 3571 1326 3616 Μ
1461 3571 1575 3615 haec
1604 3570 1834 3627 pertinent
1863 3569 1923 3614 ad
1951 3580 2051 3613 eam
2081 3566 2449 3623 disputationem,

348 3653 463 3697 quae
490 3645 594 3697 post
624 3643 649 3695 ξ
672 3643 696 3684 3
727 3641 1008 3698 abrumpitur
1122 3644 1175 3685 23
1207 3642 1256 3688 τί
1285 3641 1334 3688 δὲ
1364 3641 1414 3685 Μ
1443 3642 1491 3687 τί
1521 3643 1595 3687 δαὶ
1618 3641 1697 3686 UB
1815 3644 1868 3685 25
1901 3631 2054 3693 οὕτως
2081 3638 2133 3683 Μ
2247 3639 2295 3684 τί
2325 3637 2374 3683 δὲ
2397 3637 2447 3679 Μ

349 3713 398 3757 τί
426 3713 501 3758 δαὶ
530 3711 610 3757 UB
700 3715 753 3755 26
781 3714 862 3757 καὶ
891 3715 1244 3771 κυβερνητικῶν
1273 3713 1311 3757 Β
1416 3716 1467 3757 27
1489 3704 1647 3766 Ὅστις
1676 3709 1775 3769 ἄρα
1806 3710 1927 3765 wil„
1959 3707 2056 3769 ἄρα
2089 3701 2220 3761 ὅστις
2251 3700 2367 3767 (ἆρα
2387 3707 2445 3763 U)

349 3782 453 3827 libri
567 3779 735 3838 ἱκανὸς
764 3783 813 3827 Μ
