2684 4140
373 236 440 284 23
1078 272 1080 274 ,
1268 219 1554 267 ANONYMI

368 375 747 446 Προμηθέως,
789 369 927 438 ἄδην
966 364 1166 436 πηλοῦ.
1229 365 1417 414 καίτοι
1454 364 1548 413 καὶ
1574 364 1636 412 τὸ
1668 368 1829 427 σῶμα
1857 367 1967 412 τῶν
1993 364 2260 428 γενναίων
2290 366 2462 434 φασὶν

370 457 665 525 ἀλλότριον
705 454 852 505 εἶναι
888 452 1070 520 ,ἐπειὴ
1112 440 1263 514 μάλα
1292 445 1477 498 πολλὰ
1503 444 1743 513 μεταξὺ(
1771 444 2034 512 σώματός
2059 464 2119 498 τε
2144 450 2238 500 καὶ
2263 456 2460 521 ψυχῆς.

371 546 402 593 0‘
460 544 561 607 μὲν
616 540 719 607 γὰρ
780 529 876 587 οὑκ
931 537 1085 585 ἔστιν
1144 526 1272 583 οὑδὲ
1332 529 1619 603 φροντίζει
1672 539 1775 583 τοῦ
1830 534 2090 598 σώματος
2138 532 2462 600 κάμνοντος.

366 627 623 691 ἐμαίνετο
675 622 987 689 Καμβύσης
1039 613 1180 685 <ὡς>
1216 610 1458 684 Ἄμασιν
1516 620 1612 669 τὸν
1672 617 2013 686 Αἰγυπτίων
2073 616 2311 685 βασιλέα
2367 622 2463 671 τὸν

366 711 554 775 νεκρὸν
594 700 768 757 αὑτοῦ
800 711 1004 756 κεντῶν
1031 721 1091 754 τε
1116 704 1210 754 καὶ
1234 709 1538 771 μαστιγῶν.
1601 703 1923 771 Αἰγύπτιοι
1946 706 2047 770 μὲν
2072 705 2176 773 γὰρ
2207 702 2460 772 λέγουσιν
2495 715 2520 754 5

355 785 596 857 Ἄμασιν
642 792 701 841 ἐκ
750 787 1015 850 πλείονος
1062 789 1430 858 ὑφορώμενον
1478 789 1577 858 τὴν
1617 789 1925 855 Καμβύσου
1965 786 2327 860 χαλεπότητα
2366 792 2462 841 τὸν
2488 783 2673 845 (126R113

363 879 464 942 μὲν
505 878 678 926 αὑτοῦ
711 876 901 945 νεκρὸν
930 875 1282 942 ἀποκρύψαι,
1323 870 1492 923 ἄλλον
1533 866 1587 923 δ’
1631 867 1757 924 ἀντ’
1801 866 1975 924 αὑτοῦ
2007 872 2334 941 ὑποβαλεῖν,
2372 877 2466 927 καὶ

280 967 345 1015 45
368 967 565 1012 τοῦτον
612 959 758 1012 εἶναι
806 962 902 1010 τὸν
941 959 1219 1028 Καμβύσῃ
1260 956 1664 1029 περιπεσόντα.
1741 951 1889 1022 ἀλλ’,
1942 957 1985 1008 ὦ
2037 957 2360 1026 Αἰγύπτιοί
2405 977 2464 1010 τε

363 1048 456 1099 καὶ
480 1048 778 1117 Καμβύση,
818 1045 930 1097 εἴτε
958 1042 1128 1106 ἄλλος
1155 1062 1242 1106 τις
1278 1041 1344 1114 ἦν
1384 1046 1415 1094 ὁ
1440 1050 1614 1095 ταῦτα
1643 1044 1856 1094 παθὼν
1883 1042 1996 1094 εἴτε
2025 1035 2195 1105 αὑτὸς
2223 1036 2465 1110 Ἄμασις
2488 1055 2568 1097 (467
2592 1055 2644 1099 Μ)

363 1129 445 1202 ἦν,
480 1134 659 1194 τύπος
686 1129 752 1202 ἦν
780 1133 1036 1196 ἄναιμος,
1076 1132 1338 1199 ἄσαρκος,
1378 1131 1615 1198 ἄψυχος.
1674 1135 1888 1192 τοῦτον,
1917 1127 1974 1180 εἴ
1997 1143 2089 1179 σοι
2118 1126 2301 1199 φίλον,
2340 1127 2458 1180 ἕλκε
2503 1137 2546 1179 10

362 1219 456 1269 καὶ
485 1213 774 1287 σπάραττε
799 1218 893 1267 καὶ
917 1220 1162 1285 κέντρου,
1191 1208 1433 1281 Ἄμασιν
1462 1213 1521 1265 δὲ
1551 1208 1611 1265 οὑ
1642 1211 2006 1284 κατείληφας.
2063 1216 2252 1284 ἕτερος
2280 1212 2342 1265 δέ
2379 1232 2467 1276 τις

366 1299 489 1366 ζῶν,
529 1305 804 1369 ἐμπνέων,
845 1298 1285 1366 αἰσθανόμενος,
1324 1301 1545 1351 Πτίσσε
1573 1292 1798 1363 πτίσσ’,
1838 1301 1967 1370 ἔφη,
2007 1301 2104 1351 τὸν
2124 1292 2464 1368 Ἀναξάρχου

366 1385 644 1439 θύλακον·
677 1381 1016 1458 Ἀνάξαρχον
1054 1387 1158 1456 γὰρ
1200 1380 1263 1437 οὑ
1304 1387 1583 1448 πτίσσεις.
1673 1384 1837 1447 οὗτος
1875 1386 1978 1455 γὰρ
2019 1387 2155 1456 ἀνὴρ
2201 1386 2466 1451 ἐμπεσών

365 1475 467 1538 μὲν
506 1475 588 1535 εἰς
626 1471 813 1540 ὅλμον,
853 1474 1203 1539 τυπτόμενος
1244 1469 1302 1522 δὲ
1343 1476 1466 1533 τοῖς
1502 1473 1763 1541 ὑπέροις,
1805 1463 1974 1533 αὑτός
2014 1463 2112 1522 οὑκ
2149 1472 2258 1541 ἔφη
2300 1471 2466 1521 πτίσ-

370 1559 607 1623 σεσθαι,
658 1556 799 1609 ἀλλά
838 1564 948 1609 τῶν
999 1559 1172 1609 αὑτοῦ
1217 1560 1356 1626 ὅπερ
1408 1558 1562 1622 ἔτυχε
1611 1559 2026 1627 περικείμενος·
2078 1557 2270 1625 ὥσπερ
2318 1557 2462 1626 φασὶ
2499 1564 2545 1605 15

364 1645 603 1713 Περσῶν
642 1645 773 1705 τοὺς
812 1644 1119 1709 ὁμοτίμους
1159 1640 1462 1708 λαμβάνειν
1501 1640 1737 1713 πληγάς,
1777 1643 1902 1693 ἀντὶ
1938 1648 2042 1692 τοῦ
2067 1643 2328 1707 σώματος
2366 1642 2463 1691 τὸν

281 1733 347 1783 46
367 1727 586 1781 κάνδυν.
661 1730 888 1798 Πέρσαι
924 1731 1026 1794 μὲν
1068 1728 1162 1779 οὖν
1201 1730 1301 1779 ἐπὶ
1337 1730 1515 1794 τούτῳ
1558 1725 1967 1798 δυσφοροῦσιν·
1994 1721 2190 1796 Ἕλλην
2231 1719 2284 1777 δ’
2328 1727 2464 1796 ἀνὴρ

365 1818 598 1884 παρεῖχε
638 1816 871 1865 τύπτειν
920 1816 983 1863 τὸ
1038 1818 1199 1879 σῶμα
1249 1814 1327 1874 ὡς
1373 1809 1575 1863 κάνδυν
1624 1806 1720 1880 [ὡς
1762 1806 2036 1879 ίμάτιον]·
2086 1815 2247 1879 ἡμεῖς
2297 1804 2346 1861 δ’
2401 1811 2463 1860 ού
2488 1820 2679 1863 ‹127R111

366 1904 698 1970 παρέχωμεν
737 1900 834 1950 τὸν
874 1896 1180 1967 ἀνδριάντα
1202 1900 1486 1963 χωνεύειν,
1523 1898 1624 1949 κᾶν
1659 1898 2011 1967 αἰσθάνηται
2022 1915 2041 1958 ,·
2079 1902 2172 1948 νῦν
2200 1889 2253 1947 δ>
2299 1897 2329 1945 ὁ
2365 1897 2466 1962 μὲν

363 1987 638 2056 κρείσσων
679 1985 1025 2054 αἰσθήσεως,
1065 1984 1171 2051 ἐγώ
1213 1981 1272 2034 δὲ
1308 1984 1450 2034 κατὰ
1489 1985 1588 2053 τὴν
1627 1980 1940 2052 Εὐριπίδου
1979 1979 2355 2048 Λαοδάμειαν
2498 1989 2546 2030 20

626 2085 721 2134 οὐκ
759 2085 826 2136 ἂν
865 2082 1143 2154 προδοίην
1181 2085 1387 2153 καίπερ
1428 2085 1649 2151 ἄψυχον
1691 2080 1875 2154 φίλον.

364 2181 644 2250 βούλομαι
683 2184 778 2234 οὖν
807 2184 974 2234 ἀὑτὸν
1014 2185 1091 2246 ὡς
1119 2184 1540 2249 αἰσθανόμενον
1571 2184 2133 2253 παραμυθήσασθαι.
2205 2180 2248 2232 ὦ
2291 2179 2468 2249 λόγων

365 2271 514 2335 ἐμῶν
556 2267 782 2339 σιγηλὸν
822 2267 1083 2331 εἴδωλον,
1126 2270 1188 2319 οὐ
1230 2270 1438 2340 φαίνῃ;
1489 2266 1616 2320 οὐδὲ
1655 2269 1758 2338 γὰρ
1800 2270 1830 2318 ό
1870 2271 1981 2339 πρὸ
2024 2275 2128 2320 σοῦ
2156 2263 2465 2339 Ἀριστέης·

368 2352 477 2405 ὧδε
514 2355 617 2425 γάρ
657 2356 782 2420 ἔσχε
819 2356 1071 2422 κάκείνῳ,
1113 2356 1190 2416 ὡς
1215 2355 1342 2420 ἐμοὶ
1368 2354 1629 2423 εἰκάσθη,
1669 2354 1980 2424 ἀναστῆναι
2003 2355 2105 2419 μὲν
2146 2354 2312 2405 αὑτὸν
2349 2355 2462 2404 ὑπὸ

367 2446 478 2491 τῶν
498 2442 951 2510 Προκοννησίων,
985 2440 1384 2510 ἀφανισθῆναι
1415 2437 1473 2490 δὲ
1500 2440 1612 2490 ὑπὸ
1640 2445 1751 2490 τῶν
1779 2429 2029 2509 ἐχθρῶν·
2063 2436 2226 2506 λόγον
2256 2430 2308 2490 δ’
2341 2440 2455 2490 ὑπὸ
2494 2451 2541 2491 25

368 2531 478 2577 τῶν
507 2527 688 2578 αὐτῶν
714 2529 927 2577 τούτων
957 2524 1319 2597 διαδοθῆναι,
1361 2527 1438 2587 ὡς
1481 2525 1605 2576 οὔτε
1635 2521 1738 2588 ζῶν
1768 2525 1894 2575 οὔτε
1921 2526 2170 2586 τεθνεὼς
2200 2525 2465 2594 φαίνοιτο

518 2782 536 2822 1
572 2780 671 2824 τῶν
699 2780 937 2838 γενναίων
967 2783 1253 2836 suspectum3
1286 2778 1446 2824 mortis
1475 2777 1706 2823 notionem
1735 2777 1810 2823 hie
1839 2777 2019 2834 requiro
2129 2781 2272 2839 φησὶν
2301 2779 2381 2824 UB

369 2853 393 2894 2
423 2846 530 2896 ἐπεὶ
558 2841 588 2908 ἦ
618 2850 697 2895 UB
728 2851 867 2896 verba
897 2850 1079 2896 Homeri
1108 2850 1161 2895 ΙΙ.
1191 2850 1215 2895 I
1248 2854 1328 2895 156
1445 2853 1469 2894 3
1503 2845 1529 2896 ὃ
1560 2849 1649 2907 μὲν
1682 2848 1811 2895 UBM
1840 2849 1905 2904 (in
1934 2850 2022 2894 hoc
2053 2844 2080 2896 ὃ
2111 2849 2159 2894 in
2187 2855 2380 2908 rasura),
2413 2849 2468 2909 ὃς

366 2921 454 2977 μέν
486 2921 666 2967 Geelius
697 2916 724 2981 ἦ
754 2921 842 2979 μὲν
872 2922 1047 2968 Selden.
1192 2923 1349 2979 potest
1379 2921 1538 2967 scribi:
1571 2917 1598 2967 ὁ
1629 2920 1719 2978 μὲν
1747 2915 1842 2980 γὰρ
1870 2917 2197 2980 (ἄνθρωπος)
2339 2920 2467 2971 ἔστιν

366 2991 485 3050 libri,
516 2987 691 3052 ᾔσθετ’
724 2993 900 3040 Selden.
932 2984 1214 3040 αἰσθάνεται
1245 2992 1459 3038 Reiskius
1632 2997 1660 3036 4
1691 2987 1756 3046 ὡς
1787 2991 1889 3036 add.
1921 2991 2100 3037 Selden.
2255 2997 2354 3041 τῶν
2381 3010 2465 3053 pro

368 3059 456 3109 τὸν
484 3063 526 3108 U
614 3067 639 3108 6
669 3064 874 3119 πλέονος
902 3064 1023 3119 libri,
1054 3077 1170 3110 corr.
1202 3063 1338 3109 Dind.
1428 3067 1451 3107 7
1485 3057 1634 3111 αὑτοῦ
1662 3063 1781 3117 libri,
1813 3076 1932 3108 corr.
1963 3063 2097 3120 Emp.
2207 3069 2255 3110 12
2287 3069 2467 3125 πτῆσσε

369 3137 549 3192 πτῆσσε
578 3135 616 3178 Β
647 3137 817 3182 πτίσσε
846 3138 953 3190 πτὶς
982 3136 1033 3180 Μ
1182 3139 1231 3180 13
1261 3134 1357 3195 γὰρ
1377 3135 1503 3193 prius
1524 3148 1611 3180 om.
1634 3133 1684 3177 M
1828 3129 1949 3193 ἀνὴρ
1970 3134 2114 3191 Emp.‚
2138 3129 2258 3193 ἀνὴρ
2279 3134 2383 3179 libri

372 3208 423 3248 14
455 3200 562 3250 ὅλη
580 3220 675 3261 μον
705 3207 824 3260 (cum
853 3209 1029 3260 rasura)
1059 3205 1100 3251 U
1216 3202 1516 3265 πτήσσεσθαι
1547 3205 1585 3249 Β
1735 3207 1783 3249 15
1816 3207 1914 3251 τῶν
1943 3198 2094 3250 αὑτοῦ
2122 3205 2170 3248 Μ
2202 3204 2290 3251 τὸν
2321 3201 2469 3252 αὑτοῦ

367 3274 405 3318 Β
435 3270 524 3320 τὸν
552 3269 700 3322 αὑτοῦ
722 3275 774 3329 U,
806 3273 863 3322 τὸ
896 3275 1045 3323 αὑτοῦ
1073 3277 1255 3331 «Iambe,
1286 3272 1376 3323 τὸν
1407 3271 1555 3323 αὑτοῦ
1583 3272 1798 3322 θύλακον
1827 3275 2041 3320 Reiskius
2147 3279 2198 3320 16
2229 3276 2353 3334 <εἰς>
2380 3272 2470 3322 τὸν

367 3340 541 3392 κάνδυν
559 3345 772 3391 Reiskius
891 3351 941 3391 17
961 3344 1116 3409 τούτῳ
1137 3348 1313 3405 scripsi,
1335 3344 1553 3409 τοσούτῳ
1574 3347 1708 3394 UBM
1729 3350 1937 3394 τοσοῦτο
1963 3346 2002 3391 Τ
2120 3351 2171 3391 18
2194 3342 2259 3401 ὥς
2279 3344 2469 3404 ἱμάτιον

371 3415 560 3460 seclusit
588 3416 803 3462 Reiskius
943 3422 994 3462 19
1027 3418 1303 3477 παρέχομεν
1333 3419 1452 3474 libri,
1484 3419 1771 3478 παρέχωμεν
1800 3419 1931 3476 Emp.
2074 3418 2305 3476 χωρεύειν
2334 3421 2468 3468 (corr.

369 3498 424 3530 ex
456 3505 494 3533 ω
524 3486 635 3532 fecit
665 3492 711 3540 0)
733 3487 772 3532 U
874 3491 927 3531 20
958 3485 1079 3535 κατὰ
1112 3485 1198 3547 τὴν
1223 3491 1448 3545 Valesius,
1469 3493 1551 3537 καὶ
1572 3490 1657 3550 τὴν
1677 3490 1782 3535 libri
1889 3483 2154 3550 εὖρειπίδου
2173 3487 2222 3530 Μ
2280 3487 2389 3531 Eur.
2413 3500 2469 3531 ex

370 3557 617 3602 Protesilao
647 3556 776 3613 frgm.
810 3561 890 3602 657
922 3557 1086 3604 Nauck
1230 3564 1284 3604 23
1317 3562 1537 3620 σείγηλον
1566 3561 1616 3605 Μ
1724 3558 1781 3608 οὗ
1811 3561 1958 3619 φαίνῃ
1990 3572 2075 3604 om.
2106 3558 2170 3603 M.
2202 3571 2260 3602 m.
2291 3570 2360 3614 pr.

370 3621 595 3687 ἀριστέας
624 3627 664 3672 U
698 3628 755 3672 cf.
779 3628 981 3673 Herodot
999 3629 1063 3673 IV
1090 3634 1138 3674 14
1161 3643 1226 3687 sq.
1317 3634 1371 3675 24
1406 3626 1460 3685 ὃς
1490 3644 1574 3688 pro
1596 3625 1663 3685 ὡς
1682 3631 1784 3687 UB;
1817 3626 1883 3684 ὡς
1913 3632 1990 3675 σοὶ
2021 3623 2075 3682 ὃς
2103 3625 2212 3684 ἐμοὶ
2243 3624 2469 3687 εἰκάσθης

371 3698 583 3743 Reiskius
700 3702 753 3743 25
785 3702 882 3744 τῶν
911 3697 1102 3759 ἐχθρῶν
1131 3697 1280 3761 λόγον
1310 3696 1354 3748 δ’
1384 3697 1478 3748 ὑπὸ
1514 3715 1601 3747 om.
1633 3702 1683 3746 M
