2684 4140
371 276 478 326 274
843 272 1053 318 DIONIS
1080 271 1166 317 DE
1197 267 1362 327 QUOD
1392 267 1584 313 FELIX
1615 269 1710 314 SIT
1741 269 1995 316 SAPIENS

371 420 675 487 χαίροντας
710 420 804 470 καὶ
843 414 1253 488 συνηδομένους
1291 412 1475 465 οἴεται
1515 411 1631 465 δεῖν
1657 416 1986 482 ἐκπέμπειν.
2018 444 2084 452 --
2105 409 2260 470 Ἔστι
2284 425 2475 472 ταῦτα.
2497 433 2578 476 (513
2594 433 2671 475 ΒΕ·

372 531 440 539 -
478 502 546 552 A.
593 501 805 554 Οὔκουν
845 503 1039 570 ὀρθῶς
1087 497 1421 568 παρῄνεσεν.
1500 500 1551 550 εἰ
1588 500 1691 570 γάρ
1743 498 1903 563 ἅπαξ
1951 499 2045 552 δεῖ
2082 499 2296 555 κλαίειν
2346 507 2478 567 τούς

372 586 720 655 ἀνθρώπους
759 584 852 638 διά
891 588 990 657 τὴν
1017 585 1264 650 ἀτυχίαν,
1302 584 1397 634 καὶ
1423 588 1754 651 γενομένους
1782 588 2059 657 προσήκει
2089 587 2326 658 θρηνεῖν
2363 595 2475 641 τῶν

372 672 654 736 ἐσομένων
694 672 886 733 αὐτοῖς
921 675 1105 721 κακῶν
1144 671 1341 732 ἕνεκεν,
1380 669 1475 720 καὶ
1511 667 1981 740 τελευτήσαντας,
2031 674 2119 723 ὅτι
2161 670 2347 723 πολλὰ
2384 675 2479 725 καὶ
2674 671 2678 760 Ι

301 762 333 814 3
376 753 535 806 δεινοὶ
574 756 931 820 πεπόνθασι,
969 756 1063 806 καὶ
1102 750 1329 817 ζῶντας,
1369 755 1458 805 ὅτι
1496 755 1639 806 εἰσὶν
1677 756 1736 806 ἐν
1771 760 1979 819 κακοῖς.
2068 759 2212 809 ὥστε
2252 760 2369 828 ὥρα
2409 760 2476 811 ἂν
2512 769 2536 811 5
2560 770 2664 814 (2771

374 838 459 909 εἴη
508 840 650 891 κατὰ
699 843 796 892 τὸν
846 842 1092 911 ποιητὴν
1139 837 1430 910 μηδέποτε
1493 841 1841 893 παύσασθαι
1899 840 2272 912 ὀδυρομένους
2331 842 2478 895 πολὺ

369 921 583 990 μᾶλλον
620 931 732 977 τῶν
775 923 1046 997 ἀηδόνιον.
1123 926 1333 976 ἐκεῖναι
1368 926 1470 991 μὲν
1508 925 1612 995 γὰρ
1653 932 1756 976 τοῦ
1790 923 1926 996 ἦρος
1954 925 2210 995 λέγονται
2245 930 2480 1000 θρηνεῖν
2675 937 2679 993 1

370 1011 466 1061 τὸν
495 1002 663 1062 Ἴτυν·
713 1013 845 1073 τοὺς
897 1009 956 1062 δὲ
1004 1011 1353 1081 ἀνθρώπους
1392 1011 1541 1072 εἰκὸς
1591 1007 1657 1080 ἦν
1706 1011 1944 1081 θρηνεῖν
1991 1015 2086 1064 καὶ
2132 1014 2344 1084 θέρους
2390 1017 2484 1067 καὶ
2676 999 2679 1070 J

367 1102 661 1162 χειμῶνος.
726 1100 889 1165 πόσῳ
933 1094 991 1148 δὲ
1031 1094 1255 1165 βέλτιον
1293 1097 1426 1158 τούς
1463 1100 1795 1164 γενομένους
1822 1099 1919 1148 έᾶν
1947 1098 2120 1161 εὐθὺς
2147 1097 2482 1159 ἀπολέσθαι

370 1182 484 1232 ὑπὸ
535 1187 646 1233 τῶν
695 1188 906 1247 κακῶν,
958 1179 1099 1233 ἀλλὰ
1146 1184 1220 1253 μὴ
1273 1183 1624 1251 σπαργάνοις
1672 1179 2024 1243 ἐνειλοῦντας
2073 1186 2167 1236 καὶ
2208 1183 2476 1247 λούοντας
2515 1195 2561 1237 10

371 1269 466 1318 καὶ
503 1269 949 1338 τιθηνουμένους
997 1269 1276 1338 τοσαύτην
1328 1265 1661 1334 ἐπιμέλειαν
1712 1270 2023 1321 ποιεῖσθαι
2072 1273 2231 1332 ὅπως
2278 1268 2483 1322 ἄθλιοι

375 1354 630 1405 ἔσονται·
681 1355 903 1424 ἐχθρῶν
941 1356 1075 1424 γάρ,
1128 1354 1191 1404 οὐ
1232 1351 1415 1424 φίλων
1457 1351 1584 1404 οὐδὲ
1623 1351 1946 1423 κηδομένων
1984 1358 2047 1407 τὸ
2087 1363 2342 1408 τοιοῦτο·
2390 1357 2485 1407 καὶ

306 1443 339 1492 4
379 1440 441 1510 νὴ
481 1440 597 1490 Δία
626 1441 843 1501 αὐτοὺς
882 1441 1144 1509 πρώτους
1183 1436 1565 1490 ἀπαλλάττειν
1615 1446 1718 1490 τοῦ
1752 1440 1879 1506 βίου
1892 1460 1911 1503 ,·
1957 1440 2343 1494 κινδυνεύουσι
2378 1443 2482 1510 γὰρ

376 1525 518 1575 κατὰ
557 1527 653 1576 τὸν
703 1523 865 1593 λόγον
914 1531 1112 1576 τοῦτον
1149 1527 1317 1591 μόνοι
1358 1528 1631 1596 φρόνιμοι
1678 1526 1954 1593 γενέσθαι
2005 1528 2061 1577 οἱ
2097 1530 2388 1595 γενόμενοι
2426 1529 2484 1578 ἐν

379 1607 624 1675 Κόλχοις
673 1612 732 1661 ἐκ
788 1616 899 1661 τῶν
957 1614 1057 1660 τοῦ
1108 1607 1411 1679 δράκοντος
1473 1608 1746 1676 ὀδόντων,
1812 1613 1908 1673 οὓς
1967 1613 2229 1682 ἔσπειρεν
2273 1606 2486 1664 Ἰάσων.
2526 1621 2574 1662 15

382 1694 540 1746 οὗτοι
565 1697 687 1764 γάρ,
728 1698 819 1746 ὅτε
847 1701 1075 1765 πρῶτον
1101 1688 1358 1765 ᾔσθοντο
1386 1698 1691 1763 γεγονότες,
1725 1697 1899 1758 εὐθὺς
1925 1695 2199 1768 ἀλλήλους
2226 1696 2484 1767 ἀνῄρουν,

380 1783 486 1842 ἕως
526 1778 724 1831 οὐδένα
764 1778 981 1845 ἔλιπον,
1019 1781 1371 1850 βοηθοῦντες
1410 1778 1676 1851 ἀλλήλοις
1715 1779 1882 1852 δῆλον
1921 1784 2010 1832 ὅτι
2042 1784 2136 1832 καὶ
2165 1780 2257 1833 διὰ
2289 1780 2485 1853 φιλίαν

311 1869 343 1917 5
382 1872 547 1916 τοῦτο
589 1868 961 1935 πράττοντες,
1018 1860 1082 1917 οὗ
1123 1859 1201 1916 δι’
1245 1866 1474 1936 ἔχθραν.
1525 1893 1594 1901 —-
1637 1859 1807 1917 Ἀλλὰ
1859 1865 2022 1928 οὗτός
2069 1883 2128 1935 γε
2169 1869 2199 1917 o‘
2244 1869 2487 1938 ποιητὴς
2508 1880 2582 1921 (514
2601 1879 2666 1916 Rl

385 1948 570 2022 ληρεῖν
610 1952 800 2019 ἔμοιγε
841 1953 1122 2022 φαίνεται.
1198 1953 1262 2002 τὸ
1304 1949 1363 2002 δὲ
1402 1957 1506 2002 τοῦ
1523 1942 1765 2023 Ὀμήρου
1793 1953 2059 2021 ταράττει
2097 1970 2182 2019 με,
2222 1954 2311 2003 ὅτι
2343 1954 2487 2003 οὕτω

385 2039 566 2108 σοφὸς
602 2034 739 2105 (ὢν)
775 2039 919 2108 ὑπὲρ
958 2044 1069 2089 τῶν
1109 2038 1439 2108 ἀνθρώπων
1477 2040 1684 2108 ταύτην
1724 2039 2060 2107 ἀπεφήνατο
2099 2039 2197 2108 τὴν
2244 2041 2482 2110 γνώμην.
2522 2047 2570 2088 20

388 2150 454 2158 —-
492 2123 561 2173 A.
603 2123 720 2173 Καὶ
757 2124 816 2173 τί
852 2124 1071 2173 ἄτοπον
1110 2122 1325 2194 εἴρηκεν
1338 2142 1357 2186 ,·
1408 2124 1471 2174 οὐ
1510 2125 1613 2193 γὰρ
1665 2125 1742 2185 ὡς
1792 2125 2040 2184 ἅπαντες
2091 2125 2146 2174 οἱ
2183 2125 2492 2193 ἄνθρωποι

388 2204 592 2257 ἄθλιοί
630 2209 744 2258 εἰσί
783 2221 985 2278 φησιν,
1037 2202 1163 2258 ἀλλ’
1207 2211 1296 2260 ὅτι
1335 2209 1508 2259 οὐθέν
1545 2210 1669 2259 ἐστι
1719 2205 1860 2275 ζῴον
1910 2209 2225 2278 ἀνθρώπου
2275 2207 2492 2259 ἀθλιώ-

384 2308 545 2361 τερον
583 2298 687 2342 τοῦ
721 2308 781 2359 γε
820 2290 1058 2357 ἀθλίου,
1111 2295 1303 2363 ὥσπερ
1356 2290 1552 2359 ἀμέλει
1598 2295 1692 2344 καὶ
1740 2297 1902 2363 ἡμεῖς
1942 2297 2151 2363 φαῖμεν
2191 2295 2273 2344 ἄν.
2353 2293 2493 2355 ἴσως

386 2379 489 2446 γάρ
517 2394 608 2428 τοι
634 2379 727 2429 καὶ
751 2381 924 2444 μόνος
949 2385 1060 2429 τῶν
1088 2376 1273 2429 ἄλλων
1301 2380 1332 2428 ὁ
1359 2379 1674 2448 ἄνθρωπος
1698 2375 2058 2444 κακοδαίμων
2085 2380 2256 2442 ἐστίν,
2299 2380 2491 2448 ὥσπερ

385 2464 479 2514 καὶ
527 2461 833 2529 εὐδαίμων·
884 2465 1015 2515 ἐπεί
1061 2481 1152 2515 τοι
1198 2466 1291 2515 καὶ
1338 2466 1511 2530 μόνος
1550 2466 1776 2534 ἄφρων,
1827 2465 2019 2533 ὥσπερ
2057 2466 2150 2515 καὶ
2190 2467 2481 2535 φρόνιμος.
2522 2474 2568 2514 25

392 2548 517 2599 οὔτε
554 2550 659 2617 γάρ
700 2547 894 2611 ἄδικος
922 2550 1047 2600 οὔτε
1076 2547 1388 2611 ἀκόλαστος
1416 2548 1500 2619 εἴη
1530 2550 1597 2600 ἄν
1638 2550 1822 2610 ἵππος
1848 2550 1879 2619 ἢ
1913 2550 2066 2619 σῦςῆ
2104 2546 2257 2609 λέων,
2300 2550 2491 2617 ὥσπερ

322 2636 354 2686 6
398 2631 524 2684 οὐδὲ
553 2636 804 2700 ἄμουσος
832 2632 958 2685 οὐδὲ
987 2636 1367 2703 ἀγράμματος.
1397 2661 1466 2669 -
1486 2627 1656 2684 Ἀλλά
1682 2632 1867 2696 καλῶς
1892 2651 1992 2700 μοι
2020 2631 2203 2695 δοκεῖς
2231 2632 2493 2704 διωρθῶ-

397 2719 543 2769 σθαι
567 2721 630 2769 τό
659 2713 1017 2790 τοῦὉμήρου
1043 2722 1137 2771 καὶ
1164 2721 1547 2789 ἀποκρίνομαι
1574 2722 1662 2771 ὅτι
1686 2724 1929 2790 ἠγοῦμαι
1956 2717 2271 2789 ἄνθρωπον
2310 2718 2493 2771 εὐδαί-

389 2820 534 2869 μονα
575 2803 737 2856 εἶναι.
778 2833 850 2840 -
885 2807 954 2856 A.
986 2789 1111 2875 Ἆρ’
1157 2803 1226 2855 οὗ
1262 2807 1292 2855 0‘
1333 2803 1549 2871 δαίμων
1599 2805 1821 2872 ἀγαθός
1871 2806 2020 2868 ἐστι,
2070 2812 2270 2856 τοῦτον
2309 2803 2493 2856 εὐδαί-

536 3045 562 3087 2
595 3037 771 3089 οὐκοῦν
800 3043 893 3089 UM
1010 3042 1291 3103 παρῄνεσαν
1321 3043 1360 3087 Β
1475 3046 1546 3089 δεῖ
1575 3042 1771 3100 GeeliuS,
1803 3038 1893 3089 ἔδει
1922 3042 2026 3087 libri
2150 3041 2314 3089 κλάειν
2343 3042 2381 3085 Β

394 3117 421 3155 4
453 3110 592 3160 ἕνεκα
622 3115 661 3159 Β
835 3119 860 3158 5
892 3116 1079 3171 ζῶντας
1110 3115 1323 3172 casaub„
1354 3111 1541 3168 πάντας
1569 3113 1676 3158 libri
1831 3117 1854 3156 7
1887 3113 2126 3172 λέγονταιε
2160 3111 2218 3156 ef.
2251 3112 2380 3157 Hom.
2411 3111 2496 3157 Od.

394 3182 505 3228 XIX
537 3188 618 3230 518
638 3197 704 3243 sq.
885 3189 936 3230 10
967 3182 1201 3240 λούοντας
1231 3185 1408 3231 Selden.
1438 3182 1641 3239 λύοντας
1670 3184 1791 3241 libri3
1823 3186 2025 3238 λοῦντας
2053 3183 2187 3228 Dind.
2337 3186 2387 3227 13
2420 3176 2497 3229 αὖ·

396 3251 508 3309 τοὺς
536 3254 578 3299 U
712 3259 764 3300 15
796 3251 992 3317 ἔσπιρεν
1021 3256 1063 3303 U
1094 3253 1260 3315 ἔπιρεν
1289 3257 1337 3300 Μ
1484 3261 1536 3301 18
1568 3250 1678 3304 ἀλλ’
1710 3248 1854 3310 οὗτός
1882 3271 1938 3314 γε
1966 3255 2009 3301 U
2038 3249 2158 3302 ἀλλὰ
2192 3247 2337 3307 αὐτός
2366 3269 2420 3311 γε
2451 3252 2498 3295 Μ

396 3339 455 3369 m.
486 3338 558 3382 pr.
681 3330 731 3370 19
763 3331 937 3386 λειρεῖν
966 3328 1006 3373 U
1036 3342 1094 3373 m.
1127 3342 1196 3385 pr.
1315 3320 1470 3383 οὕτως
1500 3324 1657 3387 σοφὸς
1685 3327 1776 3373 UM
1808 3318 1960 3381 οῧτως
1991 3329 2158 3386 σαφῶς
2187 3323 2225 3367 Τ
2344 3326 2397 3366 20
2429 3317 2499 3367 αἳν

399 3395 551 3441 addidi
667 3400 720 3440 22
752 3399 912 3453 ζωίων
941 3399 982 3445 U
1128 3403 1182 3444 23
1213 3403 1301 3447 τοῦ
1329 3416 1385 3459 γε
1416 3400 1630 3452 casaub„
1660 3402 1746 3446 τοῦ
1778 3399 1827 3446 δὲ
1856 3399 1962 3443 libri
2105 3401 2157 3441 27
2189 3399 2322 3442 δοκεῖ
2349 3392 2496 3446 UBM,

398 3470 555 3521 δοκεῖς
575 3467 612 3510 Τ
701 3471 1001 3526 διορθοῦσθαι
1023 3471 1069 3515 Μ
1157 3475 1211 3516 28
1243 3466 1568 3532 ἀποκρίνομαι
1600 3462 1675 3517 ὅτι
1704 3465 1910 3529 ἡγοῦμαι
1931 3468 2105 3526 scripsi,
2137 3461 2496 3524 ἀποκρίνασθαι

402 3530 476 3584 ὅτι
506 3533 713 3597 ἡγοῦμαι
743 3538 793 3582 Μ
822 3533 1184 3600 ἀποκρίνασθαι
1219 3534 1296 3589 ὅτι
1326 3542 1370 3589 εἰ
1396 3537 1600 3602 ἡγοῦμαι
1630 3542 1711 3587 UB
1829 3535 2104 3599 ἀνθρώπων
2137 3537 2214 3582 UB
2315 3538 2368 3579 29
2400 3531 2496 3593 ἄρα

403 3605 430 3655 ὃ
463 3603 700 3666 εὐδαίμων
729 3603 919 3668 ἀγαθός
947 3610 1091 3667 ἐστιν,
1124 3605 1178 3667 ὅς
1207 3608 1398 3672 ἀγαθός
1428 3611 1558 3659 ἐστιν
1587 3616 1764 3659 τοῦτον
1793 3612 1836 3658 U
1868 3603 1950 3670 ἆρ’
1983 3609 2008 3656 ὁ
2041 3605 2278 3665 εὐδαίμων
2308 3600 2500 3665 ἁγαθός

400 3678 532 3726 ἐστιν
562 3683 737 3727 τοῦτον
769 3675 823 3734 ὃς
853 3676 1042 3739 ἀγαθός
1069 3681 1171 3730 ἐστι
1202 3685 1240 3728 Β
1272 3677 1353 3744 ἆρ’
1379 3679 1405 3731 ὃ
1430 3678 1668 3741 εὐδαίμων
1688 3677 1880 3743 άραθός
1907 3679 2036 3728 ἐστιν
2056 3682 2232 3726 τοῦτον
2252 3677 2316 3732 Μ,
2347 3688 2496 3721 emen-

404 3750 526 3796 davit
554 3751 687 3808 Emp.
