2684 4140
1157 244 1524 292 PRAEFATIO.
2341 241 2382 285 V

297 411 451 449 usum
499 393 723 448 vertisse
771 408 908 461 quae
956 391 1024 446 de
1063 389 1214 446 Getis
1264 391 1298 443 i.
1339 402 1384 443 e.
1423 389 1587 442 Dacis
1624 386 1861 440 Moesiae
1909 383 2222 454 provinciae
2269 381 2383 435 fini-

298 479 443 533 timis
492 482 803 531 narraverat
839 477 961 531 Dio.
1035 476 1175 529 Nam
1225 475 1279 527 in
1327 475 1496 527 altera
1545 473 1639 525 illa
1682 477 1833 540 parte
1872 484 2009 538 quae
2045 469 2135 522 vel
2173 467 2385 523 disertis

297 563 474 616 verbis
511 562 582 614 ad
619 561 848 613 Dionem
885 558 1182 613 referuntur
1219 559 1307 612 vel
1346 575 1415 612 ex
1453 574 1517 611 eo
1559 556 1749 610 hausta
1786 572 1902 610 esse
1939 554 2155 624 probari
2192 558 2384 623 potest,

300 647 365 699 iis
405 646 557 713 quasi
595 642 937 696 fundamento
973 644 1157 696 nititur
1195 648 1306 696 tota
1339 642 1588 696 narratio.
1650 641 1836 708 Itaque
1862 645 2047 694 auctor
2079 639 2223 692 illius
2249 637 2384 691 divi-

300 729 538 782 sionis-i.
578 743 624 780 e.
662 726 924 780 Ablabius
963 727 1190 780 Dionem
1228 742 1514 795 usurpasse
1553 725 1848 780 censendus
1888 730 1981 779 est.

439 812 688 865 Dubitari
737 815 939 880 potest,
989 817 1163 864 utrum
1204 811 1274 865 ad
1311 812 1539 880 primam
1579 827 1789 878 quoque
1827 815 2033 878 partem
2069 809 2386 862 narrationis

297 913 434 964 quae
474 901 556 949 est
593 895 661 948 de
699 894 892 950 Gothis
929 896 1181 964 paludem
1208 896 1531 950 Maeotidem
1558 895 1921 949 accolentibus
1959 911 2028 947 an
2065 893 2134 947 ad
2160 894 2386 947 alteram

295 985 498 1034 tantum
547 980 735 1033 Dionis
784 996 919 1047 opus
969 979 1215 1033 adhiberi
1260 981 1507 1047 potuerit.
1581 979 1800 1032 Poterat
1847 978 2087 1046 profecto
2134 979 2241 1031 iam
2279 978 2386 1032 Dio

294 1081 526 1134 narrare,
565 1064 730 1118 Getas
770 1080 800 1117 e
839 1063 1056 1117 sedibus
1093 1063 1164 1115 ad
1191 1063 1512 1116 Maeotidem
1551 1063 1666 1115 sitis
1705 1062 1757 1113 in
1788 1062 2011 1114 Daciam
2051 1067 2103 1114 et
2129 1062 2386 1115 Moesiam

295 1150 571 1204 invasisse.
622 1149 694 1201 At
718 1148 935 1217 probari
960 1152 1137 1216 potest
1164 1146 1301 1199 hanc
1326 1151 1534 1213 partem
1559 1145 1915 1198 Iordanianae
1942 1146 2260 1199 narrationis
2280 1163 2387 1199 non

297 1250 326 1288 e
352 1234 543 1302 Dione,
581 1232 678 1287 sed.
715 1248 783 1286 ex
819 1232 942 1285 aliis
979 1230 1214 1283 fontibus
1243 1229 1488 1284 haustam
1518 1245 1653 1284 esse.
1718 1230 1856 1283 Nam
1885 1247 1927 1283 c.
1955 1229 2023 1298 X,
2053 1233 2118 1282 62
2146 1236 2387 1283 narratur

294 1323 416 1387 post
452 1317 730 1372 victoriam
766 1332 801 1369 a
826 1315 1048 1383 Tomyri
1074 1314 1329 1367 Getarum
1356 1314 1544 1382 regina
1575 1314 1643 1368 de
1669 1314 1847 1368 Persis
1874 1319 2196 1382 reportatam
2222 1314 2386 1368 Getas

294 1403 348 1455 in
385 1402 642 1454 Moesiam
679 1399 946 1453 transisse.
1011 1397 1163 1462 Quae
1201 1398 1271 1451 de
1298 1397 1424 1467 Gyri
1453 1399 1595 1452 bello
1625 1415 1742 1453 cum
1770 1398 1988 1467 Scythis
2012 1404 2164 1466 gesto
2191 1406 2385 1466 narrat,

292 1485 548 1553 Pompeio
587 1485 765 1552 Trogo
814 1483 1000 1537 deberi
1047 1482 1166 1551 ipse
1203 1482 1459 1537 Iordanes
1509 1483 1790 1551 significat.
1867 1484 2094 1537 Dionem
2145 1500 2273 1537 vero
2319 1500 2388 1537 ex

293 1587 335 1624 c.
375 1570 455 1623 IX
492 1569 808 1636 intelligitur
846 1569 954 1622 iam
993 1568 1121 1622 belli
1160 1568 1381 1622 Troiani
1420 1573 1598 1622 aetate
1624 1568 1880 1623 Moesiam
1915 1569 1984 1622 ab
2012 1568 2200 1622 eadem
2228 1574 2386 1636 gente

291 1654 584 1708 habitatam
622 1654 874 1721 voluisse,
917 1669 1054 1720 quae
1093 1653 1388 1706 Domitiani
1426 1657 1480 1706 et
1517 1653 1736 1706 Traiani
1773 1657 1950 1707 aetate
1990 1653 2064 1706 ibi
2104 1651 2385 1706 habitaret.

290 1740 429 1794 Hinc
476 1738 793 1807 intelligitur
840 1738 912 1792 ad
961 1739 1131 1792 solam
1169 1739 1393 1791 alteram
1444 1743 1649 1805 partem
1695 1738 2011 1791 narrationis
2049 1738 2278 1791 Dionem
2316 1738 2384 1790 ab

290 1825 522 1878 Ablabio
560 1823 808 1877 adhiberi
844 1823 1098 1891 potuisse.
1162 1822 1223 1874 In
1263 1821 1366 1876 hoc
1390 1828 1568 1875 autem
1596 1823 1734 1875 inter
1758 1823 2039 1890 primarios
2064 1822 2237 1875 fontes
2265 1837 2386 1874 eum

292 1909 474 1975 fuisse,
512 1909 620 1960 iam
659 1923 727 1961 ex
765 1924 808 1961 c.
838 1907 901 1975 V,
931 1909 996 1961 39
1036 1908 1405 1975 vaticinamur,
1444 1907 1536 1960 ubi
1573 1908 1851 1976 proposita
1888 1907 1983 1960 illa
2009 1908 2290 1973 divisione,
2318 1907 2385 1960 de

294 2010 402 2061 qua
450 1993 615 2047 locuti
654 2008 861 2061 sumus,
902 1993 1079 2046 statim
1125 1992 1380 2045 nonnulla
1417 1992 1842 2059 praecipiuntur,
1882 2007 2019 2060 quae
2057 1991 2129 2044 ad
2165 1992 2388 2044 alteram

289 2077 587 2132 Gothorum
625 2076 807 2131 sedem
846 2077 1131 2144 pertinent.
1206 2076 1345 2129 Nam
1384 2077 1535 2130 testis
1575 2093 1759 2130 eorum
1799 2077 1902 2129 Dio
1943 2076 2132 2129 editur.

430 2163 686 2229 Fragm.
713 2161 754 2214 Ι.
821 2161 917 2227 „In
943 2160 1181 2215 secunda
1206 2161 1338 2225 (scil.
1367 2160 1534 2228 sede),
1581 2161 1639 2214 id
1679 2167 1758 2215 est
1785 2162 1987 2215 Daciae
2014 2161 2387 2228 Thraciaeque

287 2252 341 2301 et
365 2247 571 2315 Mysiae
609 2246 724 2300 solo
752 2245 1047 2299 Zalmoxen
1086 2246 1219 2309 (scil.
1259 2262 1443 2314 regem
1472 2245 1806 2314 habuerunt),
1836 2263 1992 2314 quem
2020 2246 2187 2299 mirae
2213 2245 2385 2313 philo-

285 2331 512 2402 sophiae
560 2330 875 2385 eruditionis
923 2331 1088 2385 fuisse
1136 2336 1397 2385 testantur
1445 2331 1691 2399 plerique
1749 2332 2035 2400 scriptores
2090 2331 2381 2384 annalium.

285 2417 425 2473 Nam
475 2421 528 2470 et
564 2416 786 2469 Zeutam
832 2417 980 2486 prius
1027 2415 1327 2469 habuerunt
1376 2416 1667 2484 eruditum,
1717 2421 1840 2485 post
1890 2417 2050 2470 etiam
2102 2417 2384 2469 Dicineum

294 2499 524 2569 [tertium
562 2501 884 2568 zalmoxen,
925 2500 993 2554 de
1032 2517 1137 2569 quo
1182 2502 1426 2569 superius
1466 2498 1735 2572 diximus}
1810 2518 1910 2555 nec
1948 2501 2254 2568 defuerunt,
2295 2500 2386 2566 qui

289 2602 380 2640 eos
419 2584 736 2654 sapientiam
775 2585 1058 2640 erudirent.
1134 2586 1274 2640 unde
1332 2593 1385 2639 et
1439 2603 1578 2655 pene
1629 2588 1872 2641 omnibus
1929 2586 2169 2640 barbaris
2223 2583 2386 2639 Gothi

288 2671 639 2739 sapientiores
678 2687 890 2739 semper
928 2673 1217 2725 extiterunt
1255 2671 1584 2740 Graecisque
1621 2689 1762 2741 pene
1791 2673 2112 2737 consimiles,
2142 2676 2199 2723 ut
2226 2670 2386 2731 refert

291 2756 422 2824 Dio,
473 2756 563 2824 qui
612 2754 862 2809 historias
903 2772 1084 2809 eorum
1122 2757 1450 2824 annalesque
1489 2757 1700 2811 Graeco
1739 2757 1862 2811 stilo
1902 2757 2216 2824 composuit.
2293 2754 2384 2821 qui

290 2840 421 2896 dicit
456 2842 686 2909 primum
711 2841 1146 2910 Tarabosteseos,
1187 2841 1382 2895 deinde
1420 2847 1641 2896 vocatos
1680 2842 1931 2910 pilleatos
1970 2839 2084 2908 hos,
2125 2841 2216 2907 qui
2248 2839 2385 2891 inter

290 2941 381 2979 eos
420 2926 666 2993 generosi
706 2926 976 2995 extabant,
1018 2942 1084 2980 ex
1127 2927 1319 2994 quibus
1359 2927 1436 2981 eis
1476 2932 1529 2981 et
1565 2942 1719 2995 reges
1760 2932 1813 2979 et
1839 2926 2144 2980 sacerdotes
2172 2924 2382 2977 ordina-

289 3007 537 3063 bantur.“

432 3093 583 3157 Quae
622 3101 870 3148 secuntur
907 3095 977 3148 de
1002 3095 1186 3148 Martis
1224 3095 1368 3163 apud
1395 3095 1559 3148 Getas
1599 3095 1742 3147 cultu
1767 3095 1835 3147 ab
1863 3095 1930 3148 iis
1957 3110 2094 3161 quae
2121 3092 2384 3161 exscripsi

292 3179 625 3246 segreganda
662 3185 797 3247 sunt,
838 3180 964 3246 quia
1002 3181 1265 3232 sententia
1301 3196 1335 3232 a
1378 3179 1823 3246 praecedentibus
1862 3196 2075 3247 prorsus
2115 3178 2381 3232 abhorret.

291 3261 479 3329 Neque
530 3263 670 3316 enim
710 3263 813 3317 Dio
865 3267 1147 3330 postquam
1199 3263 1550 3317 eruditionem
1596 3253 1850 3317 Getarum
1896 3270 1949 3318 et
1999 3264 2383 3317 humanitatem

294 3347 534 3400 Graecae
574 3348 803 3401 similem
841 3347 1110 3415 laudavit,
1151 3353 1361 3416 poterat
1411 3349 1478 3403 de
1525 3349 1696 3402 Marte
1745 3350 2077 3417 captivorum
2125 3349 2382 3415 sanguine

291 3433 502 3499 placato
543 3430 704 3499 loqui.
770 3431 959 3485 Cetera
997 3433 1206 3486 Dionea
1244 3439 1380 3487 sunt.
1443 3434 1579 3487 Nam
1620 3451 1758 3503 quae
1789 3435 1973 3488 Dionis
2006 3450 2198 3487 nomen
2235 3438 2381 3486 ante-

292 3517 487 3570 cedunt
536 3533 654 3570 cum
704 3518 1047 3585 sequentibus
1099 3534 1258 3572 unam
1311 3525 1364 3572 et
1414 3522 1717 3574 continuam
1766 3520 2083 3574 sententiam
2132 3517 2382 3572 efficiunt.

291 3600 498 3656 Seclusi
536 3603 702 3656 verba
739 3603 1072 3670 ineptissima
1110 3605 1356 3671 „tertium
1394 3604 1706 3673 Zalmoxen,
1747 3605 1815 3659 de
1842 3621 1947 3674 quo
1974 3605 2216 3672 superius
2244 3602 2380 3656 dixi-

291 3684 461 3749 mus“,
508 3704 613 3741 non
662 3703 766 3756 quo
806 3687 1020 3741 Iordani
1058 3687 1448 3757 abiudicarem,
1494 3689 1590 3743 sed
1628 3695 1685 3743 ut
1722 3690 1912 3745 Dionis
1950 3691 2266 3745 sententiam
2304 3704 2381 3742 re-
