2684 4140
819 239 1198 285 TESTIMONIA
1227 241 1313 286 DE
1341 241 1490 286 VITA
1517 240 1733 286 DIONIS.
2201 239 2302 288 313

369 383 452 451 38,
490 399 543 451 p.
571 385 699 436 223:
743 377 1115 454 Ἐρυθριάσας
1165 383 1222 436 δὲ
1273 387 1303 435 6
1337 386 1522 448 Δίων,
1570 382 1891 448 Διάλλαξόν
1926 403 2022 451 με,
2058 382 2307 452 βασιλεῦ,

226 466 369 531 εἷπε,
412 470 556 536 πρὸς
587 462 969 521 Ἀπολλώνιον
1008 472 1105 521 τὸν
1145 467 1480 521 διδάσκαλον
1519 471 1661 539 ὑπὲρ
1701 469 1777 521 ὧν
1816 467 2121 537 ἀντιλέγειν
2157 469 2310 537 αὐτῷ

226 550 391 616 ἔδοξα
429 555 601 622 μήπω
631 556 906 622 πρότερον
932 556 1214 606 ἀντειπὼν
1252 554 1331 622 τῷ
1370 552 1547 624 ἀνδρί.
1610 557 1917 616 ἐπαινέσας
1945 555 2040 606 οὖν
2078 557 2109 605 6
2145 556 2305 621 βασι-

228 634 367 700 λεύς,
404 638 587 700 Χθές,
627 639 755 708 ἔφη,
793 645 957 689 τοῦτο
996 641 1102 706 ἐγὼ
1140 632 1324 709 ᾔτησα
1362 641 1455 690 καὶ
1491 641 1746 707 ὑπάρχει.
1812 633 1936 690 ἀλλ’
1980 638 2126 690 αἴτει
2162 640 2305 707 ὑπὲρ

227 719 455 789 δωρεᾶς.
529 723 623 772 καὶ
660 723 690 772 6
723 724 896 785 Δίων,
935 724 1266 793 Λασθένης,
1306 725 1434 794 ἔφη,
1473 725 1595 774 ἐστὶ
1629 726 1730 790 μὲν
1768 721 1829 787 ἐξ
1859 717 2174 789 Ἀπαμείας
2210 729 2308 792 τῆς
2342 731 2368 772 5

225 806 283 855 ἐν
322 804 399 872 τῷ
447 807 715 858 Βιθυνῶν
764 808 949 871 ἔθνει,
1002 805 1446 878 ξυμφιλοσοφῶν
1497 807 1559 859 δέ
1603 825 1704 874 μοι
1746 805 2029 873 χλαμύδος
2078 808 2304 878 ἠράσθη

224 891 318 941 καὶ
370 892 715 959 στρατιώτου
762 893 914 958 βίου·
963 899 1188 956 τοῦτον,
1235 890 1431 962 ἐπειδὴ
1482 894 1754 960 τρίβωνος
1803 890 1975 943 πάλιν
2022 894 2148 961 ἐρᾶν
2203 909 2308 962 φη-

229 988 342 1038 σιν,
397 977 525 1037 ἄνες
580 983 679 1047 τῆς
736 978 1057 1045 στρατείας,
1119 974 1300 1028 δεῖται
1365 975 1422 1027 δὲ
1484 977 1651 1038 αὐτὸς
1708 983 1896 1027 ταῦτα.
2003 980 2198 1045 χαριεῖ
2249 974 2308 1026 δὲ

226 1060 354 1123 ἐμοὶ
388 1061 489 1124 μὲν
528 1060 826 1131 ἀποφῆναι
864 1062 1030 1112 αὐτὸν
1068 1058 1243 1130 ἄνδρα
1282 1062 1529 1128 ἀγαθόν,
1570 1062 1757 1126 ἐκείνῳ
1799 1059 1857 1110 δὲ
1897 1056 2015 1129 ζῆν,
2068 1062 2144 1121 ὡς
2180 1061 2309 1127 βού-

229 1139 405 1194 λεται.
441 1161 487 1193 κ.
516 1160 562 1194 τ.
593 1142 637 1194 λ.
2349 1150 2398 1193 10

370 1229 464 1294 39,
501 1243 555 1295 p.
582 1229 707 1279 224:
759 1221 832 1277 ‘H
874 1225 933 1277 δὲ
983 1234 1086 1277 τοῦ
1130 1228 1354 1288 Δίωνος
1405 1225 1723 1297 φιλοσοφία
1773 1230 2182 1296 ῥητορικωτέρα
2233 1228 2310 1295 τῷ

222 1305 588 1378 Ἀπολλωνίῳ
616 1313 881 1381 ἐφαίνετο
919 1312 1015 1362 καὶ
1050 1313 1108 1372 ἐς
1145 1313 1208 1361 τὸ
1251 1312 1553 1380 εὐφραῖνον
1591 1315 2067 1380 κατεσκευασμένη
2107 1310 2313 1377 μᾶλλον

228 1398 366 1448 ὅθεν
406 1395 816 1466 διορθούμενος
855 1397 1022 1446 αὐτόν
1075 1410 1276 1466 φησιν,
1326 1393 1511 1463 Αύλῴ
1547 1397 1641 1446 καὶ
1680 1393 1816 1466 λύρᾳ
1854 1394 2062 1460 μᾶλλον
2098 1398 2129 1466 ἢ
2172 1394 2310 1463 λόγῳ

227 1480 424 1550 θέλγε,
462 1483 556 1533 καὶ
594 1479 883 1546 πολλαχοῦ
930 1487 1041 1531 τῶν
1093 1483 1237 1550 πρὸς
1273 1482 1468 1532 Δίωνα
1519 1478 1837 1532 ἐπιστολῶν
1875 1478 2212 1550 ἐπιπλήττει
2247 1487 2315 1549 τῇ

229 1564 567 1635 δημαγωγία
603 1567 793 1634 ταύτῃ.
2351 1571 2396 1613 15

369 1648 514 1718 VIII,
557 1653 605 1719 7,
642 1666 694 1717 p.
725 1651 853 1703 330:
891 1651 1088 1700 Δίωνα
1126 1651 1199 1720 μὴ
1241 1650 1570 1719 παυσαίμην
1607 1651 1839 1719 γράφων
1877 1651 1934 1700 ἐν
1975 1647 2179 1720 φίλοις.

370 1748 638 1803 Lucianus
675 1748 945 1817 Peregrin.
986 1765 1029 1802 ο.
1062 1748 1152 1801 18:
1208 1747 1366 1820 Πλὴν
1417 1746 1556 1799 ἀλλὰ
1604 1750 1697 1800 καὶ
1743 1755 1907 1799 τοῦτο
1955 1747 2169 1800 κλεινὸν
2220 1749 2312 1799 αύ-

230 1841 332 1885 τοῦ
376 1837 470 1886 καὶ
522 1833 615 1886 διὰ
668 1837 947 1900 στόματος
995 1831 1061 1903 ἧν
1111 1835 1352 1897 ἅπασιν,
1394 1836 1424 1884 6
1464 1831 1784 1904 φιλόσοφος
1834 1831 1926 1883 διὰ
1965 1835 2063 1904 τήν
2101 1850 2314 1902 παρρη-

235 1922 364 1971 σίαν
411 1922 505 1971 καὶ
552 1922 651 1990 τήν
702 1922 841 1987 ἄγαν
889 1917 1220 1988 ἐλευθερίαν
1270 1916 1592 1982 ἐξελαθείς·
1639 1920 1733 1970 καὶ
1781 1916 2132 1988 προσήλαυνε
2174 1919 2314 1969 κατὰ

233 2011 399 2056 τοῦτο
438 2004 517 2072 τῷ
557 2006 880 2071 Μουσωνίῳ
919 2006 1014 2055 καὶ
1038 2005 1222 2055 Δίωνι
1257 2006 1351 2055 καὶ
1371 1997 1673 2073 Ἐπικτήτῳ
1712 2005 1805 2054 καὶ
1842 2002 1899 2054 εἴ
1929 2021 2016 2064 τις
2054 2001 2222 2063 ἄλλος
2259 2003 2317 2052 ἐν
2352 2008 2402 2048 20

232 2092 575 2159 περιστάσει
612 2091 843 2157 τοιαύτῃ
883 2087 1123 2155 ἐγένετο.

378 2186 707 2241 Themistius
745 2185 891 2240 Orat.
921 2190 979 2255 5,
1018 2202 1070 2254 p.
1099 2188 1194 2253 63,
1234 2186 1308 2239 D:
1365 2186 1525 2238 Οὕτω
1565 2188 1658 2237 καὶ
1698 2188 1753 2236 οἱ
1791 2184 2038 2254 πατέρες
2082 2192 2180 2256 τῆς
2221 2193 2319 2256 σῆς

237 2271 534 2341 βασιλείας
583 2274 715 2334 τούς
763 2275 1075 2342 προγόνους
1111 2274 1317 2342 ταύτης
1355 2279 1454 2342 τῆς
1500 2269 1698 2341 τέχνης
1737 2278 1949 2341 ποῆγον
1986 2299 2069 2330 -,
2113 2274 2318 2339 Τραια-

239 2361 334 2420 νὸς
372 2360 402 2409 6
438 2354 619 2425 μέγας
655 2359 852 2408 Δίωνα
890 2359 987 2408 τὸν
1020 2362 1260 2426 χρυσοῦν
1298 2358 1395 2426 τήν
1432 2354 1696 2423 γλῶτταν.
1737 2384 1805 2390 -

377 2441 670 2496 Menander
718 2443 850 2511 περὶ
901 2435 1294 2494 ἐπιδεικτικῶν
1346 2439 1500 2493 Rhet.
1542 2439 1629 2493 Gr.
1666 2439 1745 2492 ΠΙ
1793 2456 1843 2507 p.
1872 2439 1991 2506 389,
2020 2442 2085 2493 30
2113 2437 2205 2506 Sp.
2254 2467 2318 2475 —
2358 2442 2406 2483 25

235 2532 368 2587 ὅταν
413 2530 486 2598 μὴ
537 2528 766 2597 τραχείᾳ
813 2527 1088 2596 χρώμεθα
1128 2533 1196 2596 τῇ
1245 2524 1558 2594 ἀπαγγελίᾳ
1594 2524 1734 2595 μηδὲ
1774 2524 2075 2595 περιόδους
2121 2525 2317 2591 ἐχούσῃ

232 2616 326 2665 καὶ
374 2614 771 2683 ἐνθυμήματα,
823 2605 949 2662 ἀλλ’
991 2614 1123 2662 ὅταν
1162 2609 1518 2680 ἁπλουστέρα
1555 2613 1788 2679 τυγχάνῃ
1826 2612 1919 2661 καὶ
1957 2606 2318 2679 άφελεστέρα,

237 2700 329 2750 οἵα
367 2695 797 2769 ήΞενοφῶντος
832 2699 926 2748 καὶ
960 2699 1349 2766 Νικοστράτου
1386 2697 1480 2746 καὶ
1514 2696 1738 2755 Δίωνος
1774 2699 1875 2744 τοῦ
1909 2695 2318 2763 Χρυσοστόμου

233 2786 327 2835 καὶ
355 2781 747 2853 Φιλοστράτου
783 2789 886 2833 τοῦ
920 2788 1031 2833 τῶν
1061 2772 1346 2851 Ἡρωικῶν
1383 2782 1480 2851 τὴν
1524 2773 1783 2849 ἐξήγησιν
1820 2780 1913 2829 καὶ
1948 2779 2049 2838 τὰς
2085 2778 2319 2835 Εἰκόνας

236 2872 579 2938 γράψαντος,
621 2870 878 2938 εἰρομένη
918 2869 1011 2918 καὶ
1049 2867 1549 2924 άκατασκεύαστος.
2353 2862 2402 2904 30

379 2953 415 3005 l.
454 2953 489 3005 l.
526 2969 579 3022 p.
608 2955 728 3019 411,
757 2954 839 3004 29.
919 2956 1136 3019 γένοιτο
1188 2943 1244 3000 δ>
1296 2951 1363 2999 ἂν
1408 2949 1502 2998 καὶ
1547 2948 1663 2996 ἀπὸ
1715 2943 1913 3008 λέξεως
1965 2939 2317 3012 ἐπιτετηδευ-

238 3042 406 3107 μένης
430 3039 524 3088 καὶ
560 3035 1088 3105 κεκαλλωπισμένης
1118 3036 1285 3103 χάρις
1326 3026 1386 3084 ἐν
1426 3029 1586 3098 λόγῳ,
1628 3032 1720 3080 οἵα
1763 3024 1914 3082 ἐστὶν
1950 3033 1981 3098 ή
2010 3025 2318 3087 Πλάτωνος

237 3124 331 3173 καὶ
366 3119 737 3191 Ξενοφῶντος
772 3123 866 3171 καὶ
900 3126 1011 3170 τῶν
1048 3122 1357 3187 νεωτέρων,
1405 3117 1628 3176 Δίωνος
1670 3116 1763 3165 καὶ
1803 3111 2188 3180 Φιλοστράτου
2228 3112 2320 3161 καὶ

241 3213 350 3257 τῶν
393 3212 682 3276 σοφιστῶν
720 3208 850 3256 ὅσοι
897 3205 992 3254 καὶ
1043 3203 1369 3253 συντιθέναι
1419 3202 1482 3250 τὸ
1524 3200 1896 3268 συγγραφικὸν
1934 3195 2085 3257 εἶδος
2122 3193 2318 3258 ἔδοξαν

238 3296 560 3361 χαριέντως.
2356 3281 2404 3322 35

387 3375 575 3443 Synes.
614 3374 735 3427 Dio.
775 3389 856 3442 cp.
903 3376 945 3425 1.
1036 3369 1423 3438 Φιλόστρατος
1471 3370 1571 3434 μὲν
1619 3369 1650 3417 6
1684 3369 1945 3436 Λήμνιος
1983 3366 2320 3433 ἀναγράφων

245 3465 375 3524 τοὺς
425 3463 583 3529 βίους
632 3466 741 3510 τῶν
788 3463 980 3526 μέχρις
1019 3458 1191 3507 αὑτοῦ
1233 3459 1521 3524 σοφιστῶν
1570 3454 1627 3502 ἐν
1677 3453 1815 3521 ἀρχῇ
1864 3457 1966 3501 τοῦ
2012 3447 2173 3516 λόγου
2223 3445 2320 3497 δύο

392 3703 443 3743 37
475 3697 528 3745 ἐν
558 3694 682 3758 α’ρχῇ
714 3723 760 3728 -
797 3697 1041 3754 σοφιστῶν
1070 3705 1153 3735 om.
1184 3691 1225 3735 L
1254 3702 1310 3732 m.
1342 3701 1411 3745 pr.
1443 3687 1606 3744 (suppl.
1637 3690 1727 3732 vet.
1757 3698 1873 3731 corr.
1902 3684 1949 3727 in
1978 3686 2108 3738 mrg.)
