2684 4140
429 256 495 303 98
994 241 1142 287 DION
1143 241 1198 284 IS
1226 237 1311 283 DE
1340 233 1912 280 ADMINISTRATIONE

691 634 811 696 (33)
845 627 1070 694 ΠΕΡΙ
1108 624 1292 692 ΤΩΝ
1331 624 1636 691 ΕΡΓΩΝ
1673 623 1800 690 ΕΝ
1839 622 2224 692 BOYAHI.

354 880 375 928 1
551 866 679 939 Ἐγὼ
715 871 809 921 καὶ
845 870 1119 937 πρότερον
1155 868 1257 932 μὲν
1294 868 1438 932 ὑμᾶς
1474 868 1726 936 ἠγάπων,
1766 865 1809 916 ὦ
1851 864 2075 936 ἄνδρες,
2117 868 2310 937 ὥσπερ
2349 870 2497 930 εἰκὸς

414 956 477 1027 ἤν
515 958 609 1006 τὸν
647 951 821 1023 ἄνδρα
860 954 955 1003 τὸν
982 940 1200 1022 ἐπιεικῆ
1227 952 1321 1002 καὶ
1343 946 1503 1018 (οὐκ)
1527 952 1764 1021 ἀνόητον
1790 954 1853 1002 τὸ
1882 953 2313 1022 φρονιμώτατον
2343 957 2497 1022 στέρ-

412 1059 526 1110 γειν
563 1046 660 1110 τῆς
698 1035 973 1107 πατρίδος
1009 1038 1102 1087 καὶ
1138 1037 1536 1104 βεβαιότατον·
1574 1038 1637 1087 τὸ
1680 1034 1738 1087 δὲ
1777 1038 1931 1102 ὑμῶν
1969 1034 2173 1099 ἄλλους
2217 1043 2498 1105 προτιμᾶν

339 1159 342 1164 ,
413 1129 604 1192 ὅμοιον
645 1125 835 1191 ὥσπερ
877 1121 935 1173 εἴ
965 1139 1052 1183 τις
1081 1119 1390 1192 φιλόπολις
1416 1121 1561 1173 εἶναι
1590 1120 1762 1189 λέγων
1789 1125 1915 1183 ταῖς
1943 1123 2150 1183 οἰκίαις
2173 1124 2276 1187 μὲν
2300 1120 2496 1192 ἥδοιτο

411 1212 502 1262 καὶ
547 1211 667 1269 τοῖς
711 1208 1102 1277 ἐργαστηρίοις
1150 1211 1271 1268 τοῖς
1319 1208 1377 1258 ἐν
1425 1214 1494 1276 τῇ
1540 1204 1733 1270 πόλει,
1784 1208 1883 1277 τὴν
1934 1204 1992 1257 δὲ
2044 1208 2252 1277 ἀγορὰν
2298 1209 2393 1258 καὶ
2429 1210 2492 1258 τὸ
2530 1217 2554 1257 5

412 1296 740 1363 πρυτανεῖον
786 1294 879 1343 καὶ
926 1294 990 1342 τὸ
1039 1289 1435 1362 βουλευτήριον
1492 1293 1587 1343 καὶ
1634 1293 1702 1342 τά
1753 1289 1894 1342 ἄλλα
1947 1293 2068 1361 ἱερὰ
2130 1290 2500 1360 ἀμελέστερον

413 1374 574 1448 ὁρῴη,
611 1378 643 1446 ἢ
684 1378 747 1446 νὴ
786 1378 902 1427 Δία
942 1375 1000 1428 εἴ
1030 1394 1117 1438 τις
1142 1375 1617 1443 Λακεδαιμονίων
1655 1380 1718 1428 τὸ
1744 1379 1845 1443 μὲν
1874 1375 2102 1448 πλῆθος
2127 1376 2332 1448 ἐφίλει,
2371 1381 2502 1441 τοὺς

414 1462 470 1514 δὲ
517 1459 784 1530 βασιλέας
830 1463 925 1513 καὶ
972 1463 1103 1523 τούς
1159 1464 1404 1532 ἐφόρους
1453 1464 1547 1513 καὶ
1598 1465 1730 1524 τούς
1778 1467 2044 1533 γέροντας
2092 1460 2323 1533 ἠτίμαζε
2372 1466 2503 1526 τοὺς

414 1549 744 1618 σωφροσύνῃ
794 1552 905 1597 τῶν
954 1544 1138 1598 ἄλλων
1187 1545 1565 1618 διαφέροντας
1613 1550 1707 1599 καὶ
1758 1541 1835 1599 δι’
1881 1550 1976 1611 οὓς
2016 1551 2214 1600 ἅπασα
2252 1553 2284 1619 ἠ
2326 1547 2495 1610 πόλις
2519 1557 2681 1601 (25531

349 1636 380 1686 2
418 1628 667 1699 ἐσῴζετο.
742 1634 886 1682 ὅπου
924 1634 1018 1683 καὶ
1055 1633 1211 1698 παρὰ
1249 1636 1372 1694 τοῖς
1403 1625 1754 1702 Ἀθηναίοις,
1795 1635 1852 1683 οἳ
1886 1631 2133 1699 μάλιστα
2173 1635 2501 1704 ἀνθρώπων
2539 1640 2586 1683 10

415 1715 887 1786 ἐδημοκρατοῦντο
925 1718 1019 1768 καὶ
1056 1714 1327 1768 πλεῖστον
1365 1718 1559 1783 ἔνεμον
1598 1721 1720 1779 τοῖς
1758 1716 1996 1780 πολλοῖς
2031 1721 2126 1770 καὶ
2161 1717 2502 1788 δημοτικοῖς,

419 1800 597 1863 οὐδεὶς
634 1803 873 1852 πώποτε
912 1803 1090 1863 οὕτως
1127 1804 1343 1869 ἐγένετο
1382 1803 1606 1872 θρασύς
1634 1801 1978 1872 δημαγωγός,
2021 1801 2147 1854 οὐδὲ
2168 1796 2506 1872 Ὑπέρβολος

416 1890 621 1948 ἐκεῖνος
656 1887 687 1956 ἢ
729 1884 941 1947 Κλέων,
982 1888 1125 1937 ὥστε
1163 1889 1260 1938 τὸν
1289 1879 1511 1957 Ἄρειον
1549 1889 1732 1955 πάγον
1769 1889 1802 1958 ἢ
1843 1889 1942 1958 τὴν
1967 1886 2174 1960 βουλὴν
2211 1891 2343 1962 τοὺς
2381 1886 2504 1952 ἐξα-

415 1973 639 2032 κοσίους
677 1972 1007 2041 ἀτιμότερον
1045 1978 1147 2022 τοῦ
1185 1970 1361 2042 δήμου
1400 1968 1663 2038 νομίζειν.
1751 1975 1802 2024 εἰ
1842 1971 1901 2025 δὲ
1944 1980 2184 2040 συνεχῶς
2219 1978 2507 2044 μέμνημαι

415 2054 882 2122 Λακεδαιμονίων
918 2059 1011 2108 καὶ
1043 2050 1383 2128 Ἀθηναίων,
1427 2060 1749 2129 συγγνώμην
1780 2061 2060 2124 ἐχέτωσαν
2100 2061 2157 2109 οἱ
2194 2062 2342 2111 πάνυ
2384 2057 2499 2127 δρι-
2538 2067 2585 2110 15

417 2145 565 2206 μεῖς,
614 2143 700 2191 ὅτι
747 2148 855 2192 τῶν
903 2145 1175 2194 τοιούτων
1224 2140 1703 2212 παραδειγμάτων
1752 2145 1894 2210 ὑμᾶς
1933 2141 2128 2207 ἀξίους
2163 2146 2367 2214 κρίνω,
2414 2146 2509 2196 καὶ

420 2227 562 2294 πρὸς
594 2219 881 2295 Ἕλληνας,
931 2230 1006 2289 ὡς
1046 2227 1232 2294 οἶμαι,
1287 2226 1683 2296 διαλεγόμενος
1737 2218 1833 2280 οὐκ
1871 2226 2057 2281 ἄλλων
2094 2236 2261 2281 τινῶν
2297 2227 2507 2295 μᾶλλον

359 2311 389 2360 3
427 2314 664 2380 ἠγοῦμαι
704 2315 942 2381 πρέπειν
977 2315 1341 2383 μνημονεύειν
1378 2315 1410 2384 ἢ
1450 2319 1561 2365 τῶν
1600 2315 1784 2381 ἄκρως
1815 2305 2100 2385 Ἑλλήνων.
2175 2322 2273 2386 τῆς
2312 2307 2365 2366 δ’
2412 2315 2507 2366 οὖν

424 2396 640 2456 εὐνοίας
689 2403 785 2466 τῆς
836 2399 979 2466 πρὸς
1025 2400 1165 2464 ὑμᾶς
1210 2401 1304 2450 καὶ
1352 2406 1451 2469 τῆς
1498 2387 1750 2460 πίστεως
1797 2401 1974 2450 ἐκεῖνο
2032 2403 2163 2466 ὑμῖν
2221 2402 2505 2468 γιγνέσθω

423 2481 740 2550 τεκμήριον,
803 2484 889 2532 ὅτι
935 2485 1072 2552 μήτε
1122 2486 1373 2554 ἑταιρείᾳ
1419 2485 1531 2535 τινὶ
1579 2485 1892 2547 πεποιθώς
1939 2487 2078 2556 μήτε
2131 2486 2399 2555 συνήθεις
2447 2483 2508 2549 ἐξ
2542 2492 2680 2538 20(Μὲ

423 2566 574 2630 ὑμῶν
613 2566 748 2629 ἔχων
796 2567 951 2628 τινάς
986 2569 1220 2638 θαρρῶν
1259 2571 1585 2639 εἰσέρχομαι
1623 2571 1770 2638 πρὸς
1806 2571 1972 2636 ὑμᾶς,
2019 2572 2113 2623 καὶ
2160 2567 2367 2637 νομίζω
2405 2589 2511 2640 μη-

428 2646 581 2710 δενδς
628 2648 855 2701 ἔλαττον
894 2653 959 2703 ἂν
1009 2654 1179 2718 ἔχειν,
1231 2653 1397 2726 δῆλον
1449 2658 1537 2706 ὅτι
1574 2661 1643 2725 τῇ
1689 2662 1850 2725 κοινῇ
1901 2653 2067 2726 φιλίᾳ
2116 2658 2510 2718 πεπιστευκὼς

422 2735 513 2784 καὶ
549 2741 617 2803 τῇ
655 2737 798 2805 πρὸς
837 2738 1091 2800 ἅπαντας
1129 2740 1335 2808 εὐνοίᾳ,
1374 2742 1449 2811 μή
1481 2756 1540 2807 γε
1570 2741 1795 2810 ἰσχυρὸς
1822 2741 1855 2810 ἢ
1887 2743 2132 2811 φοβερὸς
2158 2740 2305 2793 εἶναι
2332 2738 2509 2792 δοκῶν

422 2820 453 2887 ἢ
503 2817 836 2885 βουλόμενος
886 2824 962 2883 ὡς
1016 2821 1108 2873 διὰ
1158 2831 1323 2875 τοῦτο
1382 2825 1838 2894 θεραπεύεσθαι.
1926 2827 1978 2876 εἰ
2027 2824 2085 2876 δὲ
2133 2825 2331 2896 ἠλέουν
2379 2829 2510 2889 τούς

426 2901 779 2971 δημοτικούς,
829 2909 918 2957 ὅτε
956 2904 1096 2977 ἦσαν
1131 2907 1394 2974 ἐλεεινοί,
1432 2912 1526 2962 καὶ
1561 2903 1703 2961 καθ’
1747 2913 1880 2961 ὅσον
1920 2910 2040 2962 οἶόν
2078 2929 2140 2962 τε
2174 2909 2241 2981 ἧν
2277 2914 2502 2963 ἐπικου-
2541 2919 2589 2959 25
2606 2906 2680 2955 (Ἡ.

429 2984 606 3055 φίζειν
643 2991 987 3061 ἐπειρώμην,
1043 2995 1213 3045 οὐθέν
1256 2997 1379 3046 ἐστι
1426 3002 1592 3047 τοῦτο
1646 3000 1877 3065 σημεῖον
1925 3002 2028 3047 τοῦ
2074 2999 2219 3066 πρὸς
2266 2999 2510 3060 ἐκείνους

428 3072 567 3134 ἔχειν
607 3075 968 3144 οἰκειότερον·
1003 3079 1131 3129 ἐπεὶ
1165 3082 1259 3131 καὶ
1295 3087 1397 3131 τοῦ
1434 3083 1696 3147 σώματος
1735 3081 1824 3132 ἀεὶ
1861 3083 1924 3131 τὸ
1955 3084 2164 3147 κάμνον
2190 3083 2510 3151 θεραπεύο-

429 3171 527 3218 μεν
564 3158 656 3206 καὶ
693 3156 924 3210 πλείονα
953 3165 1279 3228 ποιούμεθα
1308 3169 1582 3235 πρόνοιαν
1621 3164 1816 3217 ποδῶν
1854 3167 1885 3236 ἢ
1917 3164 2255 3237 ὀφθαλμῶν,
2295 3170 2427 3219 ὅταν
2457 3170 2511 3219 οἱ

439 3269 2512 3295 Ἣ

576 3333 595 3372 1
627 3325 719 3388 ἐγὼ
751 3330 991 3392 πρότερον
1019 3338 1068 3381 Μ
1098 3334 1246 3399 ἔγωγε
1282 3340 1526 3403 πρότερον
1565 3344 1605 3388 Β
1634 3340 1730 3404 ἐγώ
1767 3347 1850 3391 καὶ
1886 3342 2133 3406 πρότερον
2171 3346 2254 3391 UT
2369 3351 2393 3391 2
2426 3340 2514 3394 οὔκ

432 3397 532 3442 add.
565 3399 753 3446 casaub.
894 3408 919 3448 3
950 3405 1038 3452 τὸν
1065 3422 1147 3464 pro
1176 3411 1233 3457 τὸ
1265 3412 1304 3456 Τ
1448 3419 1471 3458 7
1505 3410 1637 3475 ὁρῶν
1664 3415 1715 3458 Μ
1856 3415 1946 3473 μὲν
1975 3429 2060 3461 om.
2093 3416 2214 3461 UBT
2359 3420 2384 3461 8
2413 3411 2512 3475 η’τί-

433 3470 551 3523 μαζε
568 3485 602 3512 t:
635 3473 677 3523 (ν
706 3475 836 3527 eras.)
856 3473 895 3518 U
1041 3481 1088 3522 11
1122 3476 1301 3538 ἄνεμον
1320 3484 1358 3527 Β
1471 3494 1575 3541 τοῖς
1593 3490 1858 3541 πολιτικοῖς
1877 3488 1916 3531 Β
2034 3490 2085 3531 13
2115 3482 2254 3533 κλετ’τ
2272 3503 2340 3533 ων
2360 3486 2400 3531 U

436 3535 705 3594 ἑξακοσίους
732 3542 851 3598 libri,
879 3551 1222 3605 πεντακοσίους
1242 3553 1434 3600 casaub.
1456 3557 1591 3614 falso,
1621 3571 1770 3615 neque
1799 3558 1916 3603 enim
1945 3557 2001 3602 de
2031 3557 2128 3602 sola
2156 3556 2335 3602 Cleonis
2364 3560 2515 3602 aetate

435 3607 521 3652 Dio
548 3609 744 3691 lo-qui'tur
770 3678 782 3693 Ι
830 3617 880 3659 18
911 3617 1107 3674 πρέπειν
1136 3634 1220 3667 om.
1252 3624 1289 3667 B
1377 3630 1429 3671 20
1460 3625 1646 3693 ἑταιρίᾳ
1675 3629 1797 3674 ΠΒΤ
1902 3631 1955 3673 22
1988 3624 2173 3686 ἀνέχειν
2201 3621 2252 3671 Μ
2367 3630 2421 3671 23
2450 3628 2513 3686 μή

435 3694 489 3736 γε
520 3690 693 3736 scrlpsl,
719 3698 835 3741 μητε
863 3684 980 3740 libri,
1009 3689 1120 3747 μηδὲ
1150 3691 1279 3749 Emp.
