2684 4140
1032 281 1257 328 ORATIO
1286 281 1454 327 XLIII.
2194 283 2258 331 65

178 425 319 493 ὑπὲρ
359 422 581 486 οὐδενὸς
616 425 648 494 ἢ
689 426 811 485 ἑνὸς
860 426 1172 495 ἀνθρώπου
1224 425 1547 492 δυστυχοῦς,
1599 428 1660 478 ὃν
1710 425 1959 479 ἐκώλυσα
1998 430 2110 478 ὑπὸ
2149 435 2260 480 τῶν

6 517 158 560 91311)
186 515 455 575 συγγενῶν
491 511 583 559 καὶ
619 514 729 558 τῶν
767 507 1096 578 ἐπιτρόπων
1139 508 1590 581 διασπασθῆναι,
1633 510 1907 581 πρότερον
1944 515 2045 577 μὲν
2091 514 2263 564 αὐτοῦ

180 593 247 642 τά
295 595 592 662 γράμματα
643 595 1011 663 ὑφῃρημένων
1068 596 1162 646 καὶ
1210 592 1394 645 πολλοὶ
1453 603 1551 666 τῆς
1605 597 1801 658 οὐσίας
1850 594 2258 666 διηρπακότων,

179 678 410 746 ὕστερον
459 675 517 728 δὲ
569 676 1350 748 καταψευδομαρτυρούντων·
1411 678 1582 750 ἄλλην
1644 678 1701 731 δὲ·
1754 679 2016 747 οὐδεμίαν
2066 680 2255 750 εἴρηκα
2297 686 2326 734 7

125 773 148 813 5
188 758 368 830 δίκην,
416 763 559 812 ὥστε
606 755 687 812 δι’
742 760 900 814 οὐδὲν
951 761 1133 814 οὐδενὶ
1178 765 1352 834 βαρύς
1401 766 1532 830 εἰμι.
1618 759 1744 814 ἀλλ’
1799 767 1917 829 ἵνα,
1975 768 2071 816 ἐάν
2120 782 2260 816 ποτε

179 849 404 915 γένηται
440 849 632 916 καιρὸς
671 847 791 898 οἷον
829 848 1084 912 εὔχονταί
1118 866 1281 912 τινες,
1321 851 1517 915 ὅμοιος
1553 848 1631 917 τῷ
1672 853 1964 919 πρότερον,
2006 850 2126 911 οἶος
2166 851 2261 900 οὐκ

181 931 368 980 ἔσται·
421 928 566 1001 πλὴν
606 933 656 982 εἰ
692 935 935 999 γένοιτο,
984 933 1072 983 ἵνα
1120 935 1193 1003 μὴ
1246 939 1410 1002 παρῶ
1451 932 1529 1000 τῷ
1571 931 1724 1003 δήμῳ
1764 932 1905 1004 μηδὲ
1945 931 2165 997 ἕξουσιν
2205 936 2262 984 οἱ

183 1017 695 1083 συκοφαντούμενοι
721 1017 816 1066 τὸν
843 1018 1294 1085 παραιτούμενον
1318 1017 1350 1085 ἢ
1383 1014 1772 1083 συναλγοῦντα.
1831 1010 1942 1085 [καὶ
1975 1016 2068 1068 διὰ
2096 1025 2259 1068 τοῦτο

183 1095 463 1160 δυσκόλως
508 1101 604 1164 ἐμὲ
648 1103 809 1169 φέρει
845 1117 932 1160 τις
969 1095 1390 1169 ἐπιδημοῦντα.]
1466 1103 1560 1151 καὶ
1595 1102 1698 1169 γὰρ
1739 1104 1789 1151 εί
1836 1099 2065 1163 πλείους
2102 1099 2260 1170 ἦσαν,

104 1192 151 1234 10
189 1183 379 1252 ὥσπερ
418 1184 589 1246 εἰσίν,
631 1181 813 1244 οὐδεὶς
852 1185 992 1249 ἐμοῦ
1029 1186 1200 1253 φήσει
1235 1182 1459 1249 μᾶλλον.
1540 1186 1645 1251 ἐγὼ
1688 1183 1746 1235 δὲ
1797 1187 1901 1250 ἔχω
1942 1189 2264 1255 παρρησίαν

183 1268 327 1335 πρὸς
363 1268 506 1332 ὑμᾶς
542 1269 677 1336 ὅσην
717 1265 918 1328 οὐδείς.
983 1275 1082 1338 τῆς
1117 1270 1218 1333 μὲν
1243 1269 1346 1338 γὰρ
1386 1270 1640 1334 εὐτυχίας
1677 1276 1775 1339 τῆς
1811 1271 2058 1335 ἐμαυτοῦ
2093 1287 2263 1340 παρε-

174 1353 403 1420 χώρησα
440 1353 584 1416 ύμῖν,
625 1358 722 1421 τῆς
761 1349 819 1401 δὲ
859 1349 1155 1416 δυστυχίας
1192 1359 1290 1423 τῆς
1327 1354 1598 1422 ὑμετέρας
1634 1351 1956 1420 μετέλαβον.
2033 1357 2126 1406 καὶ
2163 1363 2255 1406 νῦν
2295 1358 2326 1408 8

183 1432 277 1485 δεῖ
302 1452 372 1500 με
409 1433 742 1504 ἀποδημεῖν,
782 1436 878 1500 οὐχ
915 1437 992 1497 ὡς
1030 1439 1305 1506 πρότερον
1340 1435 1588 1501 ἀλύπως,
1629 1440 1856 1489 πάντων
1894 1456 1964 1504 με
2003 1440 2263 1506 ἀγαπών-
2322 1479 2329 1484 .

21 1530 158 1573 50711)
181 1536 292 1569 των
327 1521 421 1570 καὶ
466 1516 902 1586 θαυμαζόντων,
954 1518 1094 1571 ἀλλὰ
1132 1512 1258 1588 μετ’
1313 1523 1525 1592 ἔχθρας
1572 1529 1766 1573 τινῶν·
1816 1524 1944 1575 ἐπεὶ
1993 1525 2159 1585 αὐτός
2206 1541 2265 1591 γε

99 1613 146 1654 15
185 1599 342 1653 οὐδὲν
380 1604 606 1655 ἔπαθον
643 1607 834 1655 κακόν·

434 1689 496 1738 οὐ
535 1689 636 1758 γὰρ
678 1683 912 1740 πώποτ’
955 1690 1095 1755 ἐμὰς
1132 1691 1267 1757 βοῦς
1304 1688 1519 1760 ἤλασαν
1560 1688 1687 1741 οὐδὲ
1726 1693 1827 1756 μὲν
1867 1692 2098 1752 ἵππους.

181 1773 243 1822 οὐ
290 1777 484 1838 μέντοι
531 1770 809 1840 θαυμάζω
859 1775 928 1825 τὰ
976 1777 1231 1844 παρόντα
1282 1777 1612 1844 πράγματα·
1663 1777 1791 1826 ἐπεὶ
1836 1777 1930 1826 καὶ
1965 1778 2265 1846 Σωκράτης

179 1858 403 1921 ἐκεῖνος,
447 1857 516 1908 οὗ
548 1862 835 1928 μέμνημαι
874 1856 1163 1923 πολλάκις,
1203 1861 1260 1910 ἐν
1297 1861 1398 1925 μὲν
1424 1866 1493 1928 τῇ
1518 1857 1804 1929 τυραννίδι
1828 1866 1939 1912 τῶν
1966 1862 2263 1929 τριάκοντα

181 1942 422 2010 ἔπραττε
470 1945 655 1993 πάντα
704 1945 847 2013 ὑπὲρ
897 1949 998 1994 τοῦ
1046 1942 1222 2014 δήμου
1269 1946 1364 1995 καὶ
1410 1950 1521 1995 τῶν
1558 1951 1739 1995 κακῶν
1779 1942 2004 2006 οὐδενὸς
2041 1946 2264 1995 ἐκοινώ-

101 2034 150 2076 20
185 2039 365 2095 νησεν,
406 2024 546 2077 ἀλλά
583 2029 677 2079 καὶ
714 2029 1008 2099 πεμφθεὶς
1044 2022 1148 2079 ὑπ’
1193 2030 1374 2080 αὐτῶν
1411 2031 1511 2080 ἐπὶ
1535 2032 1762 2080 Λέοντα
1801 2031 1897 2080 τὸν
1922 2027 2265 2095 Σαλαμίνιον

182 2111 278 2176 οὐχ
324 2113 631 2181 ὑπήκουσε,
689 2115 783 2164 καὶ
828 2117 949 2175 τοῖς
1008 2116 1300 2183 τυράννοις
1349 2116 1606 2181 ἄντικρυς
1663 2111 2037 2182 ἐλοιδορεῖτο,
2096 2111 2266 2181 λέγων

0 2182 159 2248 nnn>
183 2197 413 2261 ὁμοίους
452 2196 598 2248 εἶναι
635 2202 756 2259 τοῖς
795 2203 1068 2268 πονηροῖς
1104 2196 1424 2265 βουκόλοις,
1477 2200 1533 2249 οἲ
1576 2197 2001 2267 παραλαβόντες
2039 2200 2268 2267 ἰσχυρὰς

180 2280 281 2342 τὰς
318 2281 453 2348 βοῦς
489 2283 583 2333 καὶ
630 2279 871 2346 πολλάς,
923 2280 1115 2350 ὀλίγας
1160 2285 1254 2334 καὶ
1300 2283 1715 2353 ἀσθενεστέρας
1764 2289 2045 2334 ποιοῦσιν.
2132 2276 2260 2333 ἀλλ’
2307 2286 2339 2336 9

181 2367 331 2430 ὅμως
368 2367 480 2416 ὑπὸ
519 2372 622 2417 τοῦ
657 2365 859 2437 δήμου,
914 2360 989 2419 δι’
1034 2368 1095 2418 δν
1133 2365 1498 2431 ἐκινδύνευεν,
1549 2369 1781 2438 ὕστερον
1821 2368 1885 2418 εὖ
1920 2369 2267 2436 πράττοντος

103 2455 151 2498 2ὖ
188 2447 520 2520 διαβληθεὶς
555 2453 668 2502 ὑπὸ
711 2458 1075 2522 συκοφαντῶν
1112 2470 1280 2503 τινων
1320 2453 1626 2503 ἀπέθανεν.
1690 2450 1755 2522 ἦν
1797 2450 1855 2503 δὲ
1898 2454 1929 2502 ὁ
1963 2453 2268 2521 κατήγορος

182 2532 473 2604 Μέλητος,
531 2533 798 2604 βδελυρὸς
848 2538 1161 2606 ἄνθρωπος
1218 2539 1311 2588 καὶ
1362 2539 1730 2608 συκοφάντης.
1809 2530 2043 2600 Ἀδικεῖ,
2107 2539 2264 2606 φησί,

183 2620 507 2690 Σωκράτης,
558 2622 688 2683 τούς
737 2625 895 2684 νέους
947 2620 1306 2692 διαφθείρων
1351 2624 1445 2673 καὶ
1498 2623 1592 2683 οὓς
1638 2624 1739 2687 μὲν
1787 2625 1818 2691 ἠ
1873 2618 2043 2682 πόλις
2092 2621 2267 2682 θεοὺς

183 2702 319 2772 τιμᾷ
355 2706 429 2774 μὴ
470 2711 675 2771 τιμῶν,
725 2708 884 2775 ἕτερα
924 2704 983 2757 δὲ
1034 2708 1274 2773 εἰσάγων
1321 2707 1485 2757 καινὰ
1537 2705 1828 2772 δαιμόνια·
1885 2703 2078 2770 σχεδὸν
2130 2706 2267 2755 αὐτοὶ

325 2889 350 2930 5
379 2889 546 2944 βαρεῖς
567 2884 616 2927 Μ
704 2889 730 2929 6
763 2877 935 2942 ὅμοιος
955 2884 1148 2939 Selden„
1182 2880 1366 2942 ὁμοίως
1386 2884 1505 2929 UBT
1537 2875 1669 2940 ὅμως
1697 2882 1748 2925 Μ
1836 2879 1908 2936 οἷς
1936 2882 2016 2927 BU
2035 2896 2094 2928 m.
2114 2896 2184 2939 pr.

185 2957 209 2997 7
241 2950 372 3014 παρὰ
405 2958 475 3001 τῶ
504 2955 555 2999 Μ
651 2953 699 3001 οἳ
727 2967 815 3000 om.
845 2955 895 2999 Μ
924 2955 971 2999 in
1000 2967 1161 3000 rasura
1277 2957 1303 2998 8
1330 2956 1412 3000 καὶ
1442 2950 1514 3000 διὰ
1547 2955 1691 3000 τοῦτο
1723 2977 1780 2985 -
1810 2956 1835 2996 9
1865 2951 2182 3012 ἐπιδημοῦντα
2212 2953 2269 2998 ab

182 3024 392 3070 hocloco
413 3025 584 3080 alienu
617 3037 721 3070 nam
745 3028 827 3072 καὶ
846 3021 942 3084 γὰρ
965 3051 1016 3057 -
1038 3022 1179 3084 φήσει
1197 3027 1383 3081 μᾶλλον
1401 3023 1600 3079 intellegi
1620 3027 1861 3079 nequeunt,
1891 3022 1978 3067 nisi
1998 3023 2150 3068 statim
2170 3029 2274 3080 post

185 3092 501 3153 ἐπιδημοῦντα
525 3095 794 3140 inferuntur.
833 3096 1093 3152 Transponi
1118 3098 1311 3152 possunt
1335 3098 1440 3151 post
1465 3093 1736 3154 μετέλαβον
1761 3093 1790 3137 l.
1808 3097 1871 3140 12.
1915 3093 2077 3139 Deleto
2097 3096 2179 3140 καὶ
2197 3094 2227 3138 1.
2248 3099 2272 3138 8

189 3164 341 3209 omnia
369 3165 522 3210 sanari
551 3169 704 3210 censet
733 3165 844 3211 wil.
935 3170 986 3210 10
1009 3158 1174 3224 ὥσπερ
1192 3164 1294 3219 ΒΜ,
1323 3161 1446 3223 ἤπερ
1466 3164 1507 3209 U
1628 3162 1902 3224 παῤῥησίαν
1922 3159 2016 3222 ἔχω
2036 3163 2141 3217 (hoc
2161 3164 2273 3219 ord.)

189 3234 307 3279 UBT
399 3239 448 3279 13
470 3229 723 3292 ἀποδιμεῖν
742 3235 793 3280 Μ
885 3240 936 3280 14
963 3235 1084 3293 μετὰ
1107 3236 1157 3280 Μ
1241 3233 1346 3281 ἐπεὶ
1375 3230 1521 3288 αὐτός
1539 3251 1595 3293 γε
1615 3260 1669 3266 -
1695 3239 1745 3279 16
1771 3231 1962 3288 ἵππους.
2014 3240 2183 3279 certum
2204 3236 2273 3280 est

186 3305 298 3349 haec
329 3305 498 3362 opponi
525 3306 671 3350 verbis
702 3309 784 3365 τῆς
803 3306 852 3353 δὲ
873 3307 1121 3365 δυστυχίας
1141 3332 1193 3339 -
1214 3305 1497 3365 μετέλαβον,
1527 3305 1647 3363 quod
1677 3318 1786 3351 sane
1814 3306 1888 3350 vix
1907 3304 2009 3350 fieri
2037 3307 2202 3361 potest,
2233 3305 2272 3350 si

186 3375 353 3420 tradita
380 3376 516 3420 lectio
547 3379 766 3423 servatur.
826 3379 889 3422 At
916 3377 995 3422 illa.
1023 3377 1333 3434 transpositio,
1364 3389 1498 3432 quam
1526 3376 1585 3420 ad
1612 3377 1642 3421 l.
1676 3379 1702 3419 6
1733 3375 1993 3432 significavi,
2023 3375 2130 3420 huic
2161 3387 2269 3431 quo·

186 3459 272 3503 que
309 3445 426 3491 malo
466 3446 692 3492 medetur:
732 3443 807 3494 διὰ
850 3451 994 3495 τοῦτο
1034 3448 1147 3502 (scil.
1191 3447 1297 3505 quia¹
1326 3450 1577 3492 vestrorum
1612 3447 1830 3492 malorum
1858 3450 2032 3504 partem
2062 3444 2196 3500 subii)
2226 3446 2273 3489 in

188 3516 338 3562 odium
366 3518 683 3563 nonnullorum
711 3518 971 3575 incucurri3
1010 3521 1110 3576 ipse
1138 3518 1256 3564 enim
1285 3518 1398 3564 nihil
1426 3517 1682 3564 detrimenti
1710 3530 1933 3575 ceperam.
2005 3517 2174 3563 Versus
2206 3520 2274 3561 est

186 3586 239 3632 11.
273 3591 399 3642 1,154
574 3591 625 3632 18
665 3586 897 3648 μέμνηται
927 3589 966 3634 U
996 3602 1055 3635 m.
1085 3602 1155 3646 pr.
1328 3591 1382 3633 23
1419 3584 1506 3642 τὰς
1541 3580 1667 3646 βόας
1695 3587 1823 3642 libri,
1861 3601 1976 3633 corr.
2006 3587 2139 3631 Dind.

189 3660 243 3702 26
281 3658 489 3713 Μέλιτος
530 3658 569 3704 U
758 3657 1010 3720 βδελοιρὸς
1039 3659 1089 3702 Μ
1295 3661 1348 3703 28
1388 3652 1507 3706 αὐτὰ
1547 3661 1698 3706 ταῦτα
1736 3657 1933 3706 ἐναντία
1977 3657 2104 3713 libri,
2154 3670 2271 3702 corr.

190 3727 326 3772 Dind.
1890 3761 1899 3767 .

277 3803 373 3841 DIO.
395 3805 444 3842 11.
1904 3804 1929 3844 5
