2684 4140
1052 269 1278 315 ORATIO
1309 269 1428 314 LXI.
1453 298 1458 300 >
2185 267 2287 314 139

205 428 396 483 γιστον
444 413 681 486 ἐραστὴν
721 409 783 466 οὗ
821 419 992 481 μόνον
1030 413 1268 482 βασιλέα
1306 419 1478 482 μέγαν
1527 417 1619 465 καὶ
1669 411 1924 476 ἀνδρεῖον
1962 415 2020 464 ἐν
2060 411 2288 480 ὀλίγοις,

207 498 347 550 ἀλλὰ
384 502 477 551 καὶ
513 504 636 551 νέον
673 502 766 551 καὶ
800 498 995 563 καλόν,
1048 500 1123 561 ὥς
1163 514 1336 569 φησιν
1363 493 1607 568 Ὅμηρος
1645 497 1722 564 τῴ
1763 499 1864 548 Διὶ
1903 494 2289 566 προσεικάζων

209 578 392 647 αὐτόν,
432 586 630 635 ἔπειτα
669 587 751 646 εἰς
789 583 1096 636 ἑαλωκυῖαν
1122 585 1440 654 ἀφικέσθαι
1466 580 1564 653 τὴν
1603 580 1850 651 πατρίδα
1887 585 1979 633 καὶ
2019 587 2290 634 συνοικεῖν

207 670 289 719 ἐνὶ
335 675 445 719 τῶν
494 666 707 719 δούλων
752 676 864 719 τῶν
897 663 1333 736 Ἀγαμέμνονος,
1385 667 1442 718 εἴ
1479 685 1540 735 γε
1589 664 1781 733 ἔμελλε
1829 667 2144 734 γαμεῖσθαι
2180 674 2290 718 τῶν

150 761 175 801 5
210 754 489 821 ἐγχωρίων
526 754 654 816 τινί,
694 760 818 815 πῶς
858 755 953 804 οὐκ
990 755 1206 803 ἄτοπον
1217 771 1236 814 ,·
1274 755 1336 802 τὸ
1375 753 1478 820 γὰρ
1520 749 1872 817 αἰχμάλωτον
1899 751 2045 802 εἶναι
2069 753 2162 803 καὶ
2196 750 2289 803 διὰ
2331 756 2359 804 7

203 843 368 887 τοῦτο
406 839 479 908 μὴ
525 842 771 906 στέργειν
797 841 892 888 τὸν
922 835 1162 904 λαβόντα
1190 838 1286 902 οὐχ
1315 838 1517 887 ἱκανόν.
1581 840 1612 904 ἡ
1651 843 1781 903 γοῦν
1806 837 2044 904 Βρισηὶς
2070 837 2290 903 ἀγαπᾶν

204 922 351 972 ἔοικε
387 924 484 972 τὸν
504 915 775 986 Ἀχιλλέα,
813 924 907 973 καὶ
931 928 1105 972 ταῦτα
1132 923 1193 972 ὅν
1222 935 1396 991 φησιν
1423 922 1756 971 ἀποκτεῖναι
1782 923 1878 971 τὸν
1906 919 2081 989 ἄνδρα
2122 922 2291 992 αὐτῆς

203 1008 296 1057 καὶ
332 1009 463 1068 τούς
501 1005 796 1077 ἀδελφούς.
850 1006 938 1074 τῷ
979 1004 1037 1057 δὲ
1060 999 1430 1073 Ἀγαμέμνονι
1466 1011 1726 1055 τοιοῦτον
1767 1003 1925 1055 οὐδὲν
1965 1007 2290 1075 ἐπέπρακτο

0 1083 15 1130 3
206 1093 338 1159 περὶ
375 1093 473 1162 τὴν
511 1091 824 1158 Χρυσηίδα.
864 1119 935 1126 -—
959 1088 1180 1151 Καλῶς.
1246 1091 1440 1139 οὐκοῦν
1479 1091 1539 1139 ἐκ
1578 1094 1688 1138 τῶν
1730 1086 1906 1155 λόγων
1945 1092 2159 1141 τούτων
2200 1091 2295 1141 οὐκ

11 1180 15 1239 Ι
129 1184 175 1225 10
210 1173 492 1246 ἐβουλήθη
532 1178 786 1246 Χρυσηὶς
813 1175 1288 1244 ’ἀποπεμφθῆναι
1328 1174 1483 1241 παρὰ
1533 1178 1636 1222 τοῦ
1665 1165 2102 1238 Ἀγαμέμνονος,
2153 1172 2294 1224 ἀλλά

11 1268 26 1285 '³
203 1262 436 1330 Χρύσης
460 1267 633 1310 ταῦτα
658 1261 899 1328 ἔπραττε
926 1252 1064 1309 καθ’
1095 1259 1288 1308 αὐτόν·
1327 1259 1358 1327 ἢ
1399 1256 1560 1325 εἴπερ
1588 1254 1867 1323 ἐβούλετο,
1907 1258 2293 1327 ἀφρονεστέρα

205 1346 273 1395 ἀν
310 1344 414 1414 εἴη,
451 1347 544 1396 καὶ
581 1347 678 1395 τὸν
717 1341 879 1411 λόγον
918 1344 1170 1394 ἐναντίον
1210 1341 1380 1403 εἶπας
1415 1343 1447 1411 ἢ
1487 1342 1750 1406 ὑπέσχου.
1789 1370 1861 1375 -
1896 1343 1963 1391 Δ.
1998 1333 2152 1391 Ἀλλ’
2198 1342 2293 1393 οὖν
2331 1345 2360 1395 8

203 1427 343 1499 μηδὲ
384 1427 538 1498 δίκην
577 1427 834 1497 δικάσῃς,
889 1429 1060 1498 φασί,
1112 1429 1244 1495 πρὶν
1295 1428 1632 1496 ἀμφοτέρων
1681 1427 1933 1477 ἀκοῦσαι.
2012 1424 2188 1493 λέγεις
2228 1425 2291 1497 δή

208 1516 387 1583 σοφὸν
434 1515 564 1564 ὄντα
610 1516 706 1563 τὸν
732 1507 977 1582 (Όμηρον
991 1531 1010 1574 ,·
1057 1541 1128 1546 -
1155 1505 1333 1573 Ἴσως.
1383 1540 1454 1545 -
1499 1513 1567 1561 Δ.
1614 1509 1824 1561 Οὐκοῦν
1870 1511 1939 1560 τὰ
1988 1513 2088 1576 μὲν
2129 1513 2295 1562 αὐτὸν

131 1607 175 1647 15
212 1595 387 1664 λέγειν
435 1592 626 1666 [οὶ’,ου]
674 1599 743 1648 τὰ
795 1596 852 1648 δὲ
894 1602 1016 1659 τοῖς
1056 1598 1448 1664 ἐντυγχάνουσι
1494 1594 1829 1648 καταλιπεῖν
1880 1596 2291 1647 αἰσθάνεσθαι.

203 1689 367 1732 τοῦτο
408 1680 466 1733 δὲ
508 1684 569 1732 οὐ
608 1689 719 1733 τῶν
759 1684 905 1732 πάνυ
946 1679 1167 1751 ἀδήλων
1206 1682 1375 1732 ἐστίν.
1440 1684 1471 1750 ή
1513 1681 1617 1749 γάρ
1657 1682 1912 1750 Χρυσηὶς
1949 1674 2076 1730 κατ’
2122 1682 2295 1750 ἀρχὰς

20 1759 183 1875 ›eRID
203 1770 332 1832 μέν
374 1769 450 1829 ὡς
489 1769 697 1830 ἔοικεν,
735 1770 924 1837 ήγάπα
962 1771 1148 1833 μένειν
1190 1766 1343 1835 παρὰ
1383 1765 1460 1832 τῷ
1494 1759 1866 1832 Ἀγαμέμνονι
1906 1757 1983 1815 δι’
2029 1767 2095 1826 ἀς
2133 1765 2296 1816 εἷπον

207 1853 393 1914 αἰτίας
428 1855 522 1903 καὶ
558 1856 680 1914 τοῖς
716 1854 881 1914 θεοῖς
916 1845 1043 1921 ᾔδει
1074 1854 1255 1920 χάριν,
1296 1853 1384 1902 ὄτι
1420 1848 1618 1920 μηδενὶ
1657 1847 1856 1918 δοθείη
1898 1855 2008 1900 τῶν
2036 1848 2297 1913 ἀδοξοτέ-

206 1954 342 2006 ρων,
393 1935 533 1987 ἀλλὰ
581 1937 662 2005 τῷ
709 1940 936 1988 πάντων
984 1934 1234 2003 βασιλεῖ,
1283 1938 1534 1996 κάκεῖνος
1586 1936 1681 1985 οὐκ
1727 1931 1955 2000 ἀμελῶς
1993 1936 2112 2000 ἔχοι
2153 1938 2298 2005 πρὸς

128 2029 175 2070 20
213 2023 406 2092 αὐτήν·
459 2024 602 2074 ὥστε
655 2024 750 2073 ούκ
787 2024 1029 2091 ἔπραττε
1080 2024 1213 2088 περὶ
1264 2019 1491 2089 λύτρων.
1582 2021 1709 2070 ἐπεὶ
1758 2017 1815 2069 δὲ
1855 2021 2018 2088 ἤκουε
2056 2020 2124 2070 τὰ
2165 2022 2296 2088 περὶ
2334 2025 2364 2073 9

207 2109 305 2177 τὴν
356 2109 535 2158 οἰκίαν
581 2110 683 2178 τήν
721 2114 823 2158 τοῦ
850 2101 1262 2174 Ἀγαμέμνονος
1301 2107 1476 2156 ὁποῖα
1515 2102 1610 2174 ἦν,
1662 2106 1739 2165 ὡς
1771 2101 2023 2168 χαλεπά,
2071 2106 2164 2154 καὶ
2202 2107 2299 2174 τήν

207 2193 605 2262 ὠμότητα,τῆς
642 2189 1145 2260 Κλυταιμνήστρας
1192 2192 1286 2241 καὶ
1323 2192 1386 2240 τὸ
1438 2191 1689 2258 θράσος,
1743 2189 1994 2239 ἐνταῦθα
2033 2189 2298 2258 ἐφοβεῖτο

205 2278 304 2346 τήν
353 2277 437 2337 εἰς·
481 2278 543 2326 τὸ
582 2269 780 2344 Ἄργος
831 2273 1044 2346 ἄφιξιν.
1125 2277 1220 2326 καὶ
1263 2278 1359 2326 τὸν
1405 2277 1506 2341 μὲν
1556 2272 1725 2325 ἄλλον
1771 2277 1972 2343 χρόνον
2023 2278 2300 2343 παρέμενε

209 2364 512 2430 στέργουσα
553 2361 692 2422 ἴσως
729 2364 824 2412 τὸν
858 2355 1268 2429 Ἀγαμέμνονα·
1309 2363 1399 2411 ὅτε
1429 2358 1486 2411 δὲ
1514 2357 1580 2429 ἧν
1609 2362 1755 2428 πρὸς
1792 2356 1942 2409 τέλει
1982 2360 2010 2409 ὁ
2051 2357 2302 2424 πόλεμος

128 2454 176 2494 25
210 2446 304 2495 καὶ
342 2443 551 2515 διέρρει
589 2443 750 2513 λόγος
789 2448 866 2507 ὡς
905 2447 1087 2496 οὐκέτι
1128 2443 1461 2525 δυνήσονται
1502 2443 1680 2495 πλείω
1717 2447 1918 2514 χρόνον
1958 2446 2205 2509 ἀντέχειν
2247 2447 2303 2494 οἱ

211 2532 540 2598 Τρῶες,οὐ
590 2536 908 2597 περιέμεινε
954 2537 1056 2581 τοῦ
1094 2525 1269 2581 Ἰλίου
1319 2533 1418 2600 τήν
1469 2528 1695 2580 ἅλωσιν.
1778 2523 1905 2598 ᾔδει
1955 2530 2056 2597 γὰρ
2114 2529 2191 2589 ὡς
2238 2531 2300 2579 τὸ

207 2611 353 2664 πολύ
401 2617 531 2676 τούς
577 2621 846 2677 νικῶντας
894 2618 1293 2686 ὑπερηφάνους
1341 2619 1700 2682 γιγνομένους
1749 2617 1843 2665 καὶ
1889 2617 1988 2685 τήν
2029 2611 2302 2664 δεισιδαι-

34 2709 112 2750 (584
134 2710 185 2751 Μ)
208 2700 408 2764 μονίαν
447 2703 574 2751 τότε
610 2698 822 2766 μᾶλλον
850 2702 1150 2766 ἰσχύουσαν
1177 2702 1275 2770 τὴν
1315 2702 1447 2768 περὶ
1484 2702 1580 2750 τὸν
1617 2701 1774 2762 θεόν,
1814 2702 1947 2750 ὅταν
1975 2696 2317 2763 πολεμῶσιν,

210 2786 266 2834 οἱ
303 2786 624 2854 ἄνθρωποι.
690 2784 783 2837 διὰ
822 2793 995 2837 ταῦτα
1024 2783 1210 2836 ἐκάλει
1236 2788 1362 2836 τότε
1400 2787 1497 2835 τὸν
1537 2788 1754 2852 πατέρα
1793 2785 1886 2834 καὶ
1914 2781 2149 2834 δεῖσθαι
2187 2789 2298 2833 τῶν
2323 2789 2386 2838 10

131 2877 178 2918 30
210 2863 447 2935 Ἀχαιῶν
496 2869 766 2922 ἐκέλευεν·
817 2872 1170 2922 ἐπυνθάνετο
1219 2873 1349 2939 γάρ,
1402 2871 1479 2930 ὡς
1527 2871 1732 2930 ἔοικεν,
1783 2870 1870 2918 ὅτι
1918 2870 2303 2936 ἐγυναικοκρα-

211 2960 406 3006 τοῦντο
461 2957 516 3005 οἱ
546 2949 830 3026 Ἀτρεῖδαι
876 2958 970 3007 καὶ
1016 2952 1207 3021 μεῖζον
1245 2957 1520 3024 ἐφρόνουν
1566 2959 1676 3003 τῶν
1726 2950 1943 3021 ἀνδρῶν
1991 2954 2203 3002 τούτων
2245 2954 2305 3002 αἱ

29 718 32 778 ε

359 3166 379 3207 1
411 3160 463 3208 ἐν
492 3156 655 3220 λόγοις
687 3165 722 3207 Β
811 3167 834 3207 3
867 3161 1104 3211 ἑαλωκῐαν
1133 3162 1176 3208 U
1291 3167 1316 3207 4
1347 3166 1433 3209 τοῦ
1463 3176 1545 3220 pro
1576 3165 1674 3208 τῶν
1703 3167 1826 3214 (ante
1856 3155 2028 3219 Ἄγαμ.)
2060 3161 2094 3204 Β
2189 3166 2210 3203 7
2247 3153 2305 3207 ὅν

214 3247 355 3291 φησιν
384 3237 468 3277 etc.
502 3233 560 3277 cf.
590 3233 642 3277 11.
674 3234 783 3278 XIX
814 3238 894 3278 295
1043 3238 1093 3277 10
1124 3227 1233 3279 ἀλλ’
1265 3227 1295 3279 ἃ
1328 3233 1364 3276 Β
1493 3237 1539 3276 11
1573 3230 1681 3278 κατ’
1717 3226 1866 3278 αὐτὸν
1894 3231 2013 3287 libri,
2045 3244 2163 3276 corr.
2194 3244 2302 3289 apo-

213 3304 384 3360 grapha
412 3306 479 3356 (ut
509 3305 564 3356 T)
680 3299 1013 3364 ἀφρονέστεροι
1044 3305 1083 3348 Β
1204 3307 1253 3348 12
1284 3298 1396 3351 ἀλλ’
1429 3295 1514 3350 οὖν
1543 3317 1630 3348 om.
1663 3303 1709 3346 M
1739 3317 1797 3347 m.
1829 3315 1898 3359 pr.
2005 3305 2055 3346 13
2086 3296 2306 3361 διδάσκῃς

215 3375 263 3419 Μ
295 3389 351 3418 m.
385 3389 453 3431 pr.
605 3380 649 3419 15
684 3373 789 3422 οἴου
819 3390 904 3421 om.
939 3376 988 3419 M
1020 3374 1125 3421 οἴου
1153 3374 1308 3434 λέγειν
1337 3376 1440 3428 (hoo
1470 3375 1587 3429 ord.)
1616 3374 1655 3418 T
1805 3376 2113 3419 καταλειπεῑν
2142 3373 2191 3417 Μ

220 3451 269 3490 16
302 3440 358 3492 οὐ
387 3442 547 3504 λόγων
576 3444 701 3494 πάνυ
729 3448 847 3501 libri,
878 3461 994 3492 corr.
1026 3446 1258 3502 Pflugkius
1347 3450 1397 3490 17
1428 3440 1591 3506 ἠγάπα
1621 3448 1691 3506 τῷ
1721 3448 1823 3496 (om.
1854 3443 2014 3500 μένειν
2043 3441 2193 3503 παρὰ)
2222 3444 2305 3490 UT

214 3511 375 3576 ἠγάπα
407 3520 538 3577 παρὰ
571 3522 640 3580 τῷ
672 3520 708 3562 Β
852 3522 904 3562 22
939 3514 1202 3576 ὁμοιότητα
1231 3516 1273 3562 U
1302 3531 1366 3561 m.
1391 3531 1458 3574 pr.
1604 3519 1658 3560 23
1686 3515 1775 3572 μὲν
1806 3528 1890 3558 om.
1923 3513 1962 3559 U
2089 3518 2142 3559 25
2174 3508 2305 3574 δυνή-

217 3603 395 3635 σωνται
425 3590 463 3633 Β
579 3594 632 3633 26
664 3593 747 3648 τῆς
775 3583 911 3636 Ἰλίου
940 3589 1020 3634 UB
1166 3591 1216 3632 27
1249 3587 1534 3646 γενομένους
1562 3587 1680 3640 libri,
1710 3599 1825 3630 corr.
1857 3584 1993 3629 Dind.
2111 3588 2165 3630 28
2196 3587 2306 3631 seri·

215 3658 434 3704 bendum:
466 3658 552 3718 τὴν
580 3664 690 3720 περὶ
720 3664 818 3707 τῶν
849 3662 1003 3710 θεῶνς
1031 3672 1137 3704 nam
1168 3661 1282 3703 haee
1302 3659 1569 3715 generaliter
1589 3657 1711 3702 dicta
1732 3660 1854 3709 sunt,
1885 3669 1977 3700 non
1999 3654 2053 3699 de
2074 3657 2306 3713 Ap0111ne3

217 3727 333 3772 idem
362 3730 450 3774 iam
478 3730 714 3787 Pflugkius
744 3732 855 3777 vidit
970 3735 1023 3775 30
1055 3728 1299 3776 ἐκέλευσεν
1331 3730 1368 3774 Β
1483 3730 1950 3789 γυναικοκρατοῦντο
1983 3726 2075 3772 UM
