2684 4140
839 269 1206 316 THEODORUS
1235 269 1612 316 METOCHITA.
2175 271 2278 320 329

339 409 655 466 Theodorus
692 412 983 466 Metoohita
1018 413 1240 467 Miscell.
1278 429 1333 482 p.
1368 416 1682 467 141—149.
1755 417 1900 485 Περὶ
1935 416 2184 479 Δίωνος,
2237 407 2282 483 ᾦ

198 498 434 566 Προῦσα
473 499 707 566 πατρίς,
758 492 984 549 πλεῖστ’
1028 498 1250 568 εἴρηται
1286 500 1560 566 Συνεσίῳ,
1607 501 1701 550 καὶ
1749 499 1966 563 ἴσασιν,
2018 502 2175 561 ὅσοις
2212 500 2281 549 τά

199 582 410 632 ἐκείνου
450 581 678 642 πάντως
719 578 1122 646 σπουδάζεται,
1171 590 1270 653 τῆς
1307 600 1366 633 τε
1407 585 1616 653 σοφίας
1656 585 1829 635 αὐτοῦ
1875 589 2010 651 πέρι
2055 586 2149 635 καὶ
2185 591 2284 654 τῆς

199 671 302 714 τοῦ
337 666 464 731 βίου
506 666 777 732 αἱρέσεως
816 668 1044 736 πρώτης
1091 684 1151 718 τε
1197 669 1291 718 καὶ
1330 665 1591 736 δευτέρας
1634 670 1728 719 καὶ
1775 671 1879 732 ὅ,τι
1928 667 2139 738 δήποτε
2186 675 2284 738 τῆς

200 753 303 797 τοῦ
336 748 463 814 βίου
500 749 866 813 μεταθέσεως
905 749 1087 801 αἴτιον
1126 749 1204 817 τῷ
1244 748 1436 819 ἀνδρί·
1474 749 1683 817 μᾶλλον
1724 750 1800 815 δέ,
1837 749 1963 818 μετ’
2007 750 2284 822 ἀληθείας
2320 761 2344 801 5

199 833 362 899 ἐρεῖν,
404 831 564 882 ἴσασι
602 835 735 902 περὶ
771 836 1000 897 τούτων,
1041 837 1198 896 ὅσοις
1236 836 1304 885 τά
1343 837 1567 897 Δίωνος
1604 834 1869 902 ἐπιμελές
1894 838 2047 886 ἐστιν
2075 834 2285 887 εἰδέναι

201 913 410 982 βιβλία,
452 914 692 968 πλεῖστά
731 935 790 968 τε
826 920 919 969 καὶ
958 917 1236 988 διαφόρου
1274 920 1413 970 κατὰ
1453 922 1550 990 τὴν
1577 915 1871 989 ἑρμηνείαν
1898 918 2079 983 ἕξεως,
2119 918 2180 983 ἐξ
2210 919 2285 970 ὧν

200 1002 298 1070 τήν
336 1018 395 1051 τε
431 1003 572 1052 κατὰ
610 1005 706 1053 τὸν
744 1004 869 1068 βίον
908 1010 1010 1053 τοῦ
1045 1001 1247 1071 ἀνδρὸς
1298 1005 1552 1072 ἱστορίαν
1603 1006 1798 1071 ἔχομεν
1852 1001 2287 1072 συλλογίζεσθαι

200 1087 295 1135 καὶ
333 1087 446 1151 ἅμα
486 1088 583 1156 τὴν
625 1085 890 1138 διάθεσιν
929 1095 1027 1157 τῆς
1068 1088 1277 1156 σοφίας
1317 1090 1501 1151 αὐτοῦ,
1547 1096 1640 1139 νῦν
1678 1091 1778 1154 μὲν
1817 1092 2125 1159 ῥητορικῶς
2162 1090 2286 1138 ἑπι-

201 1176 517 1236 χειροῦσαν,
558 1177 650 1220 νῦν
691 1169 750 1221 δὲ
791 1169 1092 1240 φιλοσόφῳ
1135 1175 1486 1239 πρέπουσαν,
1528 1175 1642 1238 ἅμα
1684 1171 1742 1223 δὲ
1780 1176 1873 1224 καὶ
1899 1176 1996 1243 τὴν
2022 1174 2286 1242 ἐργασίαν
2326 1181 2372 1222 10

206 1260 304 1323 τῆς
341 1251 588 1323 γλώττης
624 1247 749 1304 κατ’
793 1256 1086 1324 ἀμφότερα
1133 1257 1556 1324 προσήκουσαν,
1607 1255 1779 1326 μηδὲν
1827 1258 1992 1327 ἧττον
2043 1259 2289 1307 ἐπαινεῖ-

211 1339 356 1388 σθαι
403 1332 528 1388 κατ’
584 1340 877 1407 ἀμφότερα
925 1336 1175 1401 δικαίαν,
1234 1341 1310 1400 ὡς
1358 1333 1484 1389 κατ’
1528 1342 1702 1410 ἄμφω
1753 1348 1954 1409 καιροῦ
2000 1343 2293 1407 τυγχάνου-

213 1435 332 1484 σαν,
369 1424 462 1472 καὶ
498 1424 606 1491 μὴν
645 1423 745 1485 ἔτι,
783 1424 883 1473 κᾶν
922 1424 973 1473 εἰ
1009 1417 1134 1488 μετ’
1179 1425 1494 1475 ένστάσεων
1531 1427 1626 1476 καὶ
1665 1432 1890 1476 σκοπῶν
1931 1427 2026 1490 οὐχ
2066 1427 2292 1491 ὁμοίων,

211 1499 336 1555 ἀλλ’
387 1504 718 1557 ἀκολούθων
759 1509 903 1576 πρὸς
940 1514 1043 1558 τοῦ
1075 1509 1200 1574 βίου
1240 1511 1337 1578 τὴν
1376 1503 1471 1579 ἐφ’
1522 1512 1752 1579 ἑκάτερα
1793 1511 2103 1579 πρόθεσιν,
2154 1507 2293 1559 ἀλλὰ

208 1592 301 1640 καὶ
363 1593 514 1655 ὅμως
577 1591 749 1652 αὖθις
811 1593 1052 1662 ἐμφερὲς
1114 1594 1348 1658 ἔχουσαν
1411 1596 1474 1644 τὸ
1543 1601 1740 1663 χρῶμα
1817 1597 1910 1646 καὶ
1975 1597 2105 1656 τούς
2171 1597 2295 1645 έπι-
2336 1601 2380 1642 15

214 1679 590 1744 φαινομένους
639 1682 741 1726 τοῦ
787 1674 963 1746 λέγειν
1011 1679 1224 1739 τύπους
1272 1680 1366 1729 καὶ
1412 1680 1510 1748 τὴν
1558 1681 1616 1730 ἐν
1664 1686 1733 1749 τῇ
1784 1687 1945 1749 φωνῇ
2002 1678 2293 1748 διοίκησιν.

212 1753 337 1808 ἀλλ’
382 1761 571 1827 ἔμοιγε
609 1767 775 1811 τοῦτο
815 1767 908 1812 νῦν
935 1762 1126 1813 ἔπεισι
1161 1765 1559 1832 σημειοῦσθαι,
1597 1766 1691 1815 καὶ
1717 1762 1989 1825 πολλάκις
2027 1765 2128 1832 γὰρ
2169 1765 2296 1813 έπε-

216 1847 509 1914 σκεψάμην
545 1847 639 1896 καὶ
676 1848 772 1896 τὸν
810 1843 1150 1912 βουλόμενον
1190 1851 1489 1915 προσέχειν
1528 1846 1667 1911 ἀξιῶ
1707 1851 1807 1900 τὸν
1857 1856 1984 1899 νοῦν
2031 1850 2123 1899 καὶ
2174 1845 2298 1898 συλ-

216 1925 571 1995 λογίζεσθαι,
622 1932 710 1981 ὅτι
751 1928 813 2001 δὴ
855 1932 932 1981 τώ
973 1929 1140 2000 ἄνδρε
1177 1930 1346 1996 τώδε,
1386 1934 1543 1983 Δίων
1589 1951 1647 1983 τε
1694 1935 1788 1984 καὶ
1824 1936 2118 1995 Συνέσιος,
2170 1933 2301 1999 περὶ

216 2015 312 2083 τὴν
366 2016 556 2084 φωνὴν
602 2008 727 2064 κατ’
784 2013 943 2066 οὐδὲν
993 2017 1070 2076 ὡς
1119 2017 1302 2066 εἰπεῖν
1352 2019 1565 2068 ἐοικότε
1615 2011 1856 2068 πλεῖσθ’
1909 2020 2059 2082 ὅμως
2115 2017 2300 2081 ἔχετον
2339 2023 2386 2064 20

213 2101 387 2148 κοινά.
462 2101 556 2149 καὶ
588 2100 775 2165 χαίρει
811 2097 1024 2165 μᾶλλον
1062 2102 1328 2161 Συνέσιος
1365 2103 1573 2164 Δίωνι,
1616 2099 1870 2171 δεύτερος
1909 2102 2088 2152 ἐπιὼν
2117 2102 2298 2162 αὐτός,

215 2185 307 2233 καὶ
347 2183 432 2243 οἷς
468 2185 626 2233 Δίων
668 2181 837 2251 λέγει,
889 2187 982 2235 καὶ
1032 2183 1198 2254 δῆλός
1246 2187 1400 2236 ἐστιν
1449 2188 1507 2236 ἐν
1558 2186 1644 2247 οἶς
1693 2188 1825 2255 περὶ
1874 2187 2045 2236 αὐτοῦ
2080 2187 2303 2245 Δίωνος

216 2272 494 2338 μέμνηται
532 2269 643 2331 (καὶ
678 2271 957 2339 μέμνηταί
993 2286 1051 2336 γε
1094 2271 1188 2335 οὐχ
1228 2268 1383 2333 ἅπαξ
1423 2262 1540 2321 οὐδ’
1578 2273 1635 2322 ἐν
1674 2269 1906 2341 παρόδῳ
1956 2268 2131 2337 λόγων
2177 2262 2298 2319 οὐδ’

218 2355 375 2414 ὅπως
416 2354 602 2418 ἔτυχεν
645 2346 935 2417 ἐπελθόν),
975 2348 1100 2404 ἀλλ’
1145 2357 1232 2405 ὅτι
1270 2353 1331 2425 δὴ
1360 2353 1608 2420 μάλιστα
1635 2361 1904 2424 τέρπεται
1940 2358 2301 2423 μεμνημένος.

216 2440 310 2488 καὶ
348 2445 446 2508 τῆς
485 2445 587 2488 τοῦ
633 2437 836 2508 ἀνδρὸς
881 2437 1130 2509 γλώττης
1181 2437 1347 2510 δῆλός
1394 2442 1547 2491 ἐστιν
1600 2441 1662 2491 εὖ
1695 2434 1829 2506 μάλ’
1876 2437 2163 2505 ἁλώσιμος
2212 2440 2303 2499 ὤν,
2343 2444 2388 2485 25

218 2524 404 2573 καίτοι
450 2539 510 2589 γε
554 2525 840 2592 χρώμενος
890 2525 1057 2586 αὐτὸς
1105 2522 1289 2586 ἄλλως
1335 2526 1367 2595 ἢ
1413 2519 1539 2576 κατ’
1583 2527 1795 2576 ἐκεῖνον
1843 2527 1937 2576 καὶ
1972 2515 2119 2593 μήθ’
2165 2520 2306 2582 ὅλως

221 2610 531 2676 ῥητορικῶς
561 2605 894 2670 σπουδάζων
920 2611 1014 2659 καὶ
1039 2611 1364 2674 τεχνιτεύων
1393 2612 1696 2661 ὅτιποτοῦν
1723 2612 1821 2661 ἐπὶ
1846 2611 1976 2670 τοὺς
2003 2610 2306 2666 ἀκούοντας

219 2720 287 2726 -
327 2694 403 2753 ὡς
441 2695 549 2760 ἄρα
586 2694 744 2744 Δίων
786 2694 952 2756 αὐτὸς
988 2692 1236 2760 μάλιστα
1281 2702 1350 2764 τῇ
1394 2699 1551 2764 τέχνῃ
1598 2691 1905 2757 σπουδάζει
1946 2695 2039 2743 καὶ
2085 2689 2304 2761 σφόδρα

221 2779 342 2828 ἐστὶ
379 2779 441 2827 τὸ
485 2776 821 2848 δραστήριον
862 2778 1011 2845 αὐτῷ
1049 2780 1189 2829 κατὰ
1217 2781 1459 2848 ῥήτορας
1490 2781 1547 2829 ἐν
1574 2783 1695 2839 τοῖς
1722 2780 1973 2846 πρώτοις
1999 2782 2109 2825 τῶν
2138 2776 2309 2824 αὐτοῦ

224 2865 639 2930 συνταγμάτων,
670 2865 842 2934 μήπω
874 2862 936 2934 δὴ
967 2867 1093 2914 τότε
1120 2870 1189 2932 τῇ
1217 2861 1541 2933 φιλοσοφίᾳ
1573 2864 1985 2930 προσνεύσαντι
2009 2861 2102 2909 καὶ
2129 2871 2304 2926 προσ-
2345 2864 2391 2903 30

225 2948 448 3014 θεμένῳ
488 2974 557 2982 -
595 2946 735 3017 μηδὲ
774 2950 882 3018 μὴν
922 2946 1064 3008 ὅλως
1100 2948 1241 2997 κατὰ
1280 2949 1343 2996 τὸ
1389 2944 1670 3012 λογοειδὲς
1715 2945 1787 2995 αὖ
1809 2941 2086 3005 καθάπαξ
2105 2950 2307 3012 χρῆται

223 3033 317 3080 καὶ
352 3029 736 3097 καταγγέλλει,
787 3033 855 3082 τὰ
894 3030 1160 3097 βέλτιστα
1199 3037 1302 3080 τοῦ
1335 3037 1436 3080 νοῦ
1469 3032 1562 3080 καὶ
1610 3033 1714 3080 ὅσα
1763 3029 1903 3079 κατὰ
1958 3025 2306 3097 φιλοσοφίαν

225 3116 345 3164 ἐστὶ
382 3117 610 3180 γόνιμος
648 3113 946 3179 ὖποχαλῶν
983 3113 1126 3175 ὅλως
1166 3116 1247 3175 εἰς
1285 3117 1347 3164 τὸ
1387 3116 1590 3165 ὕπτιον
1627 3115 1721 3164 καὶ
1761 3111 2010 3181 λιτότητι
2047 3115 2171 3171 ταῖς
2198 3116 2307 3160 τῶν

228 3195 454 3249 πολλῶν
493 3200 689 3260 ἀκοαῖς
730 3201 1106 3265 οἰκειούμενον
1132 3226 1203 3234 —-
1230 3200 1420 3266 ὥσπερ
1449 3200 1557 3265 ἄρα
1594 3199 1688 3247 καὶ
1718 3188 1887 3246 τοῦθ’
1923 3196 2127 3245 οὑτωσὶ
2152 3195 2307 3244 Δίων

227 3285 320 3333 καὶ
361 3285 554 3351 φεύγει
592 3286 654 3333 τὸ
697 3282 992 3353 διηρμένον
1030 3285 1122 3335 καὶ
1158 3285 1362 3349 μεστὸν
1389 3280 1653 3352 ἐπίτηδες
1689 3281 1951 3332 καὶκατὰ
1993 3282 2180 3350 φύσιν,
2218 3279 2310 3328 καὶ
2345 3283 2392 3323 35

229 3361 459 3433 μάλιστ’
503 3370 560 3418 έν
600 3367 686 3429 οἷς
721 3361 846 3418 κατ’
892 3369 1057 3418 αὐτὸν
1097 3365 1290 3433 ἀμέλει
1322 3369 1588 3417 Συνέσιον
1625 3367 1764 3432 μετὰ
1807 3363 2129 3436 φιλοσόφου
2170 3379 2307 3428 προ-

234 3455 456 3514 θέσεως
497 3454 810 3522 φθέγγεται
848 3454 906 3503 έν
945 3457 1065 3513 τοῖς
1106 3450 1386 3521 δευτέροις
1427 3449 1686 3520 δηλονότι
1722 3457 1824 3501 τοῦ
1858 3452 2000 3517 βίου.
2063 3447 2306 3512 Συνεσίῳ

377 3650 431 3690 24
464 3638 538 3692 ὅτι
569 3646 739 3701 scripsi,
772 3636 856 3703 ὅγε
885 3644 1015 3699 vulgo
1158 3645 1212 3687 26
1241 3635 1382 3711 μήθ’-
1394 3641 1567 3698 scripsi,
1595 3636 1705 3711 μηδ’
1734 3641 1864 3696 vulgo
1896 3640 1974 3694 (ita
2005 3642 2312 3695 exspectamus

235 3716 427 3762 alterum
455 3716 701 3761 membrum
731 3715 844 3773 μηδὲ
872 3710 964 3772 μὴν
993 3714 1021 3760 l.
1052 3715 1121 3767 31)
1239 3716 1287 3756 31
1323 3713 1382 3758 αὐ
1412 3712 1587 3769 scripsi,
1618 3713 1655 3774 ᾠ
1685 3712 1817 3767 vulgo
