2684 4140
429 287 531 336 272
1048 280 1255 326 DIONIS
1284 278 1370 324 DE
1399 277 1561 324 PAGE
1589 279 1674 324 ET
1704 279 1908 326 BELLO

425 427 614 498 ἀληθῆ
652 426 952 496 ῥητορικήν
989 450 1058 460 -
1090 422 1230 492 λέγω
1273 421 1331 475 δὲ
1373 423 1494 476 οἷον
1533 426 1670 494 περί
1705 443 1765 476 τε
1804 427 2023 497 ἀγωγῆς
2060 433 2171 479 τῶν
2210 432 2524 497 νέων’συμ-

421 510 782 580 βουλεύοντες
818 511 912 561 καὶ
949 510 1410 575 νομοθετοῦντες,
1451 511 1645 578 ὥσπερ
1673 511 1731 561 ἐν
1758 509 2154 578 Λακεδαίμονι
2178 516 2523 586 Λυκοῦργος,

419 598 513 648 καὶ
550 597 684 665 περὶ
720 603 820 666 ,τῆς
857 596 1128 665 ἐρωτικῆς
1167 592 1395 660 ὁμιλίας
1432 597 1528 646 καὶ
1566 597 1700 665 περὶ
1731 599 2035 667 χρημάτων
2071 600 2348 668 κτήσεως,
2389 604 2524 673 ὅσην

419 700 478 733 τε
514 683 608 732 καὶ
644 683 803 742 ὅπως
843 678 937 731 δεῖ
965 681 1304 744 ποιεῖσθαι,
1353 683 1448 733 καὶ
1493 682 1628 751 περὶ
1674 684 1853 750 γάμου
1903 685 1998 735 καὶ
2045 686 2179 754 περὶ
2224 688 2524 749 κοινωνίας

417 769 511 818 καὶ
546 768 680 835 περὶ
715 767 1066 832 νομίσματος
1112 768 1207 818 καὶ
1254 768 1388 836 περὶ
1425 774 1592 838 τιμῆς
1638 769 1733 819 καὶ
1780 769 2011 835 ἀτιμίας
2047 772 2141 821 καὶ
2178 773 2312 841 περὶ
2350 771 2518 824 οἴκων
2555 782 2579 823 5

416 859 775 923 κατασκευῆς,
803 847 955 920 <καὶ>
981 854 1197 921 πότερα
1221 854 1324 923 χρὴ
1354 857 1771 923 τετειχισμένην
1799 855 1971 905 οἰκεῖν
1999 853 2168 906 πόλιν
2194 857 2226 925 ἢ
2254 858 2521 927 καθάπερ

418 939 450 987 ό
486 938 628 998 θεὸς
666 935 950 1007 παρῄνεσε
989 935 1496 1004 Λακεδαιμονίοις,
1537 940 1883 1004 ἀτείχιστον,
1930 941 2025 991 καὶ
2063 942 2196 1010 περὶ
2233 942 2523 1012 ἀσκήσεως

415 1030 526 1075 τῶν
584 1021 906 1090 πολεμικῶν
953 1025 1048 1074 καὶ
1093 1021 1307 1087 τάξεως
1357 1025 1420 1074 οὐ
1468 1027 1641 1090 μόνον
1688 1023 2011 1096 ὁπλιτικῆς,
2063 1023 2205 1076 ἀλλὰ
2253 1029 2348 1078 καὶ
2397 1030 2522 1080 οἷαν

408 1101 863 1175 Ἐπαμεινώνδας
901 1111 1080 1178 εὑρεῖν
1122 1106 1369 1177 λέγεται,
1419 1112 1552 1171 τοὺς
1600 1111 1843 1179 ἐραστάς
1890 1112 2030 1176 μετὰ
2077 1117 2188 1163 τῶν
2226 1113 2521 1182 ἐρωμένων

414 1192 604 1259 τάξας,
645 1196 736 1247 ἵνα
778 1191 1048 1263 σῴζοιντο
1075 1193 1290 1262 μᾶλλον
1315 1197 1410 1247 καὶ
1433 1198 1712 1265 μάρτυρες
1739 1195 1879 1247 ὦσιν
1905 1193 2171 1267 ἀλλήλοις
2196 1204 2295 1268 τῆς
2322 1199 2523 1270 ἀρετῆς
2563 1209 2684 1255 loma

414 1282 509 1332 καὶ
545 1289 644 1352 τῆς
679 1283 904 1343 κακίας·
951 1283 1046 1332 καὶ
1093 1283 1189 1332 τὸν
1241 1279 1403 1347 λόχον
1441 1287 1640 1333 τοῦτον
1690 1283 1840 1351 ἱερὸν
1878 1283 2353 1348 ἐπονομασθέντα
2391 1302 2520 1353 κρα-

416 1374 587 1438 τῆσαι
612 1365 1089 1433 Λακεδαιμονίων
1116 1374 1186 1437 τῇ
1210 1363 1406 1435 <περὶ>
1430 1370 1695 1436 Λεῦκτρα
1721 1369 1886 1437 μάχῃ,
1920 1365 2257 1434 ξυμπάντων
2286 1371 2521 1432 ἐκείνοις

347 1456 378 1507 3
418 1456 710 1518 ἑπομένων
749 1459 860 1503 τῶν
880 1445 1149 1523 Ἑλλήνων
1169 1464 1179 1475 ·
1219 1454 1282 1503 τὸ
1313 1450 1371 1503 δὲ
1402 1450 1464 1523 δὴ
1492 1450 1823 1523 κεφάλαιον,
1860 1455 1955 1504 καὶ
1980 1451 2255 1515 πολλάκις
2282 1452 2520 1516 πολλοῖς

412 1541 773 1607 παρέπιπτε,
821 1539 958 1606 περί
994 1555 1054 1588 τε
1093 1539 1317 1608 εἰρήνης
1365 1539 1460 1589 καὶ
1498 1535 1781 1603 πολέμου,
1833 1538 1864 1588 ὃ
1902 1545 1995 1589 νῦν
2034 1541 2290 1606 τυγχάνει
2328 1535 2519 1610 ζητού-

409 1639 593 1688 μενον.
670 1628 781 1674 πᾶν
822 1621 880 1673 δὲ
919 1625 983 1673 τὸ
1023 1629 1282 1674 τοιοῦτον
1319 1627 1478 1690 γένος
1516 1624 1673 1690 παρὰ
1711 1628 1833 1685 τοῖς
1873 1621 2221 1695 φιλοσόφοις
2255 1623 2511 1676 καλεῖται
2551 1635 2597 1676 15

411 1709 545 1777 περὶ
582 1714 686 1758 τοῦ
721 1709 1125 1778 προσήκοντος,
1168 1707 1290 1759 οἶον
1330 1710 1381 1759 εἰ
1417 1713 1714 1779 γαμητέον,
1754 1710 1804 1759 εἰ
1843 1707 2224 1774 πολιτευτέον,
2266 1712 2316 1761 εἰ
2352 1711 2515 1778 βασι-

412 1790 535 1862 λεία
568 1797 843 1864 χρηστέον
891 1795 923 1864 ἢ
977 1791 1326 1863 δημοκρατίᾳ
1374 1795 1406 1864 ἢ
1459 1792 1598 1863 ἄλλῃ
1649 1796 1762 1845 τινὶ
1808 1797 2154 1846 καταστάσει
2193 1793 2516 1856 πολιτείας·

409 1881 467 1930 ἐν
508 1879 595 1940 οἶς
633 1881 757 1931 ἐστι
793 1881 887 1930 καὶ
924 1886 1108 1943 τοῦτο,
1148 1881 1277 1946 ἐμοὶ
1317 1877 1526 1944 δοκεῖν,
1568 1882 1620 1931 εἰ
1657 1878 2025 1950 πολεμητέον.
2102 1881 2164 1930 οὐ
2203 1881 2306 1949 γὰρ
2345 1883 2517 1946 μόνον
2534 1892 2661 1933 (511ss

408 1962 608 2026 ἁπλῶς
648 1966 704 2015 οἱ
744 1962 1063 2036 φιλόσοφοι
1101 1961 1331 2035 ζητοῦσι
1369 1967 1503 2033 περὶ
1539 1967 1771 2030 τούτων,
1812 1963 1953 2016 ἀλλὰ
1994 1967 2202 2036 πηνίκα
2239 1968 2334 2017 καὶ
2372 1967 2517 2035 πρὸς

407 2051 566 2112 τίνας
603 2052 698 2102 καὶ
734 2053 887 2113 τίνος
928 2051 1246 2118 συμβάντος
1283 2052 1315 2121 ἢ
1355 2053 1429 2122 μὴ
1474 2052 1790 2118 συμβάντος
1837 2054 2042 2102 ἕκαστα
2081 2053 2295 2102 τούτων
2334 2067 2508 2120 πρακ-
2547 2058 2595 2099 20

409 2139 551 2186 τέον.
617 2133 882 2207 διαφέρει
909 2134 967 2187 δὲ
995 2143 1283 2200 τοσοῦτον,
1324 2139 1414 2187 ὅτι
1454 2137 1515 2187 οἵ
1545 2152 1605 2204 γε
1644 2138 1878 2206 ῥήτορες
1916 2138 2015 2188 ἐπὶ
2051 2134 2228 2188 τῶνδε
2266 2138 2298 2206 ἢ
2339 2133 2514 2187 τῶνδε

413 2226 740 2285 σκοποῦσιν,
783 2222 905 2273 οἷον
945 2222 996 2272 εἰ
1037 2225 1314 2292 συμφέρει
1354 2219 1626 2288 πολεμεῖν
1658 2213 1996 2292 Ἀθηναίοις
2034 2224 2180 2291 πρὸς
2217 2219 2513 2272 Πελοπον-

410 2306 640 2374 νησίους
677 2307 708 2375 ἢ
737 2307 978 2376 βοηθεῖν
1016 2308 1394 2376 Κερκυραίοις
1432 2309 1578 2375 πρὸς
1603 2308 1956 2376 Κορινθίους
1993 2308 2024 2376 ἢ
2058 2304 2335 2374 Φιλίππῳ
2380 2321 2512 2371 συμ-

407 2398 660 2460 μαχῆσαι
711 2391 989 2462 Θηβαίοις
1046 2393 1146 2443 ἐπὶ
1197 2395 1432 2453 Φωκέας
1479 2393 1511 2462 ἢ
1556 2385 1902 2462 Ἀλεξάνδρῳ
1967 2390 2232 2463 διαβῆναι
2281 2394 2362 2453 εἰς
2413 2394 2511 2462 τὴν

340 2473 373 2522 4
405 2468 618 2526 Ἀσίαν.
705 2478 764 2527 ἐν
811 2478 914 2544 γὰρ
964 2479 1197 2538 ταύταις
1253 2479 1510 2538 άπάσαις
1556 2481 1682 2538 ταῖς
1733 2475 1967 2544 βουλαῖς
2017 2479 2112 2543 οὐχ
2160 2480 2360 2548 ἥκιστα
2412 2479 2505 2542 ἐμ·
2544 2485 2590 2526 25

407 2562 615 2612 πίπτει
661 2564 756 2613 καὶ
804 2565 867 2613 τὸ
907 2569 1194 2626 τοιοῦτον,
1246 2564 1298 2613 εἰ
1351 2560 1568 2613 δίκαιον
1607 2566 1728 2624 τοῖς
1764 2565 1838 2634 μὴ
1881 2561 2304 2634 προαδικήσασι
2342 2560 2509 2613 πολε-

404 2652 557 2714 μεῖν·
588 2649 639 2698 εἰ
661 2649 1002 2718 συμβέβηκεν
1025 2646 1269 2718 ἀδίκημα
1293 2649 1450 2718 παρὰ
1478 2650 1692 2699 τούτων
1720 2648 1807 2710 οἷς
1835 2646 2194 2700 διανοοῦνται
2221 2646 2507 2715 πολεμεῖν,

405 2730 644 2802 πηλίκον
693 2751 750 2784 τι
798 2740 963 2784 τοῦτο
1013 2729 1139 2801 <τὸ>
1189 2735 1550 2801 συμβεβηκός.
1643 2736 1699 2784 οἱ
1746 2732 2064 2805 φιλόσοφοι
2103 2733 2162 2785 δὲ
2202 2734 2508 2804 πόρρωθεν

404 2818 473 2867 τὰ
525 2821 829 2887 πράγματα
881 2821 1117 2889 ὁρῶσιν,
1167 2813 1266 2870 ἐπ’
1322 2821 1503 2871 αὐτῶν
1541 2816 1893 2883 ἐξετάζοντες
1941 2813 2101 2870 ὁποῖ’
2145 2821 2286 2869 ἄττα
2335 2820 2505 2874 ἐστίν,

405 2900 552 2953 πολὺ
591 2905 693 2974 γὰρ
733 2908 984 2974 κρεῖττον
1023 2907 1086 2956 τὸ
1125 2903 1542 2973 βεβουλεῦσθαι
1569 2907 1702 2974 περὶ
1727 2906 1995 2956 ἁπάντων
2022 2907 2081 2955 ἐκ
2107 2902 2373 2965 πλείονος
2410 2905 2504 2954 καὶ
2539 2911 2587 2952 30

405 2985 776 3055 διεγνωκότας
802 2988 1036 3042 ἐπειδάν
1063 2992 1163 3061 ἥκῃ
1194 2993 1349 3053 τινὸς
1368 2993 1702 3060 πράγματος
1725 2993 1937 3060 καιρός,
1967 2990 2169 3051 αὐτούς
2194 3006 2254 3040 τε
2281 2987 2504 3049 εἰδότας

549 3201 571 3242 1
605 3192 713 3244 οἷον
742 3215 794 3246 τε
824 3199 875 3243 Μ
1020 3195 1432 3258 συμβουλεύοντες
1463 3202 1509 3244 et
1537 3211 1643 3244 mox
1674 3201 2058 3256 νομοθετοῦντες
2089 3197 2267 3255 scripsi,
2297 3201 2502 3257 συμβου·
2682 3206 2684 3243 1

403 3263 631 3322 λεύοντας
662 3294 715 3302 -—
747 3274 1139 3328 νομοθετοῦντας
1170 3271 1298 3328 libri3
1329 3273 1457 3328 patet
1476 3270 1590 3315 baec
1610 3270 1750 3315 verba
1770 3274 1874 3328 post
1894 3270 2185 3327 parenthesin
2214 3268 2369 3313 iterari
2400 3267 2504 3322 quia

402 3339 628 3384 sententia
656 3342 919 3396 parenthesi
946 3342 1204 3400 interrupta
1236 3343 1544 3388 continuatur.
1722 3346 1746 3386 5
1777 3344 1858 3388 καὶ
1888 3343 1996 3401 περὶ
2026 3344 2161 3399 τιμῆς
2191 3341 2228 3384 Β
2257 3342 2340 3385 καὶ
2369 3342 2503 3395 τιμῆς

403 3407 444 3453 U
473 3411 609 3468 τιμῆς
640 3410 690 3453 Μ
834 3416 860 3456 6
889 3415 971 3460 καὶ
999 3414 1103 3458 add.
1135 3413 1269 3470 Emp.
1417 3417 1442 3458 8
1473 3414 1720 3470 πολεμίων
1747 3413 1864 3468 libri,
1898 3426 2015 3458 corr.
2046 3412 2180 3468 Emp.
2323 3412 2499 3455 πολιτι-

400 3482 487 3538 κῆς
515 3480 565 3524 Μ
738 3485 764 3526 9
794 3481 1125 3540 ἐπαμινώνδας
1153 3486 1192 3530 Β
1370 3488 1419 3529 11
1452 3481 1829 3542 ἐπονομάσαντα
1857 3484 1976 3537 libri,
2009 3494 2125 3528 corr.
2155 3480 2370 3526 Reiskius

405 3553 456 3593 12
487 3543 730 3612 Λεύκτραι
759 3553 800 3598 U
830 3547 1054 3615 Λεύκτρα
1085 3556 1190 3612 ΒΜ,
1221 3559 1334 3616 περὶ
1361 3556 1464 3602 add.
1497 3556 1631 3613 Emp.
1779 3559 1829 3600 14
1860 3553 2160 3614 παρέπιπτεν
2189 3552 2263 3608 Μ;
2294 3558 2501 3611 παραπῖ-

401 3636 525 3667 πτον
557 3621 738 3668 Geelius
768 3625 1066 3681 probabiliter
1205 3632 1256 3672 16
1286 3629 1510 3690 βασιλείᾳ
1541 3627 1768 3683 Reiskius,
1798 3628 1993 3686 βασιλεῖ
2018 3623 2123 3668 libri
2266 3624 2320 3666 20
2351 3622 2499 3667 τίνων

401 3688 685 3752 συμβάντων
713 3690 744 3750 ἢ
771 3690 833 3754 μὴ
873 3693 1161 3753 συμβάντων
1190 3698 1231 3743 U
1402 3695 1432 3752 ἢ
1459 3716 1524 3758 μη
1564 3695 1839 3758 συμβάντος
1877 3709 1964 3741 om.
1996 3695 2047 3739 M
2219 3695 2272 3737 28
2303 3687 2361 3739 τὸ
2394 3693 2497 3738 add·

399 3758 574 3816 Pflugk.
693 3766 747 3807 30
777 3759 873 3823 γὰρ
903 3776 988 3809 om.
1018 3764 1070 3809 M
1184 3767 1384 3820 πλίονος
1414 3767 1465 3812 Μ
