2684 4140
378 257 479 306 178
1035 245 1241 291 DIONIS
1269 243 1354 287 DE
1384 240 1788 286 PHILOSOPHIA

372 399 536 448 αὑτὸν
572 389 668 464 μὴ]
705 395 1034 461 κεκτημένον
1069 383 1166 458 <ἢ>
1191 380 1332 456 παρ’
1365 383 1535 435 ἄλλου
1562 384 2025 450 μισθωσάμενον,
2067 374 2190 432 ἀλλ’
2223 385 2281 434 έν
2308 385 2469 434 ἄστει

371 482 439 531 τὰ
478 475 663 529 πολλὰ
703 474 1065 544 διατρίβοντα
1105 473 1238 541 περὶ
1263 473 1361 540 τὴν
1398 469 1607 538 ἀγορὰν
1643 470 1737 519 καὶ
1773 471 1836 518 τὸ
1875 470 2182 535 γυμνάσιον
2206 469 2301 519 καὶ
2338 471 2471 538 περὶ

369 565 580 623 πότους
607 563 739 612 ὄντα
765 561 859 610 καὶ
883 559 1111 627 ἑταίρας
1135 558 1229 607 καὶ
1254 557 1353 626 τὴν
1379 556 1645 623 τοιαύτην
1673 554 1981 623 ῥᾳθυμίαν,
2022 556 2264 623 πότερον
2292 567 2470 623 προσ-

365 645 512 711 έξεις
551 646 636 707 οἷς
675 643 821 712 λέγει
856 640 1069 710 μᾶλλον
1104 643 1137 711 ἢ
1177 645 1299 702 τοῖς
1349 642 1765 708 πραττομένοις
1811 631 1918 689 ὑπ’
1978 639 2178 701 αὐτοῦς
2222 640 2318 689 καὶ
2366 641 2469 689 πό-

302 742 334 792 2
370 749 502 800 τερα
543 732 746 801 φήσεις
764 730 1006 799 γεωργὸν
1034 726 1181 779 εἶναι
1206 729 1302 777 τὸν
1330 726 1645 796 ἄνθρωπον
1669 726 1763 775 καὶ
1788 726 2022 794 ἐργάτην
2059 725 2090 795 ἢ
2133 730 2243 776 τῶν
2282 725 2464 794 ἀργῶν
2502 734 2526 773 5

366 819 459 868 καὶ
495 816 803 886 ρᾳθύμων,·
840 841 909 849 -
946 810 1135 885 Δῆλον
1175 815 1263 863 ὅτι
1300 818 1411 862 τῶν
1450 812 1650 880 ἀργῶν.
1690 838 1757 845 -
1805 811 1873 860 Δ.
1914 809 2071 861 Εἶεν·
2124 811 2175 861 εἰ
2215 808 2273 861 δὲ
2311 827 2469 880 κυνη-

367 906 528 970 γέτης
566 899 713 952 εἶναι
752 897 904 968 λέγοι
941 916 1028 961 τις
1064 900 1158 949 καὶ
1194 899 1291 948 τὸν
1310 890 1646 947 Ἱππόλυτον
1687 896 1855 946 αὑτὸν
1881 896 1913 966 ἢ
1942 893 2275 963 Μελέαγρον
2299 896 2468 963 ὑπερ-

368 984 594 1054 βάλλειν
632 992 700 1055 τῇ
738 1002 798 1036 τε
838 982 1068 1054 ἀνδρείᾳ
1106 984 1201 1034 καὶ
1238 989 1307 1052 τῇ
1336 979 1666 1053 φιλοπονίᾳ,
1706 978 1880 1051 μηδὲν
1910 978 1968 1032 δὲ
1999 982 2264 1051 φαίνοιτο
2293 981 2469 1049 πράτ-
2486 979 2680 1036 (3733111'

369 1090 481 1124 των
520 1074 745 1138 ὅμοιον,
794 1072 933 1141 μήτε
981 1071 1148 1131 κύνας
1185 1071 1517 1138 κεκτημένος
1554 1068 1694 1137 μήτε
1746 1063 1870 1117 λίνα
1921 1068 2063 1137 μήτε
2113 1066 2296 1116 ἵππον
2333 1066 2471 1135 μήτε
2673 1049 2677 1058 Δ

285 1169 288 1170 ’
371 1155 514 1220 ὅλως
551 1158 651 1208 ἐπὶ
686 1157 873 1227 θήραν
912 1153 1103 1219 ἐξιών,
1153 1150 1293 1204 ἀλλὰ
1332 1155 1470 1224 μήτε
1520 1154 1633 1204 ὑπὸ
1671 1150 1832 1223 ἡλίου
1873 1154 1937 1202 τὸ
1980 1157 2140 1217 σῶμα
2180 1152 2470 1201 έπικεκαυ-
2510 1158 2681 1218 10(6221ἴ

370 1247 539 1310 μένος
585 1243 723 1313 μήτε
761 1243 979 1309 ψύχους
1018 1240 1329 1305 ἀνέχεσθαι
1368 1236 1690 1303 δυνάμενος,
1732 1239 2256 1307 ἐσκιατραφημένος
2285 1233 2343 1286 δὲ
2380 1237 2474 1286 καὶ
2664 1239 2677 1296 ,ς

373 1326 596 1390 ἁπαλὸς
621 1329 716 1379 καὶ
738 1324 985 1393 μάλιστα
1014 1326 1215 1386 ἐοικὼς
1240 1328 1366 1386 ταῖς
1392 1321 1657 1391 γυναιξίν,
1698 1316 1832 1373 ἔσθ’
1869 1325 2028 1384 ὅπως
2064 1319 2381 1388 ὑπολάβοις
2406 1322 2473 1371 ἂν

373 1411 595 1484 τάληθῆ
639 1410 815 1480 λέγειν
853 1418 1051 1462 τοῦτον
1087 1412 1181 1461 καὶ
1219 1410 1525 1479 προσήκειν
1561 1426 1619 1459 τι
1658 1407 1807 1476 αὐτῷ
1845 1409 2184 1478 κυνηγεσίων
2198 1426 2217 1469 ,·
2256 1434 2323 1443 --
2363 1405 2476 1457 Οὐκ

307 1506 337 1557 3
376 1499 561 1565 ἔγωγε.
601 1525 673 1532 -
707 1498 774 1547 Δ.
804 1489 1055 1547 Ἄτοπον
1092 1496 1196 1564 γὰρ
1236 1496 1353 1544 ἀπὸ
1393 1500 1503 1545 τῶν
1544 1491 1721 1561 λόγων
1758 1490 1994 1559 μᾶλλον,
2050 1494 2144 1554 οὒς
2185 1490 2332 1560 λέγει
2369 1508 2472 1554 τις,

371 1584 403 1652 ἢ
445 1583 560 1632 ἀπὸ
599 1587 710 1632 τῶν
749 1582 923 1650 ἔργων
962 1577 1173 1630 εἰδέναι
1210 1580 1304 1630 καὶ
1339 1579 1753 1647 τεκμαίρεσθαι
1789 1580 1886 1629 τὸν
1925 1580 2161 1629 ἑκάστου
2199 1579 2340 1645 βίον.
2416 1579 2467 1628 εἰ
2508 1584 2551 1625 15

375 1665 437 1717 δέ
472 1684 560 1728 τις
604 1662 1007 1733 ἐπαγγέλλοιτο
1056 1659 1220 1730 (μὲν)
1269 1665 1347 1724 ὡς
1393 1664 1665 1732 μουσικὴν
1712 1664 1917 1731 ἄριστα
1969 1665 2347 1729 ἐπιστάμενος
2383 1664 2477 1713 καὶ

374 1753 507 1821 περὶ
544 1757 708 1801 τοῦτο
751 1749 1073 1820 διατρίβων,
1112 1751 1251 1819 μήτε
1294 1747 1352 1799 δὲ
1383 1749 1554 1799 αὐτοῦ
1578 1743 1978 1817 κιθαρίζοντος
2003 1746 2199 1817 μηδεὶς
2237 1750 2476 1799 πώποτε

374 1837 628 1899 ἀκούσαι,
668 1833 809 1885 ἀλλὰ
847 1833 988 1903 μηδὲ
1027 1835 1275 1904 κιθάραν
1313 1835 1345 1903 ἢ
1389 1831 1558 1903 λύραν
1593 1834 1788 1898 ἔχοντα
1817 1830 1964 1902 ὁρῴη
1993 1850 2097 1896 τις,
2135 1835 2273 1903 μήτε
2314 1831 2476 1900 λόγον
2668 1886 2674 1905 ³

374 1922 499 1972 τινὰ
553 1919 834 1984 διεξιόντα
885 1926 996 1971 τῶν
1044 1920 1185 1970 κατὰ
1233 1921 1505 1990 μουσικὴν
1557 1916 1683 1984 δίχα
1732 1934 1792 1986 γε
1852 1925 1951 1989 τῆς
2000 1916 2338 1986 ἐπαγγελίας
2384 1919 2478 1969 καὶ
2668 1916 2674 1966 ἴ

374 2013 477 2058 τοῦ
520 2007 881 2058 ἐπίστασθαι
932 2008 1169 2076 φάσκειν
1218 2011 1321 2056 τοῦ
1360 1998 1614 2075 Ὀρφέως
1664 2006 1893 2070 ἄμεινον
1943 2005 2036 2055 καὶ
2074 2011 2176 2055 τοῦ
2215 2003 2468 2074 Θαμύρα,
2507 2011 2554 2052 20

374 2090 581 2160 βλέποι
620 2084 672 2143 δ’
718 2094 885 2143 αὑτὸν
924 2090 1292 2162 ἀλεκτρυόνας
1318 2092 1349 2161 ἢ
1380 2092 1615 2160 ὄρτυγας
1642 2091 2045 2159 θεραπεύοντα
2072 2092 2166 2141 καὶ
2195 2094 2476 2160 τρέφοντα

375 2178 470 2226 καὶ
505 2177 647 2242 μετὰ
686 2183 798 2228 τῶν
837 2179 1110 2228 τοιούτων
1150 2177 1478 2246 ἀνθρώπων
1528 2178 1605 2237 ὡς
1643 2178 1705 2226 τὸ
1747 2173 1893 2226 πολὺ
1936 2173 2322 2245 διατρίβοντα,
2373 2177 2477 2225 πό-

378 2277 538 2330 τερον
577 2267 687 2313 τῶν
725 2268 1008 2328 μουσικῶν
1047 2268 1245 2313 τοῦτον
1285 2259 1380 2312 δεῖ
1418 2259 1841 2328 ὑπολαμβάνειν
1890 2262 1922 2331 ἢ
1973 2263 2187 2311 τούτων
2235 2266 2346 2310 τῶν
2385 2261 2477 2310 ἀν-

377 2348 666 2415 θρώπων,
715 2341 855 2413 μεθ’
903 2347 977 2398 ὧν
1016 2349 1138 2398 ἐστι
1174 2349 1268 2398 καὶ
1307 2347 1393 2408 οἷς
1430 2347 1605 2396 ταύτὰ
1645 2344 1969 2415 ἐπιτηδεύει
1982 2365 2001 2408 ,·
2050 2375 2116 2382 ——-
2164 2343 2352 2415 Δῆλον
2390 2347 2478 2395 ὅτι

308 2440 341 2489 4
378 2433 606 2482 τούτων.
652 2460 712 2465 —-
751 2433 820 2482 A.
854 2424 974 2482 Ἐὰν
1015 2430 1072 2482 δὲ
1113 2433 1462 2501 ἀστρονόμος
1502 2430 1649 2482 εἶναί
1685 2448 1772 2492 τις
1809 2432 2151 2501 ὑπισχνῆται
2174 2432 2269 2481 καὶ
2298 2434 2471 2500 σαφέ-
2509 2438 2556 2477 25

383 2530 558 2568 στατα
596 2518 957 2567 ἐπίστασθαι
994 2518 1096 2578 τὰς
1136 2515 1438 2586 περιόδους
1475 2518 1570 2567 καὶ
1607 2518 1846 2586 πορείας
1882 2518 1976 2567 καὶ
2002 2517 2070 2566 τὰ
2099 2517 2476 2585 ἀποστήματα
2496 2520 2673 2585 (3741311

381 2609 506 2664 πῶς
543 2604 734 2668 ἔχουσι
774 2604 919 2672 πρὸς
957 2599 1168 2671 ἄλληλα
1207 2599 1366 2669 ἡλίου
1405 2620 1464 2652 τε
1513 2604 1607 2652 καὶ
1657 2600 1890 2672 σελήνης
1926 2604 2020 2653 καὶ
2057 2608 2168 2652 τῶν
2206 2603 2479 2651 τοιούτων
2668 2614 2671 2618 ’

381 2689 603 2757 ἄστρων
640 2689 733 2738 καὶ
770 2688 838 2738 τὰ
880 2689 1111 2757 οὐράνια
1151 2688 1345 2756 πάθη,
1394 2685 1567 2757 μηδὲν
1609 2685 1667 2738 δὲ
1707 2693 1966 2738 τοιοῦτον
2002 2670 2040 2756 ᾗ
2089 2690 2480 2756 προῃρημένος

2667 1846 2675 1883 ,ῳ-
2669 1807 2673 1814 -
2671 1778 2675 1787 «,
2673 1758 2675 1763 ,
2668 1663 2676 1746 ,μμ-,-
2663 1456 2678 1649 §aramma-m
2664 1354 2668 1374 ’”
2668 1297 2677 1332 -τ-

530 2845 549 2883 1
581 2838 876 2898 κεκτημένου
906 2840 944 2883 Β
1078 2836 1107 2898 ἢ
1137 2839 1290 2884 addidi
1434 2833 1554 2886 ἀλλὰ
1589 2839 1718 2884 UBM
1865 2843 1889 2883 3
1921 2836 2102 2893 τόπους
2131 2839 2169 2882 Β
2314 2836 2482 2897 ἑτέρας
2648 2819 2671 3202 ¹

377 2941 621 2996 (superscr.
655 2942 720 2994 αῖ)
750 2938 786 2982 Ρ
924 2912 1126 2997 3τὲεῗτην
1155 2938 1191 2982 Ρ
1327 2943 1354 2982 4
1384 2935 1414 2997 ἢ
1445 2964 1497 2970 -
1533 2943 1556 2982 5
1589 2936 1754 2999 ἀργῶν
1780 2939 1828 2982 in
1857 2951 1967 2994 mrg.
1991 2939 2138 2996 suppl.
2162 2938 2197 2981 P
2341 2935 2482 2986 πότε·

382 3026 470 3068 ρον
490 3009 570 3054 UB
658 3015 681 3054 5
715 3005 880 3068 φήσεις
900 3005 929 3066 ἢ
949 3009 985 3054 Ρ
1075 3013 1098 3053 7
1130 3003 1281 3056 αὐτὸν
1300 3022 1388 3054 om.
1410 3009 1446 3054 P
1534 3004 1822 3070 ὑπερβάλλει
1852 3012 1909 3063 (ει
1940 3023 1995 3054 ex
2026 3014 2111 3064 ειν)
2131 3010 2166 3053 Ρ
2256 3013 2280 3054 8
2312 3005 2482 3074 ἀνδρίᾳ

381 3080 419 3125 U
450 3094 507 3125 m.
539 3094 609 3137 pr.
644 3080 732 3124 ΒΜ
848 3084 907 3139 τῇ
936 3084 1041 3125 ante
1071 3084 1167 3139 φιλ.
1199 3093 1284 3125 om.
1315 3080 1443 3125 UBH
1530 3084 1555 3124 9
1586 3081 1898 3126 scribendum:
1930 3079 2192 3139 (ἐκείνοις)
2224 3073 2397 3137 ὅμοιον

387 3156 435 3195 10
452 3150 569 3209 μήτε
585 3152 734 3208 Emp.‚
755 3151 870 3211 μηδὲ
886 3152 990 3197 libri
1083 3155 1131 3196 12
1154 3147 1215 3199 ἂν
1235 3148 1499 3211 ὑπολάβοις
1519 3152 1621 3205 (hoc
1641 3152 1754 3205 ord.)
1773 3151 1813 3196 U
1901 3156 1953 3196 13
1977 3146 2065 3199 οὐκ
2086 3148 2247 3211 ἔμοιγε
2269 3151 2401 3198 UBM

388 3226 438 3267 16
467 3220 812 3282 έπαγγέλλοιτό
843 3240 887 3270 τι
919 3219 985 3277 ὡς
1005 3223 1123 3268 UBP
1153 3225 1261 3277 (uno
1283 3227 1324 3278 λ)
1346 3223 1388 3266 H
1407 3219 1751 3282 ἐπαγγέλλοιτό
1785 3241 1855 3278 τις
1885 3219 1951 3278 ὥς
1971 3224 2020 3268 Μ
2040 3224 2129 3281 μὲν
2157 3238 2240 3279 pro
2270 3240 2313 3269 τι
2334 3223 2486 3279 posuit

382 3293 515 3350 Emp.
663 3297 712 3338 18
742 3293 863 3351 μήτε
895 3295 1043 3351 Emp.‚
1072 3294 1187 3353 μηδὲ
1216 3295 1320 3339 libri
1467 3298 1518 3339 19
1548 3292 1739 3349 ἐξιόντα
1770 3295 1886 3350 libri,
1918 3301 2099 3351 praeter
2130 3296 2179 3339 M
2323 3294 2372 3341 δὲ
2401 3307 2484 3349 pro
2658 3238 2670 3350 λ

383 3381 437 3423 γε
467 3364 503 3408 Ρ
617 3367 698 3410 καὶ
728 3378 814 3410 om.
846 3365 927 3409 PH
1044 3369 1097 3410 20
1129 3362 1382 3423 φάσκοντά
1415 3382 1466 3412 τε
1497 3370 1585 3413 τοῦ
1614 3366 1696 3411 ΡΗ
1836 3363 2100 3427 θαμύριδος
2130 3363 2261 3431 ᾅδειν
2291 3365 2372 3408 ΡΗ

386 3438 435 3478 21
470 3434 634 3494 βλέπει
664 3434 744 3478 ΡΗ
866 3438 946 3481 καὶ
977 3436 1221 3495 τρέφοντα
1253 3450 1338 3480 om.
1370 3436 1413 3481 U
1559 3437 1833 3497 στρέφοντα
1865 3438 1914 3481 Μ
2060 3441 2114 3481 24
2143 3441 2296 3483 ταῦτα
2326 3434 2483 3494 έπιτη·

389 3502 537 3552 δεύειν
566 3505 602 3548 Ρ
718 3509 771 3548 25
803 3522 872 3559 τις
902 3510 1007 3550 ante
1036 3501 1347 3567 ἀστρονόμος
1375 3513 1681 3564 transponunt
1711 3508 1792 3552 PH
1923 3503 2190 3567 ὑπόσχηται
2220 3507 2259 3551 U
2289 3502 2486 3564 ὑπέσχη-

389 3593 467 3622 ται
496 3577 534 3620 Β
563 3573 789 3634 ὓπέχηται
817 3576 867 3620 Μ
1011 3581 1064 3622 26
1095 3580 1272 3638 πορίας
1302 3578 1351 3621 Μ
1498 3583 1550 3623 27
1593 3576 1754 3638 ἔχουσι
1798 3593 1885 3625 om.
1916 3580 1963 3623 M
1995 3583 2212 3635 corrupta
2241 3578 2354 3621 haec
2384 3589 2483 3621 esse
2664 3596 2668 3654 ς

387 3647 496 3692 vidit
525 3646 662 3718 Wil3
758 3645 992 3694 τοιούτων
1020 3648 1138 3703 libri,
1169 3652 1352 3695 λοιπῶν
1380 3650 1514 3707 Emp.
1673 3655 1726 3695 28
1757 3644 1992 3698 τοιούτων
2022 3650 2070 3694 Μ
2214 3641 2243 3707 ᾖ
2272 3664 2482 3707 προῃρη-

388 3719 530 3775 μένος
559 3718 602 3762 Η
632 3719 661 3776 ᾑ
691 3715 986 3777 προειρηκὼς
1016 3719 1146 3763 UBM
1177 3712 1206 3777 ᾖ
1235 3723 1315 3766 καὶ
1346 3718 1644 3783 προειρηκὼς
1673 3721 1709 3767 Ρ
