2684 4140
357 237 461 292 242
1015 226 1220 274 DIONIS
1251 224 1336 272 DE
1365 223 1450 271 ΔΕ
1456 185 1791 269 GRITUDINE

356 377 740 447 προσήκοντος
777 374 1031 432 θάνατος
1066 365 1294 438 <λυπεῖ>
1330 358 1363 439 ἢ
1402 371 1570 431 νόσος
1607 370 1833 421 ἐκείνων
1869 372 2023 432 τινος
2059 361 2093 441 ἢ
2130 373 2224 424 καὶ
2260 371 2456 422 αὐτοῦ·

358 461 503 531 πρὸς
541 456 601 509 δὲ
628 459 854 518 τούτοις
880 453 1099 518 ἀδοξία,
1133 456 1436 524 χρημάτων
1475 452 1753 524 ἀποβολή,
1793 458 1856 505 τὸ
1883 458 1956 526 μη
1986 457 2228 526 περᾶναί
2252 473 2309 507 τι
2345 463 2457 508 τῶν

359 545 741 613 προκειμένων
776 531 993 611 ἢπαρά
1033 541 1097 590 τὸ
1138 537 1282 603 δέον,
1321 537 1575 605 ἀσχολία,
1614 538 1885 604 κίνδυνος,
1922 542 2093 611 μυρία
2134 536 2315 610 [ἀλλα]
2353 543 2457 593 ὅσα

363 627 657 694 συμβαίνει
693 626 834 678 κατὰ
860 627 958 679 τὸν
995 625 1138 692 βίον,
1176 626 1271 678 καὶ
1311 622 1507 690 σχεδὸν
1546 626 1750 695 ἀνάγκη
1792 627 2007 678 τούτων
2039 627 2130 677 ἀεί
2166 644 2224 677 τι
2261 630 2459 696 παρεῖ-
2485 639 2564 680 (245
2585 638 2639 679 Μ)

293 718 326 767 4
363 723 483 764 ναι·
521 712 586 761 τὸ
627 708 687 763 δὲ
725 708 1063 774 τελευταῖον,
1103 710 1171 761 ἂν
1197 711 1306 778 ἄρα
1333 711 1590 780 γίγνηται
1622 713 1840 779 χρόνος,
1881 712 1939 762 ἐν
1967 703 2013 779 ᾧ
2036 709 2211 781 μηδὲν
2238 712 2465 780 ἀπαντᾷ
2502 708 2650 789 5(4ῗῗ)]

363 792 650 859 δύσκολον,
690 792 831 847 ἀλλά
870 811 962 848 τοι
999 796 1063 846 τὸ
1103 792 1429 865 προσδοκᾶν
1462 795 1602 846 αὐτὰ
1641 797 1734 846 καὶ
1770 798 2094 863 γιγνώσκειν
2122 798 2199 857 ὡς
2227 794 2461 853 δυνατόν

362 883 485 932 ἐστι
514 880 809 951 συμβῆναι,
846 881 1187 948 καθάψεται
1223 887 1322 950 τῆς
1349 882 1572 950 γνώμης
1604 886 1716 931 τῶν
1755 882 1934 942 οὕτως
1974 879 2354 947 διακειμένων.

364 966 560 1019 οὔκουν
596 959 739 1021 καθ’
782 968 1016 1020 ἕκαστον
1055 966 1238 1017 αὐτῶν
1279 963 1373 1016 δεῖ
1402 966 1712 1017 ποιεῖσθαι
1757 968 1856 1036 τὴν
1897 968 2273 1035 παραμυθίαν
2311 965 2465 1039 (ἀνή-

363 1069 526 1104 νυτον
563 1052 666 1122 γὰρ
705 1054 769 1105 τὸ,
809 1057 1038 1122 πρᾶγμα
1076 1053 1171 1103 καὶ
1195 1049 1222 1079 *
1250 1049 1501 1121 λυπηρός
1526 1053 1680 1103 ἐστιν
1721 1053 1752 1102 ὁ
1789 1053 1950 1119 βίος),
1990 1049 2131 1103 ἀλλὰ
2171 1050 2315 1114 ὅλως
2352 1051 2465 1116 ἐξε-

365 1136 531 1189 λόντα
584 1144 684 1208 τῆς
730 1145 916 1209 ψυχῆς
963 1139 1027 1189 τὸ
1068 1138 1267 1199 πάθος
1302 1139 1397 1188 καὶ
1433 1144 1599 1189 τοῦτο
1636 1139 1900 1204 κρίναντα
1938 1139 2210 1204 βεβαίως,
2261 1141 2350 1190 ὅτι
2385 1141 2458 1209 μὴ
2500 1145 2547 1188 10

365 1222 642 1294 λυπητέον
691 1225 814 1276 ἐστὶ
861 1225 996 1294 περὶ
1042 1221 1283 1293 μηδενὸς
1332 1221 1411 1291 τῷ
1461 1229 1590 1274 νοῦν
1639 1224 1848 1288 ἔχοντι,
1895 1225 1959 1274 τὸ
2000 1221 2208 1274 λοιπὸν
2242 1221 2468 1275 ἐλευθε-

364 1304 604 1379 ριάζειν,
642 1310 737 1360 καὶ
773 1311 1004 1360 πάντων
1043 1306 1207 1360 ἄδεια
1247 1314 1359 1360 τῶν
1400 1306 1679 1378 δυσχερῶν
1718 1309 1896 1359 ἔσται.
1974 1306 2135 1360 οὐδὲν
2172 1311 2275 1379 γάρ
2315 1311 2469 1360 ἐστιν

368 1395 504 1445 αὐτὸ
545 1391 743 1456 δεινόν,
783 1391 925 1445 ἀλλὰ
963 1395 1076 1445 ὑπὸ
1117 1401 1215 1464 τῆς
1256 1391 1422 1463 δόξης
1459 1395 1555 1445 καὶ
1591 1401 1690 1464 τῆς
1729 1394 2036 1456 ἀσθενείας
2062 1401 2161 1464 τῆς
2197 1398 2472 1464 ἡμετέρας

300 1482 331 1532 5
371 1480 619 1547 γίγνεται
664 1486 938 1530 τοιοῦτον.
1015 1481 1071 1529 οἰ
1118 1485 1249 1546 γοῦν
1295 1477 1528 1542 πολλοί,
1579 1479 1676 1529 ἐὰν
1724 1480 1952 1549 γένηταί
1998 1497 2055 1530 τι
2101 1486 2213 1531 τῶν
2252 1477 2472 1547 νομιζο-

363 1568 545 1630 μένων
593 1565 854 1629 ἀτόπων,
910 1565 999 1615 ἀεὶ
1045 1566 1245 1614 τούτου
1302 1566 1742 1634 μνημονεύουσι,
1801 1562 2100 1634 δυσχεροῦς
2150 1565 2319 1635 οὔσης
2366 1572 2464 1633 τῆς
2502 1572 2550 1614 15

364 1651 612 1719 μνήμης,
665 1651 862 1715 ὅμοιον
917 1646 981 1718 δή
1032 1666 1089 1699 τι
1137 1651 1451 1713 πάσχοντες
1499 1653 1621 1710 τοῖς
1668 1647 1941 1710 παιδίοις.
2016 1650 2249 1717 καὶγὰρ
2289 1651 2471 1700 ἐκεῖνα

369 1741 471 1785 τοῦ
519 1735 699 1803 πυρὸς
749 1735 1027 1800 ἅψασθαι
1066 1734 1478 1802 προθυμεῖται,
1528 1735 1718 1784 καίτοι
1758 1732 1980 1803 σφόδρα
2020 1732 2321 1801 ἀλγοῦντα,
2370 1735 2472 1786 κᾶν

305 1823 337 1874 6
375 1820 544 1889 ἀφῇς,
584 1820 799 1886 ἅψεται
837 1815 1027 1869 πάλιν.
1094 1819 1287 1886 ὥσπερ
1329 1818 1424 1868 οὖν
1462 1822 1584 1880 τοῖς
1623 1820 1704 1879 εἰς
1741 1816 1990 1884 πόλεμον
2028 1816 2275 1881 ἐξιοῦσιν
2316 1817 2474 1870 οὐδέν

369 1906 524 1954 ἐστιν
564 1900 785 1973 ὄφελος,
825 1904 892 1954 ἂν
930 1905 1128 1970 γυμνοὶ
1166 1901 1553 1972 προελθόντες
1583 1904 1783 1954 ἔπειτα
1824 1906 2057 1954 ἕκαστον
2084 1909 2194 1954 τῶν
2235 1907 2474 1974 φερομέ-
2493 1914 2671 1956 (460R11

370 2007 479 2040 νων
528 1987 707 2056 βελῶν
757 1986 1023 2040 ἐκκλίνειν
1067 1986 1349 2040 ἐθέλωσιν
1399 1989 1483 2050 (οὐ
1531 1989 1636 2056 γὰρ
1686 1990 1770 2039 ἔνι
1810 1986 2207 2059 φυλάττεσθαι
2245 1990 2468 2052 πάντα),
2506 1998 2556 2038 20

374 2073 468 2126 δεῖ
511 2072 569 2125 δὲ
620 2075 887 2144 θώρακος
939 2081 1170 2143 στερεοῦ
1214 2076 1308 2125 καὶ
1362 2081 1460 2144 τῆς
1510 2071 1683 2143 ἄλλης
1731 2072 2087 2138 πανοπλίας,
2148 2075 2320 2137 ὥστε,
2375 2074 2476 2123 κᾶν

373 2162 592 2228 ἐμπέσῃ
632 2177 704 2223 τι,
743 2161 816 2229 μὴ
861 2157 1228 2223 διικνεῖσθαι,
1267 2162 1364 2210 τὸν
1395 2160 1563 2210 αὐτὸν
1590 2162 1804 2228 τρόπον
1830 2161 1924 2210 καὶ
1950 2163 2071 2220 τοῖς
2098 2161 2180 2219 εἰς
2217 2160 2314 2209 τὸν
2352 2159 2477 2224 βίον

377 2241 764 2312 προελθοῦσιν
817 2245 913 2309 οὐχ
963 2244 1083 2295 οἶόν
1134 2261 1194 2295 τε
1241 2241 1508 2296 ἐκκλίνειν
1559 2241 1685 2294 οὐδὲ
1739 2241 2134 2314 φυλάττεσθαι
2181 2245 2325 2294 ὥστε
2364 2244 2477 2293 ὑπὸ

375 2326 615 2398 μηδενὸς
664 2329 954 2380 παίεσθαι
1002 2336 1113 2380 τῶν
1163 2331 1223 2380 ἐκ
1259 2336 1358 2400 τῆς
1395 2331 1590 2399 τύχης,
1641 2330 1855 2398 μυρίων
1895 2322 1992 2399 ἐφ’
2036 2332 2270 2380 ἕκαστον
2311 2345 2478 2398 φερο-

376 2418 575 2480 μένων,
617 2412 757 2464 ἀλλά
787 2412 1043 2476 διανοίας
1071 2416 1297 2484 ἰσχυρᾶς
1328 2416 1539 2484 ἐστινὴ
1576 2416 1754 2483 χρεία,
1793 2412 2041 2480 μάλιστα
2079 2416 2180 2480 μὲν
2219 2415 2471 2482 ἀτρώτου
2510 2424 2558 2465 25

376 2501 469 2550 καὶ
517 2501 663 2568 πρὸς
699 2497 872 2569 μηδὲν
912 2502 1195 2570 εἰκούσης,
1241 2501 1292 2551 εἰ
1333 2497 1391 2550 δὲ
1429 2501 1534 2570 μή,
1586 2502 1660 2569 μή
1700 2516 1761 2567 γε
1799 2498 2012 2569 ῥᾳδίως
2048 2497 2189 2569 μηδὲ
2227 2501 2339 2549 ὑπὸ
2380 2504 2482 2548 τοῦ

379 2588 641 2650 τυχόντος
666 2589 1143 2655 τιτρωσκομένης·
1184 2587 1312 2637 ἐπεὶ
1350 2582 1625 2647 πολλάκις
1664 2586 1868 2655 ἀνάγκη
1897 2585 2227 2636 κεντεῖσθαι
2250 2586 2344 2635 καὶ
2379 2602 2478 2651 μυ-

528 2783 544 2822 1
581 2782 723 2825 λυπεῖ
751 2791 806 2822 ex
837 2778 1100 2823 coniectura
1131 2778 1306 2835 addidi,
1346 2792 1450 2823 nam
1491 2779 1741 2838 συμβαίνει
1781 2792 1873 2823 non
1905 2780 2058 2834 potest
2086 2779 2228 2822 totius
2260 2778 2483 2822 enuntiati

381 2849 689 2906 praedicatum
718 2849 876 2894 haberi
904 2853 1092 2907 propter
1121 2849 1469 2894 disiunctionem
1499 2845 1529 2907 ἢ
1559 2875 1614 2880 -
1644 2845 1674 2908 ἢ
1815 2846 2013 2895 ἐκείνων
2042 2849 2188 2901 UBM,
2221 2849 2415 2894 οἰκείων
2444 2848 2482 2891 Τ

381 2924 426 2965 et
454 2921 585 2978 vulgo
711 2923 735 2963 2
767 2915 1017 2979 ἀποβολῆς
1046 2920 1095 2964 Μ
1211 2923 1418 2980 περᾶναι
1446 2920 1595 2976 Emp.,
1626 2926 1850 2979 παρεῖναι
1881 2919 1984 2963 libri
2105 2913 2132 2978 ἡ
2163 2932 2244 2975 pro
2275 2935 2320 2964 τι
2350 2918 2398 2960 Μ

384 2995 407 3036 3
440 2987 465 3051 ἡ
497 2989 630 3052 παρὰ
663 2988 721 3039 τὸ
756 2991 864 3038 δέον
893 2991 989 3046 UB,
1022 3005 1109 3036 om.
1141 2991 1190 3034 M
1343 2988 1464 3037 ἄλλα
1495 2990 1677 3048 seclusi,
1711 2983 1803 3036 ὅσα
1835 2987 1956 3037 ἄλλα
1987 2990 2091 3042 (hoc
2124 2990 2233 3042 ord.)
2264 2989 2368 3038 Wil.

384 3055 476 3111 ὅσα
509 3065 760 3123 συμβαίνει
788 3063 867 3108 UB
898 3065 1150 3124 συμβαίνει
1181 3066 1284 3118 (om.
1319 3054 1430 3116 ὅσα)
1463 3063 1510 3108 Μ
1647 3067 1671 3107 5
1701 3063 1918 3121 γίγνηται
1949 3061 2138 3115 Selden.‚
2169 3056 2486 3119 γιγνώσκηται

382 3134 486 3179 libri
666 3137 691 3178 6
721 3151 798 3180 τοι
828 3148 914 3180 om.
946 3134 995 3178 M
1166 3131 1415 3193 γινώσκειν
1446 3135 1482 3178 Β
1625 3138 1647 3176 7
1678 3129 1960 3193 καθάψηται
1989 3131 2031 3176 U
2178 3123 2303 3177 οὕτω
2334 3132 2372 3174 Β

386 3208 410 3249 8
444 3199 618 3251 οὐκοῦν
647 3205 687 3249 U
802 3209 828 3249 9
857 3208 939 3252 καὶ
969 3198 1181 3265 λυπηρός
1208 3205 1338 3251 ἐστιν
1370 3200 1395 3251 ὃ
1427 3207 1538 3265 βίος
1569 3207 1781 3261 suspecta
1801 3204 2036 3260 Emperi03
2067 3203 2123 3246 de
2153 3197 2286 3248 ἔσται
2317 3200 2488 3256 cogitat

385 3274 433 3319 in
462 3275 666 3328 schedis,
704 3280 756 3319 ut
793 3276 906 3320 haec
946 3277 1251 3334 respondeant
1281 3277 1428 3322 verbis
1457 3278 1538 3322 καὶ
1568 3272 1766 3322 πάντων
1796 3300 1850 3306 -—
1882 3271 2016 3320 ἔσται
2045 3274 2074 3317 l.
2111 3275 2187 3328 123
2226 3274 2307 3318 καὶ
2336 3271 2489 3327 <πᾶς>

388 3346 509 3399 Wil.‚
542 3346 621 3390 sed
651 3346 751 3402 ipsa
781 3346 874 3391 vita
904 3360 928 3391 e
958 3348 1115 3392 Dionis
1147 3348 1357 3393 doctrina
1377 3347 1519 3392 tristis
1540 3360 1631 3391 non
1653 3352 1724 3392 est
1821 3349 1870 3390 12
1902 3341 2034 3391 ἔσται
2056 3358 2142 3389 om.
2164 3343 2214 3387 M
2296 3345 2345 3386 13
2368 3335 2485 3387 αὐτὸ

388 3416 437 3463 Μ
469 3410 617 3463 αὖτῶι
645 3417 683 3460 U
713 3411 836 3463 καθ’
868 3412 985 3464 αὓτὸ
1020 3419 1058 3463 Β
1089 3413 1207 3465 αὐτὸ
1237 3415 1358 3465 καθ’
1393 3414 1512 3465 αὐτὸ
1547 3417 1818 3463 Her-werden
1932 3411 2165 3468 οἷσθενίας
2194 3413 2245 3457 Μ
2337 3414 2387 3455 14
2415 3411 2486 3469 γί·

390 3504 520 3534 νεται
550 3488 588 3531 Β
731 3485 819 3534 ἐὰν
848 3487 1032 3544 Jacobs,
1062 3485 1154 3535 κᾶν
1182 3490 1287 3534 libri
1459 3493 1508 3533 15
1542 3491 1686 3535 τοῦτο
1721 3488 1800 3534 UB
1830 3490 2005 3533 τοῦτον
2035 3486 2098 3538 Μ,
2130 3482 2305 3530 τούτου
2336 3481 2374 3525 Τ

394 3562 445 3603 19
476 3558 834 3641 προσελθόντες
854 3559 895 3603 U
985 3562 1038 3602 20
1068 3557 1322 3606 ἐκκλείνειν
1343 3561 1392 3604 Μ
1480 3563 1534 3604 23
1564 3563 1645 3606 καὶ
1674 3573 1757 3617 pro
1787 3552 1894 3605 ου’-δὲ
1914 3559 1963 3602 Μ
2050 3559 2105 3600 25
2135 3550 2164 3613 ἢ
2193 3566 2275 3610 pro
2305 3572 2332 3610 η
2354 3551 2403 3594 Μ

393 3632 446 3675 26
475 3626 554 3688 μή,
582 3626 644 3688 μή
676 3645 731 3686 γε
760 3629 972 3674 Reiskius
1001 3626 1063 3687 μή
1097 3629 1259 3690 γε,μὴ
1292 3631 1397 3675 libri
1528 3635 1580 3674 27
1611 3629 1716 3677 ἐπεὶ
1744 3625 1995 3681 noni-dmg:
2025 3625 2197 3670 malim.
2235 3621 2339 3669 ἐπεὶ
2373 3617 2490 3679 (τήν

391 3717 446 3760 γε
476 3698 728 3759 τοιαύτην)
757 3699 1000 3755 πολλάκις,
1030 3701 1118 3745 nisi
1147 3705 1350 3757 praestat
1379 3693 1408 3760 ᾗ
1438 3702 1509 3748 vel
1539 3698 1618 3765 οίᾳ
1647 3714 1730 3758 pro
1760 3698 1863 3746 ἐπεὶ
1894 3698 2092 3743 scribere
