2684 4140
304 215 405 264 136
1100 201 1303 246 moms
1332 188 1559 244 NESSU'S

299 371 467 410 νεσεν.
518 356 748 419 ὕστερον
776 347 833 399 δὲ
859 351 891 414 η
911 348 1222 415 Δηιάνειρα
1247 347 1564 412 μεμνημένη
1593 348 1704 393 τῶν
1741 339 1917 408 λόγων
1944 348 2046 392 τοῦ
2062 342 2383 410 Κενταύρου

296 441 388 490 καὶ
425 439 537 502 ἅμα
575 441 677 484 τοῦ
692 426 1024 499 Ἡρακλέους
1063 425 1222 479 οὐδὲν
1249 429 1517 489 ἀνιέντος,
1558 424 1699 477 ἀλλὰ
1738 428 1830 477 καὶ
1854 429 2203 495 μακροτέραν
2242 427 2384 477 ἀπο-

299 522 502 591 δημίαν
546 515 1048 585 ἀποδημήσαντος,
1096 515 1194 583 τὴν
1233 510 1557 563 τελευταίαν
1596 514 1688 562 ὅτε
1726 509 1901 574 ἐξεῖλε
1950 513 2048 582 τὴν
2093 508 2382 576 Οἰχαλίαν,

293 607 385 656 καὶ
422 602 714 670 λεγομένου
756 598 818 669 δὴ
859 600 936 660 ὡς
961 599 1235 666 ἐρασθείη
1264 604 1363 667 τῆς
1392 590 1583 666 Ἰόλης,
1620 599 1937 666 ἡγησαμένη
1977 594 2200 663 βέλτιον
2239 594 2385 647 εἶναι

222 693 249 740 7
291 691 325 739 ἃ
363 685 676 756 παρῄνεσεν
715 684 1020 746 ἀνύεσθαι,
1060 683 1392 733 ἐπιτίθεται
1430 679 1579 748 αὐτῷ
1617 682 1738 744 καὶ,
1791 681 1912 732 οἷον
1953 679 2016 752 δὴ
2058 685 2275 752 πέφυκε
2313 683 2376 731 τὸ
2414 690 2439 730 5

290 779 399 823 τῶν
437 776 707 839 γυναικῶν
746 765 982 834 αἱμύλον
1026 769 1121 819 καὶ
1157 773 1504 836 πανοῦργον,
1553 766 1616 816 οὐ
1657 768 1933 836 πρότερον
1973 767 2139 837 ἀνῆκε
2177 767 2311 833 πρὶν
2349 756 2382 835 ἢ

291 859 518 908 ἔπεισεν
559 856 725 905 αὐτὸν
763 853 831 903 τὰ
870 855 972 919 μὲν
1011 853 1500 922 παραμυθουμένη
1552 852 1646 902 καὶ
1697 852 1994 921 φάσκουσα
2043 852 2254 902 ἐκείνου
2292 851 2384 921 κή-

292 940 500 992 δεσθαι
547 942 705 1001 ὅπως
750 940 824 1010 μὴ
874 939 1183 1008 κακοπαθῇ
1220 939 1424 1006 γυμνὸς
1462 942 1564 987 τοῦ
1594 941 1871 1002 χειμῶνος
1908 937 2002 987 καὶ
2039 942 2142 986 τοῦ
2176 936 2386 1005 θέρους
2410 918 2611 1004 {ffi'ss'm

291 1027 500 1092 ὁμοίως
536 1027 834 1090 ὑπομένων
872 1025 930 1074 ἐν
967 1022 1048 1091 τῷ
1087 1021 1322 1092 δέρματι
1359 1028 1462 1072 τοῦ
1499 1019 1740 1083 λέοντος,
1781 1022 1844 1071 τὸ
1882 1022 1984 1086 μὲν
2026 1018 2201 1090 δέρμα
2242 1022 2386 1071 ἀπο-

258 1111 542 1181 Δθέσθαι,
594 1106 795 1180 στολὴν
835 1106 894 1160 δὲ
934 1105 1235 1175 ἀναλαβεῖν
1275 1108 1476 1173 ὁμοίαν
1515 1111 1637 1168 τοῖς
1685 1104 1895 1168 ἀλλοις.
1980 1108 2074 1158 καὶ
2109 1113 2275 1157 τοῦτο
2317 1104 2379 1177 δη
2419 1113 2467 1155 10

228 1198 257 1248 8
296 1193 362 1265 ἥν
402 1197 433 1246 ὁ
472 1193 766 1263 λεγόμενος
802 1201 901 1265 τῆς
937 1195 1282 1264 Δηιανείρας
1315 1195 1506 1258 χιτών,
1547 1193 1609 1244 ὃν
1647 1190 1802 1242 ἐνέδυ
1843 1193 1873 1242 ὁ
1901 1185 2189 1263 Ἡρακλῆς.
2273 1193 2387 1258 ἅμα

258 1278 352 1348 ,δὲ
399 1287 468 1350 τῇ
518 1277 689 1349 στολῇ
735 1280 828 1330 καὶ
873 1280 971 1348 τὴν
1019 1276 1191 1348 ἀλλην
1243 1275 1467 1328 δίαιταν
1516 1279 1786 1347 ἐποίησεν
1827 1279 1994 1328 αὐτὸν
2032 1273 2388 1343 μεταβαλεῖν,

292 1366 393 1416 ἐπί
440 1382 499 1416 τε
548 1366 890 1434 στρωμάτων
937 1361 1291 1415 καθεύδοντα
1338 1364 1432 1414 καὶ
1478 1364 1552 1433 μὴ
1601 1359 1993 1432 θυραυλοῦντα
2057 1363 2125 1412 τὰ
2186 1358 2388 1424 πολλά,

295 1452 486 1519 ὥσπερ
539 1450 741 1500 εἰώθει
780 1451 1083 1518 πρότερον,
1135 1446 1276 1519 μηδὲ
1333 1449 1742 1518 αὐτουργοῦντα
1790 1446 1931 1518 μηδὲ
1983 1454 2169 1518 τροφῇ
2219 1447 2390 1515 ὁμοίᾳ

288 1537 589 1605 χρώμενον,
630 1531 769 1584 ἀλλὰ
813 1535 947 1600 σίτῳ
987 1551 1047 1584 τε
1077 1535 1512 1602 ἐκπεπονημένῳ
1541 1535 1634 1584 καὶ
1660 1535 1785 1602 όψῳ
1825 1536 1919 1585 καὶ
1958 1532 2089 1600 οἴνῳ
2129 1529 2263 1603 ήδεῖ
2289 1534 2383 1582 καὶ
2422 1539 2467 1580 15

294 1622 398 1671 ὅσα
439 1618 503 1690 δὴ
531 1621 754 1680 τούτοις
780 1620 1029 1684 ἑπόμενά
1057 1620 1227 1669 ἐστιν.
1291 1620 1351 1668 ἐκ
1379 1616 1437 1668 δὲ
1465 1625 1564 1688 τῆς
1588 1616 1904 1689 μεταβολῆς
1930 1620 2153 1688 ταύτης,
2195 1618 2388 1684 ὥσπερ

293 1701 357 1773 ἧν
398 1703 559 1769 οἶμαι
596 1705 912 1770 ἀναγκαῖον,
952 1705 1034 1764 εἰς
1073 1704 1380 1754 ἀσθένειαν
1417 1704 1511 1754 καὶ
1546 1701 1826 1768 μαλακίαν
1851 1704 2116 1768 ἐμπεσὼν
2143 1707 2245 1752 τοῦ
2284 1704 2390 1752 σώ-

293 1804 470 1853 ματος
506 1789 599 1838 καὶ
635 1790 984 1857 ἡγησάμενος
1007 1781 1203 1857 μηκέτ’
1247 1787 1393 1839 εἶναι
1431 1784 1632 1857 ῥᾴδιον
1672 1789 1967 1856 ἁψάμενον
1993 1794 2209 1858 τρυφῆς
2247 1788 2391 1836 ἀπο-

294 1873 518 1924 θέσθαι
557 1874 742 1942 αὐτήν,
784 1874 961 1934 οὕτως
1001 1871 1064 1943 δὴ
1106 1875 1413 1943 ἐνέπρησεν
1453 1874 1649 1936 αὐτόν,
1690 1875 1805 1939 ἅμα
1843 1875 1945 1939 μὲν
1981 1876 2235 1942 κρεῖττον
2275 1873 2390 1923 οἰό-

294 1974 460 2024 μενος
497 1955 868 2028 ἀπηλλάχθαι
906 1965 1009 2009 τοῦ
1052 1960 1312 2009 τοιούτου
1362 1959 1515 2025 βίου,
1567 1959 1681 2024 ἅμα
1734 1956 1792 2009 δὲ
1845 1957 2246 2027 δυσχεραίνων,
2297 1959 2385 2008 ότι
2423 1965 2470 2006 20

295 2047 554 2113 ἠνέσχετο
591 2051 806 2114 τρυφῆς
846 2044 1137 2110 ἅψασθαι.
1207 2045 1351 2110 ἔχεις
1391 2042 1454 2115 δὴ
1497 2046 1593 2095 τὸν
1621 2037 1764 2118 παρ’
1806 2046 1947 2109 ἐμοῦ
1971 2042 2150 2112 λόγον,
2191 2044 2393 2093 ὁποῖον

231 2131 261 2180 9
300 2129 405 2196 ἐγὼ
445 2126 726 2199 ἠδυνάμην
763 2130 906 2197 ὑπὲρ
945 2135 1047 2179 τοῦ
1079 2130 1270 2195 μύθου
1310 2131 1509 2180 εἰπεῖν.
1551 2159 1622 2166 -
1661 2130 1778 2181 Καὶ
1812 2129 1891 2197 μοὶ
1940 2131 2037 2180 τὸν
2074 2129 2189 2180 Δία
2231 2126 2394 2178 οὐδα-

295 2220 416 2281 μῶς
456 2212 670 2284 φαῦλος
710 2212 836 2265 οὐδὲ
877 2216 1171 2277 ἀπίθανος
1212 2213 1372 2267 δοκεῖ
1400 2232 1502 2282 μοι
1541 2215 1703 2267 εἷναι.
1787 2217 1882 2266 καὶ
1932 2216 2028 2265 οὐκ
2068 2212 2196 2265 οἶδα
2236 2216 2395 2275 ὅπως

299 2297 458 2351 δοκεῖ
485 2316 586 2365 μοι
623 2304 1019 2368 προσεοικέναι
1057 2303 1120 2351 τὸ
1149 2307 1259 2352 τῶν
1288 2298 1626 2372 φιλοσόφων
1654 2301 1818 2352 ἐνίων
1857 2301 1990 2369 περὶ
2026 2301 2157 2361 τούς
2198 2297 2395 2366 λόγους

299 2386 555 2453 ἁμῃγέπῃ
595 2383 671 2452 τῷ
711 2391 821 2435 τῶν
858 2383 1257 2454 κοροπλάθων.
1317 2388 1411 2437 καὶ
1447 2387 1550 2456 γὰρ
1589 2389 1794 2438 ἐκεῖνοι
1830 2388 2010 2436 τύπον
2048 2385 2174 2435 τινὰ
2213 2388 2386 2453 παρέ·
2425 2392 2472 2433 25

294 2486 513 2534 χοντες,
554 2471 753 2520 ὁποῖον
793 2471 859 2521 ἂν
899 2468 1079 2540 πηλὸν
1119 2472 1200 2532 εἰς
1238 2478 1436 2522 τοῦτον
1474 2469 1825 2539 ἐμβάλωσιν,
1874 2473 2070 2537 ὅμοιον
2109 2469 2188 2537 τῷ
2226 2471 2384 2536 τύπῳ
2409 2479 2606 2523 (312R11)

297 2556 360 2605 τὸ
401 2552 552 2616 εἶδος
588 2553 982 2606 ἀποτελοῦσιν·
1020 2557 1114 2607 καὶ
1139 2562 1249 2607 τῶν
1279 2554 1617 2627 φιλοσόφων
1643 2555 1747 2627 ἤδη
1776 2558 1925 2619 τινὲς
1949 2562 2203 2607 τοιοῦτοι
2239 2557 2392 2623 γεγό-

298 2654 476 2703 νασιν,
516 2641 658 2691 ὥστε
698 2642 898 2691 ὁποῖον
937 2641 1003 2692 ἂν
1040 2642 1229 2707 μῦθον
1266 2643 1298 2712 ἢ
1342 2640 1504 2710 λόγον
1533 2640 1783 2709 λάβωσιν
1809 2639 2061 2702 ἕλκοντες
2083 2642 2178 2691 καὶ
2215 2637 2392 2689 πλάτ-

299 2741 488 2786 τοντες
524 2726 663 2775 κατὰ
714 2728 811 2796 τὴν
862 2728 1043 2778 αὐτῶν
1095 2725 1352 2778 διάνοιαν
1403 2725 1694 2798 ὠφέλιμον
1742 2729 1836 2777 καὶ
1888 2724 2209 2797 φιλοσοφίᾳ
2258 2728 2393 2793 πρέ-

224 2813 282 2862 10
304 2825 484 2861 ποντα
523 2808 853 2874 ἀπέδειξαν·
903 2812 1023 2863 οἷον
1063 2810 1126 2884 δὴ
1166 2810 1414 2878 μάλιστα
1453 2814 1726 2878 ἀκούομεν
1763 2813 2063 2880 Σωκράτην
2099 2810 2385 2877 γενέσθαι.
2424 2819 2472 2859 30

299 2896 506 2957 ἐκεῖνος
551 2897 654 2966 γὰρ
694 2900 776 2958 εἰς
814 2899 1071 2959 ἅπαντας
1121 2895 1183 2968 δὴ
1228 2895 1424 2966 λόγους
1471 2900 1565 2949 καὶ
1613 2900 1806 2959 πάσας
1846 2895 2141 2966 διατριβὰς
2177 2897 2390 2958 καθίει,

442 3107 466 3146 5
498 3099 772 3162 παρῄνεσαν
802 3105 840 3148 Β
982 3099 1202 3152 ἀνίεσθαι
1234 3106 1313 3151 BU
1343 3121 1400 3153 m.
1430 3120 1499 3163 pr.
1674 3111 1696 3150 7
1730 3102 1789 3153 τὰ
1820 3106 1908 3163 μὲν
1937 3109 2019 3151 aut
2048 3106 2284 3150 delendum
2313 3107 2394 3149 aut

302 3170 469 3215 excidit
496 3171 664 3227 aliquid
693 3178 795 3229 post
824 3176 1233 3235 παραμυθουμένη
1261 3176 1501 3233 Reiskius3
1544 3177 1641 3222 scil.
1670 3174 1759 3236 (τὰ
1792 3178 1868 3234 ὁὲ>
1897 3180 1979 3224 καὶ
2151 3177 2338 3224 ἐκείνου
2365 3188 2393 3219 a

306 3254 420 3286 corr.
455 3241 493 3287 U
521 3242 646 3298 (quid
674 3257 731 3287 m.
762 3257 833 3300 pr.
863 3246 1063 3301 dubium)
1182 3252 1206 3293 8
1237 3253 1474 3305 exspecto:
1507 3252 1595 3295 τοῦ
1623 3248 1799 3309 θέρους
1828 3252 1910 3295 καὶ
1939 3251 2027 3296 τοῦ
2052 3251 2290 3307 χειμῶνος

310 3315 358 3355 12
389 3306 474 3370 τὴν
513 3311 688 3371 στολὴν
717 3314 765 3357 Μ
941 3321 991 3361 15
1035 3334 1087 3364 τε
1116 3321 1196 3364 καὶ
1226 3319 1268 3365 U
1306 3319 1403 3372 (sed
1431 3322 1512 3365 καὶ
1542 3320 1628 3365 del.
1658 3334 1717 3364 m.
1749 3324 1835 3376 pr.)
2012 3323 2060 3364 17
2103 3315 2236 3376 οἶμαι
2263 3310 2322 3377 ἦν
2351 3318 2392 3363 U

302 3381 405 3433 (hoc
434 3381 549 3436 ord.)
665 3386 716 3427 18
747 3381 999 3442 ἁψάμενος
1027 3387 1108 3433 UB
1230 3394 1278 3434 19
1311 3384 1462 3436 αὐτὸν
1494 3391 1582 3435 ΒΜ
1712 3391 1919 3450 κρείττω
1949 3386 2212 3450 γενόμενος
2242 3391 2279 3433 Β

306 3455 357 3495 23
388 3455 505 3510 δοκῇ
531 3468 614 3508 μοι
643 3454 726 3499 BU
755 3469 812 3501 m.
843 3470 910 3512 pr.
1071 3463 1125 3503 24
1155 3462 1484 3506 substantivum
1513 3462 1636 3507 velut
1665 3458 1831 3522 ἔργον,
1870 3456 2154 3519 ἐπιτήδευμα
2194 3459 2292 3505 sim.
2322 3471 2393 3503 re-

304 3522 493 3578 quiritur
522 3528 624 3579 post
653 3521 840 3582 λόγους.
872 3523 1094 3587 ἔντεχνον
1123 3530 1318 3576 addebat
1348 3533 1559 3579 Reiskius
1677 3539 1728 3578 25
1760 3528 1817 3579 τὸ
1849 3544 1933 3589 pro
1964 3534 2033 3591 τῷ
2061 3530 2142 3576 UB
2247 3545 2390 3587 κηρο-

304 3595 504 3638 πλαθῶν
523 3592 573 3636 Μ
689 3597 740 3637 27
772 3589 1059 3645 ἀποτελοῦσι
1080 3600 1123 3645 U
1211 3605 1263 3644 30
1286 3599 1510 3662 σωκράτη
1529 3604 1646 3658 libri,
1667 3617 1784 3649 corr.
1806 3602 2070 3660 apographa
2155 3604 2205 3645 31
2230 3601 2391 3647 καθίει

303 3662 504 3718 Lobeck‚
534 3659 698 3721 κατῄει
728 3665 831 3710 libri
