2684 4140
1024 306 1251 354 ORATIO
1279 305 1489 352 XXXVI.
2229 301 2295 348 15

215 464 317 510 τοῦ
348 459 613 525 μεγίστου
653 457 880 524 ἀγῶνος.
960 455 1165 505 στάντα
1206 451 1264 504 δὲ
1303 449 1523 522 ὑψηλὸν
1559 451 1654 501 καὶ
1688 455 1919 518 γαῦρον,
1953 451 2191 516 χαρέντα
2229 452 2298 516 τῇ

215 545 363 612 νίκῃ,
411 545 590 594 τόπον
627 558 686 593 τε
725 542 801 602 ὡς
839 537 1108 591 πλεῖστον
1144 535 1480 604 καταλαβεῖν
1525 537 1620 587 καὶ
1654 531 1911 601 μείζονος
1947 535 2135 602 χώρας
2174 529 2297 602 δεη-

213 628 390 698 θῆναι
425 629 552 678 τότε
588 627 700 677 ὑπὸ
738 627 930 696 ῥώμης
964 625 1058 676 καὶ
1091 627 1308 690 μένους.
1381 621 1521 673 κατὰ
1559 628 1724 672 τοῦτο
1765 618 1828 690 δὴ
1867 621 2156 687 γενόμενοι
2192 622 2294 668 τοῦ
2312 623 2384 674 54

216 709 379 779 λόγου
419 709 814 762 δυσωποῦνται
851 713 949 780 τὴν
977 703 1145 779 αὐτὴν
1171 703 1541 774 ἐπονομάζειν
1579 712 1679 756 τοῦ
1717 699 1859 773 ζῴου
1900 706 2087 774 φύσιν.
2152 701 2300 755 εἶναι

158 803 184 844 5
217 797 320 864 γὰρ
371 787 540 846 αὐτὸν
588 793 693 865 ἤδη
745 792 1004 864 τηνικάδε
1051 791 1250 854 ἁπλῶς
1297 794 1396 863 τὴν
1443 797 1546 842 τοῦ
1595 792 1821 861 ἡνιόχου
1869 789 1964 840 καὶ
2014 781 2298 839 δεσπότου

214 881 413 950 ψυχήν,
452 875 664 946 μᾶλλον
693 877 751 930 δὲ
779 880 913 929 αὐτὸ
941 879 1003 928 τὸ
1035 883 1277 948 φρονοῦν
1302 877 1395 927 καὶ
1419 878 1483 926 τὸ
1508 877 1814 945 ἡγούμενον
1852 874 2037 944 αὐτῆς.
2102 867 2300 942 [οὕτως

215 963 278 1036 δὴ
321 962 550 1032 λέγομεν
585 965 680 1016 καὶ
713 967 876 1035 ήμεῖς
911 968 1184 1029 τιμῶντες
1228 962 1324 1013 καὶ
1369 961 1664 1027 σεβόμενοι
1701 961 1799 1010 τὸν
1847 962 2112 1026 μέγιστον
2157 957 2298 1008 θεὸν

213 1051 397 1119 ἔργοις
434 1067 493 1100 τε
532 1049 776 1117 ἀγαθοῖς
799 1049 894 1105 καὶ
929 1049 1174 1118 ῥήμασιν
1212 1039 1523 1115 εὐφήμοις]
1587 1042 1851 1114 λειφθεὶς
1886 1044 1990 1112 γὰρ
2020 1040 2084 1113 δὴ
2124 1045 2298 1108 μόνος
2319 1050 2387 1101 55

215 1135 246 1185 ὁ
281 1140 410 1196 νοῦς
444 1135 539 1185 καὶ
574 1136 753 1185 τόπον
784 1134 1066 1203 ἀμήχανον
1089 1128 1386 1200 ἐμπλήσας
1415 1130 1588 1180 αὐτοῦ
1611 1121 1704 1179 ἅτ’
1735 1121 1833 1178 ἐπ’
1878 1127 2005 1198 ἴσης
2042 1133 2300 1197 πανταχῇ

131 1222 182 1270 10
207 1222 524 1286 κεχυμένος,
551 1215 774 1279 οὐδενὸς
799 1219 858 1267 ἐν
884 1214 1034 1282 αὐτιιῖ
1061 1220 1283 1265 πυκνοῦ
1297 1211 1652 1284 λειφθέντος,
1684 1210 1825 1263 ἀλλὰ
1853 1215 2044 1282 πάσης
2069 1213 2300 1278 ἐπικρα-

212 1306 417 1374 τούσης
439 1305 768 1372 μανότητος,
805 1304 897 1352 ὅτε
921 1296 1220 1360 κάλλιστος
1244 1299 1506 1366 γίγνεται,
1545 1300 1644 1368 τὴν
1669 1299 2086 1366 καθαρωτάτην
2115 1294 2301 1363 λαβὼν

214 1390 381 1460 αὐγῆς
419 1388 695 1457 ἀκηράτου
735 1387 923 1455 φύσιν,
963 1384 1136 1445 εὐθὺς
1173 1384 1435 1453 ἐπόθησε
1472 1384 1570 1434 τὸν
1607 1379 1669 1446 ἐξ
1705 1384 1877 1454 ἀρχῆς
1913 1383 2054 1450 βίον.
2119 1382 2301 1450 ἔρωτα

213 1471 276 1543 δὴ
319 1470 502 1539 λαβὼν
540 1478 638 1541 τῆς
674 1471 1015 1541 ἡνιοχήσεως
1051 1470 1264 1539 ἐκείνης
1299 1470 1393 1520 καὶ
1430 1469 1601 1539 ἀρχῆς
1647 1470 1743 1519 καὶ
1789 1469 2058 1534 ὁμονοίας
2106 1474 2205 1537 τῆς
2242 1484 2302 1517 τε

211 1562 321 1607 τῶν
358 1561 528 1625 τριῶν
569 1557 793 1626 φύσεων
830 1556 924 1606 καὶ
959 1552 1118 1622 ήλίου
1155 1555 1251 1606 καὶ
1290 1551 1522 1624 σελήνης
1556 1555 1652 1605 καὶ
1687 1559 1799 1605 τῶν
1837 1551 2022 1605 ἄλλων
2060 1554 2300 1622 ἄστρων,

131 1647 178 1689 15
215 1642 481 1692 ἁπάντων
518 1657 578 1692 τε
616 1637 813 1702 ἁπλῶς
852 1636 1007 1708 ζῴων
1042 1641 1136 1691 καὶ
1175 1645 1392 1710 φυτῶν,
1445 1640 1701 1709 ὥρμησεν
1739 1640 1838 1690 ἐπὶ
1881 1641 1944 1690 τὸ
1983 1644 2172 1706 γεννᾶν
2208 1639 2302 1689 καὶ

37 1734 113 1776 <453
135 1733 187 1775 M)
212 1724 494 1792 διανέμειν
532 1728 737 1777 ἕκαστα
783 1727 877 1776 καὶ
925 1722 1282 1795 δημιουργεῖν
1332 1726 1429 1775 τὸν
1482 1726 1616 1775 ὄντα
1655 1729 1749 1775 νῦν
1785 1726 1995 1790 κόσμον
2034 1721 2095 1786 ἐξ
2132 1724 2304 1793 ἀρχῆς

211 1808 356 1861 πολὺ
392 1811 626 1880 κρείττω
662 1811 756 1860 καὶ
793 1807 1182 1879 λαμπρότερον
1221 1811 1318 1860 ἅτε
1355 1811 1639 1879 νεώτερον.
1726 1810 2029 1878 ἀστράψας
2068 1807 2127 1859 δὲ
2167 1806 2297 1871 ὅλος
2320 1814 2388 1864 56

213 1896 308 1946 οὐκ
345 1897 584 1945 ἄτακτον
624 1892 749 1945 οὐδὲ
788 1895 1047 1964 ῥυπαρὰν
1085 1895 1400 1964 ἀστραπήν,
1441 1895 1566 1945 οἵαν
1600 1898 1887 1964 χειμέριος
1915 1892 2301 1960 ἐλαυνομένων

211 1981 530 2049 βιαιότερον
569 1977 841 2041 πολλάκις
878 1986 988 2030 τῶν
1026 1985 1212 2050 νεφῶν
1253 1977 1464 2049 διῇξεν,
1515 1977 1656 2030 ἀλλά
1693 1980 1955 2049 καθαρὰν
1991 1981 2086 2030 καὶ
2129 1981 2299 2050 ἀμιγῆ

130 2069 179 2111 20
214 2067 428 2126 παντὸς
468 2071 776 2128 σκοτεινοῦ,
823 2062 1093 2131 μετέβαλε
1130 2063 1343 2134 ῥᾳδίως
1380 2066 1495 2130 ἅμα
1533 2071 1602 2134 τῇ
1639 2066 1847 2134 νοήσει.
1920 2065 2199 2135 μνησθεὶς
2242 2063 2301 2116 δὲ

206 2141 547 2220 Ἀφροδίτης
592 2151 685 2200 καὶ
720 2154 988 2217 γενέσεως
1023 2150 1266 2218 ἐπράϋνε
1303 2150 1397 2200 καὶ
1434 2150 1629 2220 ἀνῆκεν
1669 2151 1852 2213 αὐτόν,
1889 2152 1983 2201 καὶ
2020 2147 2166 2200 πολὺ
2204 2157 2307 2201 τοῦ

213 2236 403 2304 φωτὸς
440 2235 770 2301 ἀποσβέσας
797 2236 878 2296 εἰς
905 2236 1042 2303 ἀέρα
1070 2232 1301 2304 πυρώδη
1331 2239 1600 2304 τρέπεται
1627 2237 1807 2304 πυρὸς
1832 2236 2032 2305 ἠπίου.
2073 2236 2302 2301 μιχθεὶς

23 2328 61 2364 Ὃ
81 2327 115 2363 R
139 2326 189 2370 ΙΙ)
215 2317 273 2370 δὲ
300 2321 426 2370 τότε
439 2312 587 2387 “qu
612 2321 705 2370 καὶ
729 2317 1060 2386 μεταλαβὼν
1085 2326 1188 2370 τοῦ
1210 2318 1565 2372 τελειοτάτου
1595 2318 1802 2386 λέχους,
1830 2322 2302 2387 ἀναπαυσάμενος

209 2405 417 2474 ἀφίησι
454 2406 552 2474 τὴν
592 2410 784 2455 πᾶσαν
825 2405 897 2455 αὖ
931 2411 1029 2455 τοῦ
1069 2407 1285 2467 παντὸς
1322 2407 1502 2475 γονήν.
1578 2413 1778 2457 τοῦτον
1814 2408 2053 2473 ὑμνοῦσι
2098 2404 2302 2467 παῖδες

130 2498 176 2538 25
216 2495 410 2559 σοφῶν
464 2491 523 2541 ἐν
579 2491 849 2560 ἀρρήτοις
897 2488 1149 2552 τελεταῖς
1183 2485 1366 2560 (Ἠρας
1412 2493 1506 2543 καὶ
1552 2493 1696 2554 Διὸς
1745 2490 2048 2557 εὐδαίμονα
2106 2494 2301 2558 γάμον.

206 2574 375 2643 ὑγρὰν
414 2571 474 2625 δὲ
513 2576 761 2644 ποιήσας
797 2577 895 2645 τὴν
933 2573 1065 2646 ὅλην
1105 2576 1317 2640 οὐσίαν,
1358 2577 1415 2627 ἓν
1455 2580 1680 2646 σπέρμα
1719 2584 1821 2628 τοῦ
1858 2579 2088 2641 παντός,
2129 2578 2295 2638 αὐτὸς
2319 2580 2385 2630 57

208 2661 266 2709 ἐν
306 2661 484 2727 τούτῳ
526 2657 806 2724 διαθέων,
849 2661 1118 2731 καθάπερ
1158 2663 1216 2712 ἐν
1254 2668 1389 2731 γονῇ
1428 2668 1646 2728 πνεῦμα
1685 2665 1749 2713 τὸ
1790 2660 2039 2714 πλάττον
2076 2664 2170 2713 καὶ
2209 2659 2301 2732 δη-

208 2750 536 2813 μιουργοῦν,
582 2747 708 2796 τότε
756 2743 820 2816 δή
859 2743 1107 2812 μάλιστα
1148 2748 1500 2817 προσεοικὼς
1539 2754 1607 2817 τῇ
1645 2754 1756 2799 τῶν
1794 2746 1978 2800 ἄλλων
2033 2750 2302 2798 συστάσει

210 2825 392 2895 ζῴων,
438 2823 581 2879 καθ’
624 2831 756 2881 ὅσον
806 2831 866 2881 ἐκ
903 2837 1086 2901 ψυχῆς
1133 2833 1228 2882 καὶ
1280 2833 1542 2898 σώματος
1592 2835 1925 2884 συνεστάναι
1976 2824 2183 2899 λέγοιτ’
2235 2833 2301 2882 ἂν

130 2920 177 2960 30
215 2914 310 2963 οὐκ
347 2915 464 2964 ἄπο
502 2917 734 2983 τρόπου,
773 2916 841 2965 τὰ
881 2913 1056 2967 λοιπὰ
1094 2914 1198 2986 ἤδη
1238 2914 1452 2986 ῥᾳδίως
1489 2914 1728 2969 πλάττει
1763 2919 1857 2969 καὶ
1894 2921 2092 2981 τυποῖ,
2146 2914 2299 2967 λείαν

209 3000 302 3048 καὶ
338 2997 588 3069 μαλακὴν
627 2999 778 3068 αὐτῷ
815 3005 1079 3071 περιχέας
1117 3003 1215 3071 τὴν
1257 3003 1453 3052 οὐσίαν
1490 3004 1584 3052 καὶ
1623 3009 1814 3053 πᾶσαν
1840 3001 2099 3053 εἴκουσαν
2138 3003 2300 3053 εὐπε-

211 3089 335 3143 τῶς.
409 3085 786 3152 ἐργασάμενος
825 3084 884 3136 δὲ
921 3088 1014 3136 καὶ
1052 3084 1330 3147 τελεώσας
1368 3084 1663 3149 ἀπέδειξεν
1701 3084 1762 3149 ἐξ
1808 3088 1978 3157 ἀρχῆς
2027 3089 2123 3138 τὸν
2163 3089 2293 3138 ὄντα
2316 3088 2384 3140 58

356 3277 384 3317 4
415 3268 575 3320 αὐτῶν
603 3275 667 3328 Μ,
694 3274 813 3319 idem
843 3282 1095 3320 correctum
1124 3289 1182 3321 ex
1213 3272 1360 3336 αυτὴν
1389 3277 1428 3322 Τ
1573 3279 1794 3325 fortasse:
1824 3278 2142 3338 ἐπονομάζειν
2173 3276 2306 3344 αυτῷ

215 3339 344 3402 ζῴου
372 3341 513 3400 φύσιν
627 3348 652 3388 6
686 3337 839 3400 ου’τως
865 3371 922 3379 -
953 3350 976 3391 8
1008 3341 1236 3406 εὐφήμοις
1265 3348 1493 3395 damnavit
1520 3350 1717 3396 casaub.
1835 3355 1858 3396 8
1890 3348 1943 3410 δὴ
1975 3365 2062 3398 οιιι.
2098 3353 2216 3398 UBT

215 3416 239 3455 9
272 3407 418 3460 αυτοῦ
447 3405 528 3460 οἵτ’
558 3408 639 3461 ἐπ’
669 3411 770 3474 ἴσης
798 3416 908 3462 Wil.
936 3411 1102 3470 (αυτοῦ
1128 3412 1181 3477 γ’
1219 3417 1397 3474 ἐπισως
1432 3421 1745 3479 scripseram),
1785 3417 1934 3471 αυτοῦ
1972 3439 2026 3483 γε
2065 3425 2224 3478 πίθως
2253 3424 2303 3467 Μ

215 3476 360 3530 αυτοῦ
389 3501 419 3542 γ
472 3479 632 3531 ε”πειθ
663 3481 727 3539 ὡς
757 3487 796 3530 Β
826 3480 972 3534 αυτοῦ
1002 3479 1088 3535 α’τε
1117 3506 1171 3548 γε
1205 3492 1349 3545 πίθος
1374 3491 1454 3537 UT
1573 3497 1620 3538 11
1653 3492 1944 3554 μανιότητος
1973 3495 2023 3539 Μ
2145 3492 2304 3543 κάλλι-

213 3569 332 3600 στον
359 3554 440 3599 UT
559 3559 610 3600 12
642 3550 785 3615 αυγῆς
812 3557 964 3614 Emp„
995 3553 1141 3614 αὐτὸς
1168 3560 1273 3605 libri
1389 3566 1440 3607 13
1472 3562 1641 3623 δηλαδη
1672 3561 1838 3625 λαβὼν
1869 3566 1905 3609 Β
2007 3561 2094 3624 τήν
2123 3582 2176 3613 τε
2207 3569 2306 3612 τῶν

211 3624 329 3677 libri,
360 3638 477 3670 corr.
509 3625 690 3671 Geelius
809 3632 858 3673 17
894 3620 1008 3683 ὅλος
1036 3631 1213 3687 scripsi,
1246 3623 1367 3679 ὅλον
1392 3633 1497 3678 libri
1585 3639 1637 3680 18
1670 3633 1780 3682 οιάν
1804 3636 2049 3696 χειμερίος
2081 3636 2171 3681 ΒΜ
2200 3632 2307 3682 οιάν

213 3698 474 3755 χειμερίοις
503 3696 596 3749 UT,
629 3693 708 3743 οιά
738 3697 790 3744 ἐν
818 3702 1075 3760 χειμερίοις
1105 3702 1297 3747 Casaub.
1387 3707 1439 3750 21
1473 3699 1623 3752 αὐτὸν
1652 3706 1732 3752 UT
1822 3710 1876 3752 24
1918 3701 2068 3754 αὐτοῦ
2097 3707 2218 3752 UBT

216 3763 398 3821 παντὸς
428 3780 514 3813 οιιι.
544 3769 754 3812 lacunam
785 3769 1038 3825 significans
1069 3771 1107 3815 T
1197 3776 1250 3817 30
1281 3769 1379 3821 α’πὸ
1412 3775 1462 3819 Μ
1562 3778 1670 3823 λίαν
1699 3778 1740 3823 U
1837 3782 1890 3823 32
1920 3777 2154 3833 ἐπέδειξεν
2183 3777 2304 3822 UBT
