2684 4140
1074 252 1301 300 oRAno
1332 255 1476 300 xxx.
2133 316 2144 321 ⁴
2221 256 2322 304 301

0 383 6 502 1
237 397 346 465 μὴν
373 393 561 467 ἀληθῆ
599 413 658 464 γε
700 395 826 448 οὐδὲ
855 401 1147 467 πρέποντα
1175 399 1353 460 θεοῖς.
1417 401 1604 467 ἕτερος
1642 398 1700 451 δὲ
1738 398 1974 466 βελτίων
2003 402 2124 452 ἐστὶ
2160 399 2322 452 τοῦδε

0 503 5 510 ss
239 477 428 547 λόγος,
469 481 532 532 δν
571 479 716 532 πολὺ
765 483 832 532 ἂν
882 482 1106 549 εἴποιμι
1150 484 1597 552 προθυμότερον.
1671 486 1881 554 ἥκουσα
1923 482 1982 535 δὲ
2024 485 2190 535 αὐτὸν
2228 485 2320 535 ἀν-

236 565 482 632 θρώπου
519 572 768 635 γεωργοῦ
802 569 860 618 ἑν
909 568 1147 636 ἀγροίκῳ
1197 569 1308 619 τινὶ
1356 567 1560 637 ῥυθμῷ
1608 570 1702 620 καὶ
1736 566 1919 634 μέλει·
1968 566 2112 639 πλὴν
2150 574 2314 619 τοῦτο

235 650 336 714 μὲν
374 648 514 710 ἴσως
554 647 712 700 οὐδὲν
750 654 895 718 ἡμᾶς
934 649 1028 702 δεῖ
1055 653 1392 718 μιμεῖσθαι,
1433 654 1530 722 τὴν
1570 650 1629 703 δὲ
1670 650 1924 704 διάνοιαν
1964 653 2132 723 αὐτὴν
2170 654 2314 703 ἀπο·-

175 743 199 782 5
233 734 561 803 μνησθῆναι
599 737 1014 802 πειρασόμεθα.
1186 734 1337 804 ἔλεγε
1375 734 1434 787 δὲ
1461 738 1645 802 ὑμνῶν
1682 740 1778 788 τόν
1815 755 1875 788 τε
1900 737 2014 788 Δία
2051 739 2145 788 καὶ
2181 739 2311 799 τούς
2335 748 2404 800 26

11 810 438 884 [(ῶδΒωᾶλλους
474 819 649 879 θεοὺς
687 821 764 880 ὡς
802 821 1017 886 ἀγαθοί
1052 838 1111 871 τε
1150 820 1261 872 εἷεν
1297 823 1390 872 καὶ
1428 819 1650 891 φιλοῖεν
1688 826 1850 891 ἡμᾶς,
1890 824 1987 873 ἅτε
2026 821 2089 893 δὴ
2132 820 2314 890 ξυγγε-

234 905 349 962 νεῖς
375 903 539 963 ὄντας
567 904 764 954 αὐτῶν.
839 906 955 954 ἀπὸ
983 906 1085 974 γὰρ
1114 911 1224 956 τῶν
1250 906 1404 957 θεῶν
1432 908 1540 976 ἔφη
1569 908 1631 956 τὸ
1659 913 1769 957 τῶν
1809 908 2133 975 ἀνθρώπων
2171 908 2318 960 εἶναι

234 990 420 1052 γένος,
472 989 567 1038 οὐκ
617 990 732 1039 ἀπὸ
788 992 1040 1041 Τιτάνων
1091 984 1213 1040 οὐδ>
1257 992 1372 1041 ἀπὸ
1417 994 1719 1058 Γιγάντων.
1794 995 1884 1043 ὅτε
1933 993 2035 1061 γὰρ
2074 994 2142 1043 τὰ
2184 996 2317 1059 σύμ-

67 1080 213 1123 (3051)
236 1086 421 1121 παντα
471 1073 660 1137 ἔσχον,
714 1075 905 1142 ὥσπερ
958 1076 1227 1126 ἀποικίαν
1265 1076 1390 1126 τινὰ
1442 1077 1623 1126 αὐτῶν
1660 1077 1718 1126 ἐν
1757 1083 1825 1144 τῇ
1862 1084 1929 1145 γῇ
1967 1079 2138 1146 ἐρήμῃ
2179 1079 2314 1147 οὔσῃ

151 1162 202 1204 10
234 1159 555 1208 κατοικίσαι
595 1160 727 1219 τούς
764 1159 1110 1226 ἀνθρώπους
1147 1152 1245 1228 ἐφ’
1287 1161 1486 1228 ἥττοσι
1516 1164 1707 1224 τιμαῖς
1743 1162 1837 1211 καὶ
1874 1159 2035 1228 ὄλβῳ,
2077 1161 2316 1224 δικαίοις

234 1237 293 1289 δὲ
332 1243 426 1292 καὶ
469 1244 665 1307 νόμοις
702 1246 823 1303 τοῖς
873 1243 1091 1303 αὐτοῖς·
1133 1244 1324 1312 ὥσπερ
1377 1245 1438 1293 αἱ
1484 1241 1722 1310 μεγάλαι
1773 1242 1969 1305 πόλεις
2005 1247 2098 1296 καὶ
2135 1244 2316 1296 εὐδαί-

233 1341 400 1388 μονες
425 1326 527 1387 τὰς
551 1327 756 1395 μικρὰς
780 1323 1191 1388 κατοικίζουσι·
1229 1328 1325 1377 καί
1347 1344 1447 1392 μοι
1475 1325 1656 1378 ἐδόκει
1683 1326 1860 1395 λέγειν
1890 1330 1950 1378 ού
1979 1331 2317 1398 προστιθεὶς

234 1409 402 1469 αὐτὸς
438 1410 507 1459 τὰ
547 1411 814 1475 ὀνόματα,
856 1410 975 1461 οἷον
998 1404 1299 1480 Ἀθηναῖοι
1333 1413 1624 1473 Κυθνίους
1660 1413 2023 1482 ἢΣεριφίους
2059 1415 2090 1482 ἢ
2131 1416 2315 1464 Λακε-

232 1491 520 1560 δαιμόνιοι
539 1496 869 1565 Κυθηρίους
894 1498 956 1546 τὸ
986 1494 1232 1547 παλαιὸν
1259 1498 1357 1548 ἐπὶ
1383 1499 1576 1562 νόμοις
1602 1501 1722 1558 τοῖς
1750 1498 1940 1558 αὐτοῖς
1963 1491 2170 1564 ᾤκισαν
2187 1511 2198 1522 ·
2226 1502 2318 1551 καὶ

155 1584 203 1626 15
239 1580 534 1649 μιμήματά
575 1596 634 1646 γε
675 1573 819 1649 παρ’
861 1583 1119 1642 ἑκάστοις
1156 1583 1378 1643 τούτοις
1417 1579 1557 1632 ἰδεῖν
1595 1583 1718 1632 ἔστι
1754 1587 1863 1632 τῶν
1904 1583 2057 1633 ἐθῶν
2094 1585 2186 1634 καὶ
2221 1590 2319 1653 τῆς

232 1661 543 1726 πολιτείας,
563 1665 628 1733 ἢν
651 1666 1012 1727 οἰκτίσαντες
1032 1667 1267 1731 ἔχουσιν,
1291 1667 1505 1736 ἀσθενῆ
1535 1664 1592 1717 δὲ
1617 1669 1800 1717 πάντα
1827 1668 1918 1717 καὶ
1938 1669 2179 1736 χείρονα.
2218 1669 2316 1737 τὴν

229 1751 425 1812 μέντοι
453 1746 840 1820 διαφορότητα
882 1752 977 1801 οὐκ
1017 1750 1143 1820 ἴσην
1183 1750 1344 1802 εἶναι.
1408 1753 1538 1812 τοὺς
1574 1753 1675 1816 μὲν
1701 1752 1802 1818 γάρ
1844 1753 1939 1802 ἅτε
1967 1753 2310 1820 ἀνθρώπους
2331 1757 2397 1808 27

231 1833 558 1902 ἀνθρώπων
585 1832 894 1906 διαφέρειν,
934 1838 1032 1906 τὴν
1072 1834 1130 1887 δὲ
1169 1842 1280 1887 τῶν
1306 1837 1463 1887 θεῶν
1489 1838 1765 1906 ὑπεροχὴν
1792 1838 1936 1904 πρὸς
1972 1840 2114 1905 ἡμᾶς
2151 1838 2314 1887 ἄπει-

230 1919 328 1986 ρόν
377 1935 502 1970 τινα
552 1919 713 1971 εἶναι.
788 1924 950 1990 μέχρι
997 1923 1098 1986 μὲν
1150 1921 1245 1971 οὖν
1295 1921 1449 1985 ἔτυχε
1500 1923 1942 1981 νεοκατάστατος
1993 1922 2067 1970 ὤν
2106 1922 2137 1969 ὁ
2172 1921 2311 1986 βίος,

151 2010 199 2051 20
235 2005 366 2063 τοὺς
391 2005 566 2065 θεοὺς
605 2006 806 2066 αὐτούς
833 2022 892 2055 τε
920 2006 1377 2074 παραγίγνεσθαι
1404 2007 1497 2056 καὶ
1523 2009 1771 2070 πέμπειν
1800 2006 1989 2074 ὥσπερ
2029 2005 2315 2073 ἁρμοστὰς

232 2083 373 2158 παρ>
430 2091 613 2140 αὐτῶν
664 2084 973 2158 [ἄρχοντας]
1021 2092 1151 2150 τοὺς
1199 2087 1738 2158 ἐπιμελησομένους,
1789 2089 1908 2140 οἷον
1948 2082 2216 2157 Ἡρακλέα
2255 2106 2313 2139 τε

18 2181 213 2225 (557R11)
229 2175 323 2224 καὶ
345 2174 628 2225 Διόνυσον
653 2176 747 2224 και
772 2175 998 2243 Περσέα
1036 2176 1130 2225 καὶ
1154 2176 1284 2235 τοὺς
1310 2172 1528 2237 ἄλλους,
1571 2176 1664 2235 οὓς
1691 2176 1962 2239 ἀκούομεν
1988 2175 2141 2223 θεῶν
2181 2177 2312 2223 παῖ-

230 2256 347 2322 δας,
387 2261 518 2321 τούς
558 2257 617 2310 δὲ
657 2261 929 2326 ἐκγόνους,
956 2260 1228 2326 γενέσθαι
1266 2253 1406 2328 παρ’
1448 2263 1605 2326 ἡμῖν·
1646 2260 1843 2309 ἔπειτα
1883 2260 2113 2326 ὕστερον
2151 2259 2314 2307 ἐᾶσαι

230 2336 310 2394 δι’
344 2346 525 2395 αὐτῶν
567 2346 737 2395 οἰκεῖν
775 2347 934 2405 ὅπως
971 2345 1037 2395 ἂν
1067 2342 1384 2410 δυνώμεθα.
1447 2362 1541 2395 και
1578 2347 1703 2394 τότε
1744 2341 1806 2413 δὴ
1847 2344 1915 2393 τὰ
1943 2344 2311 2411 ἁμαρτήματα

148 2436 196 2476 25
230 2430 325 2479 καὶ
360 2430 461 2490 τὰς
499 2427 722 2490 ἀδικίας
749 2427 1085 2496 ξυμβαίνειν.
1267 2414 1368 2499 ᾖδε
1409 2427 1467 2480 δὲ
1493 2431 1586 2480 καὶ
1612 2433 1804 2498 ἑτέραν
1840 2422 2003 2498 ᾠδήν,
2044 2430 2119 2488 ὡς
2157 2429 2187 2477 0‘
2211 2428 2311 2492 μὲν
2331 2427 2396 2478 28

227 2516 437 2578 κόσμος
477 2513 629 2575 οἶκός
668 2516 792 2565 ἐστι
831 2516 978 2565 πάνυ
1028 2512 1197 2576 καλός
1242 2532 1301 2565 τε
1338 2516 1432 2565 καὶ
1480 2515 1644 2575 θεῖος
1682 2515 1794 2563 ὑπὸ
1835 2514 1988 2563 θεῶν
2028 2508 2121 2581 [τε]
2158 2530 2312 2563 κατε-

231 2603 630 2664 σκευασμένος·
685 2600 876 2668 ὥσπερ
915 2601 1027 2650 ὑπὸ
1067 2606 1177 2650 τῶν
1204 2597 1550 2665 εὐδαιμόνων
1589 2616 1648 2649 τε
1671 2600 1765 2649 καὶ
1791 2596 2078 2648 πλουσίων
2115 2595 2312 2647 καλου·

226 2687 408 2748 μένων
460 2681 677 2753 ἀνδρῶν
727 2685 988 2745 οὕστινας
1040 2686 1254 2754 ὁρῶμεν
1297 2687 1837 2748 κατεσκευασμένους
1888 2683 2170 2747 σταθμοῖς
2222 2683 2314 2731 καὶ

225 2769 394 2832 κίοσι,
432 2770 527 2820 καὶ
547 2767 735 2838 χρυσῷ
762 2771 855 2820 καὶ
880 2773 1128 2839 γραφαῖς
1162 2771 1260 2839 τήν
1299 2787 1357 2819 τε
1387 2770 1600 2838 ὀροφὴν
1636 2769 1729 2818 καὶ
1754 2768 1974 2831 τοίχους
2010 2767 2102 2816 καὶ
2126 2766 2309 2833 θύρας

367 2936 394 2975 4
423 2930 475 2989 δὴ
506 2946 588 2988 pro
619 2937 690 2979 δεῖ
709 2934 757 2977 Μ
872 2933 920 2979 δὲ
949 2946 1035 2977 om.
1061 2933 1096 2975 B
1214 2936 1238 2976 6
1270 2948 1321 2977 τε
1351 2928 1447 2976 εἷεν
1476 2930 1648 2985 scripsi,
1679 2927 1738 2975 τέ
1763 2929 1850 2975 εἶσι
1869 2928 1972 2972 libri
2083 2932 2105 2970 7
2137 2927 2309 2983 ἐόντας

224 3001 344 3057 libri,
375 3014 492 3048 corr.
523 3003 732 3048 Reiskius
818 3008 845 3048 9
876 3000 1034 3049 αὑτῶν
1064 3002 1238 3058 scripsi,
1270 2996 1426 3047 αὐτῶν
1454 3000 1557 3043 libri
1588 3002 1633 3042 et
1652 2999 1832 3054 vulgata
1918 2997 2034 3057 οὔσῃ
2064 3013 2150 3044 om.
2182 3001 2223 3045 U

230 3076 280 3115 10
309 3075 592 3130 κατοικῆσαι
620 3073 768 3129 UBM,
796 3075 1068 3119 κατοικίσαι
1098 3072 1136 3115 Τ
1269 3076 1318 3115 13
1352 3070 1589 3122 Κυθνίους
1617 3069 1674 3112 ad
1703 3068 1936 3124 Dryopum
1964 3073 2140 3125 gentem
2170 3071 2308 3116 refert

225 3140 442 3186 Herodot.
473 3142 581 3187 VIII
601 3146 656 3187 46
752 3139 782 3202 ἢ
812 3145 1038 3201 σερίφους
1068 3143 1105 3186 Β
1136 3141 1202 3195 εἰς
1229 3139 1426 3200 ἐρίφους
1455 3141 1494 3186 U
1524 3140 1583 3185 cf.
1614 3141 1830 3185 Herodot.
1860 3139 1967 3183 VIII
1996 3143 2049 3184 48
2151 3145 2202 3185 14
2229 3159 2306 3188 xv·

225 3212 424 3271 θηρίους
453 3211 513 3257 cf.
534 3212 752 3258 Herodot.
774 3214 797 3257 I
818 3216 871 3258 82
892 3213 978 3258 VII
998 3216 1081 3256 235
1103 3212 1246 3256 Thuc.
1277 3212 1343 3256 IV
1364 3215 1417 3256 53
1515 3216 1563 3256 15
1593 3209 1724 3257 ἐθῶν
1743 3210 1934 3263 Selden.‚
1964 3213 2094 3256 θεῶν
2120 3211 2224 3255 libri

229 3285 280 3325 16
312 3280 359 3328 οὶ
386 3274 645 3341 κτήσαντες
676 3283 713 3326 Β
746 3282 1041 3336 οἰκτίσαντες
1068 3283 1119 3327 Μ
1230 3283 1442 3341 χείρωνα
1471 3281 1520 3325 Μ
1638 3285 1687 3325 17
1719 3280 1847 3339 εἰσην
1875 3280 1924 3323 Μ
2049 3284 2098 3324 21
2133 3278 2306 3341 ἄρχον·

225 3369 311 3405 τας
340 3353 523 3398 seclusit
554 3353 765 3407 Cobetus‚
795 3349 824 3412 ἢ
854 3351 1094 3412 ἄρχοντας
1124 3353 1336 3398 Reiskius
1508 3347 1597 3397 τὸν
1625 3364 1709 3407 pro
1741 3346 1847 3396 οἷον
1876 3350 1925 3394 Μ
2088 3356 2140 3395 23
2171 3349 2306 3410 έκγά-

224 3440 344 3479 μους
373 3424 424 3468 Μ
586 3424 641 3467 de
670 3420 900 3482 ἐγγόνους
929 3445 983 3462 ===
1012 3425 1200 3480 nepotes
1231 3423 1396 3478 cogitat
1427 3422 1559 3478 Emp.
1589 3423 1653 3473 (in
1684 3422 1891 3476 schedis),
1922 3433 2067 3475 neque
2096 3423 2307 3476 poterant

227 3491 274 3539 οἳ
303 3489 494 3551 ἔκγονοι
523 3493 626 3537 filiis
657 3494 824 3550 opponi
938 3497 992 3538 24
1022 3489 1083 3539 δι’
1114 3489 1272 3540 αὐτῶν
1301 3492 1392 3537 UM
1507 3496 1560 3536 25
1591 3483 1699 3550 ᾖδεν
1720 3492 1760 3537 U
1877 3495 1930 3535 26
1959 3494 2117 3543 καλῶς
2147 3507 2198 3536 τε
2226 3494 2307 3537 καὶ

225 3565 372 3618 θείως
400 3565 445 3608 Μ
561 3568 612 3607 27
645 3559 809 3622 ὥσπερ
842 3562 887 3610 οἳ
917 3560 982 3609 πὸ
1014 3564 1056 3609 U
1198 3579 1251 3609 τε
1280 3562 1460 3617 seclusi,
1489 3578 1543 3621 γε
1574 3562 1680 3607 Wil.
1820 3565 1873 3605 28
1904 3557 2148 3619 ἀνδρῶνάς
2177 3577 2306 3615 τινας

225 3635 436 3692 Cobetus,
467 3630 656 3695 ἀνδρῶν
688 3628 907 3688 οὕστινας
938 3634 1067 3680 UBM
1098 3630 1286 3692 ἀνδρῶν
1317 3630 1477 3686 οἴκους
1505 3649 1637 3686 τινας
1666 3633 1704 3676 Τ
1896 3629 2122 3687 ἑωρῶμεν
2154 3629 2191 3675 U
2221 3627 2303 3676 ἑώ-

227 3721 385 3764 ρωμεν
414 3706 520 3760 ΒΜ,
553 3701 743 3763 ὁρῶμεν
773 3706 810 3749 Τ
