2684 4140
357 247 461 296 236
802 240 1009 286 DIONIS
1037 239 1123 283 DE
1155 235 1508 283 SERVITUTE
1538 237 1622 282 ΕΤ
1651 237 2009 283 LIBERTATE

353 387 418 459 δη
453 386 623 438 ἐἶνα-ι.
690 384 850 446 ὥστε,
890 378 1053 451 εἴπερ
1095 382 1274 442 οὕτως
1311 375 1523 446 ἔχειτὰ
1549 387 1660 433 τῶν
1698 383 2042 453 ἀνθρώπων,
2084 387 2162 447 ὥς
2199 389 2360 457 ἡμεῖς
2394 404 2456 439 τε

347 473 442 523 καὶ
478 467 644 520 ἄλλοι
684 468 1007 538 σοφώτεροι
1043 469 1201 536 ήμῶν
1242 478 1438 535 φασιν,
1488 463 1649 518 οὐδὲν
1688 468 1755 519 ἂν
1791 465 2002 535 μᾶλλον
2043 471 2135 521 σοὶ
2172 473 2454 541 προσήκοι

347 549 680 623 ἐλευθερίας
715 552 857 602 κατὰ
896 554 1056 618 γένος
1092 551 1125 621 ἢ
1167 552 1378 618 ὁτῳοῦν
1417 557 1528 602 τῶν
1570 550 1796 622 σφόδρα
1842 551 2154 606 δοκούντων
2194 556 2454 607 οἰκετῶν·

347 641 398 691 εἰ
444 641 517 709 μή
571 639 680 707 ἄρα
729 638 823 688 καὶ
873 637 938 686 σύ
1000 636 1254 706 φθάσεις
1302 637 1595 705 ἀναγαγὼν
1655 639 1738 700 εἰς
1784 639 1901 690 Δία
1948 640 1981 710 ἢ
2031 637 2372 692 Ποσειδῶνα
2419 642 2451 712 ἢ

339 719 674 776 Ἀπόλλωνα
712 723 844 783 τοὺς
885 727 1098 772 σαυτοῦ
1131 723 1475 791 προγόνους·
1517 720 1659 774 οὐδέ
1704 738 1765 791 γε
1803 725 1931 791 ἐμοὶ
1968 719 2137 796 [περὶ]
2178 723 2449 788 δουλείας.
2485 737 2510 777 5

265 809 329 860 13
358 811 435 860 Τὸ
473 810 576 875 μὲν
613 809 818 872 τοίνυν,
858 807 986 877 ἔφη,
1027 813 1131 857 τοῦ
1163 810 1357 875 γένους
1380 809 1476 859 καὶ
1500 809 1563 858 τὸ
1590 814 1702 860 τῶν
1742 812 2036 879 προγόνων
2066 813 2260 876 ἐῶμεν,
2299 812 2454 862 ἐπει-

349 892 413 965 δή
470 895 616 944 οὕτω
670 906 764 944 σοι
816 890 976 943 δοκεῖ
1016 893 1391 962 ἀστάθμητον
1430 891 1606 944 εἶναι·
1658 892 1798 956 ἴσως
1844 897 1948 964 γάρ
1987 911 2079 946 τοι
2117 895 2451 965 ἀναφανήσῃ

349 981 545 1049 ὥσπερ
577 971 837 1049 Ἀμφίων
886 979 981 1029 καὶ
1017 978 1216 1049 Ζῆθος
1252 979 1352 1029 καὶ
1383 970 1751 1048 Ἀλέξανδρος
1800 981 1831 1030 ὁ
1876 980 2144 1048 Πριάμου
2194 982 2450 1048 γεγονώς.

347 1061 489 1115 ἀλλὰ
543 1067 608 1114 σέ
653 1079 714 1132 γε
754 1064 922 1114 αὐτὸν
960 1064 1172 1124 πάντες
1210 1064 1580 1130 ἐπιστάμεθα
1626 1061 1979 1115 δουλεύοντα.
2059 1066 2132 1116 Τί
2179 1063 2270 1127 δέ,·
2308 1064 2450 1126 εἷπε,
2475 1078 2656 1121 (450311

349 1148 580 1201 δοκοῦσί
618 1163 712 1200 σοι
760 1150 970 1210 πάντες
1020 1149 1078 1198 οἱ
1125 1146 1484 1211 δουλεύοντες
1531 1165 1560 1197 *
1591 1165 1620 1197 *
1651 1165 1679 1197 *
1720 1147 1862 1200 ἀλλὰ
1913 1150 1975 1199 ού
2022 1148 2230 1202 πολλοὶ
2266 1151 2449 1202 αὐτῶν
2487 1161 2535 1203 10

346 1233 644 1305 ἐλεύθεροι
671 1237 827 1296 ὄντες
853 1235 947 1286 καὶ
972 1232 1207 1297 ἀδίκως;
1247 1233 1323 1285 ὧν
1357 1252 1505 1296 τινες
1541 1233 1646 1306 ἤδη
1680 1236 1775 1286 καὶ
1813 1235 1895 1296 εἰς
1934 1232 2295 1306 δικαστήριον
2335 1237 2450 1287 εἰσ·
2474 1249 2621 1290 (239Μ)

346 1318 616 1381 ελθόντες
667 1317 973 1383 ἀπέδειξαν
1025 1317 1362 1390 ἐλευθέρους
1421 1322 1586 1382 ὄντας
1637 1322 1897 1384 ἑαυτούς,
1947 1322 2004 1371 οἱ
2053 1318 2115 1371 δέ
2166 1337 2314 1382 τινες
2362 1322 2457 1372 καὶ

350 1406 647 1471 ἀνέχονται
681 1409 846 1474 μέχρι
884 1408 1115 1468 παντός,
1158 1406 1254 1456 οὐκ
1292 1406 1512 1470 ἔχοντες
1551 1403 1857 1469 ἀποδεῖξαι
1898 1413 2156 1477 φανερῶς
2188 1407 2323 1475 περὶ
2358 1413 2456 1476 τῆς

347 1487 681 1559 ἐλευθερίας
717 1491 750 1560 ἢ
793 1490 880 1552 οἷς
917 1491 984 1541 ἀν
1010 1486 1147 1562 <μή>
1170 1488 1417 1556 χαλεποὶ
1443 1490 1583 1542 ὦσιν
1613 1493 1669 1541 οἱ
1707 1489 1998 1560 λεγόμενοι
2036 1493 2220 1543 αὐτῶν
2247 1489 2454 1543 δεσπό-

264 1574 331 1623 14
351 1592 462 1627 ται.
539 1577 668 1627 ἐπεὶ
719 1579 884 1645 φέρε,
934 1576 1212 1642 Εὔμαιος,
1265 1577 1296 1626 ό
1332 1577 1586 1646 Κτησίου
1625 1582 1728 1627 τοῦ
1756 1571 2020 1647 Ὀρμένου
2060 1575 2264 1648 ἀνδρὸς
2302 1579 2450 1628 πάνυ
2491 1587 2536 1628 15

345 1659 651 1730 ἐλευθέρου
678 1662 772 1711 καὶ
810 1658 1090 1712 πλουσίου
1118 1665 1277 1726 παῖς,
1320 1662 1416 1712 οὐκ
1441 1659 1732 1713 ἐδούλευεν
1759 1664 1818 1713 ἐν
1849 1655 2054 1731 Ἰθάκῃ
2083 1655 2227 1732 παρ’
2263 1653 2456 1713 Ὀδυσ-

348 1749 445 1796 σεῖ
472 1747 567 1796 καὶ
603 1747 869 1815 Λαέρτῃ,·
913 1746 1009 1797 καὶ
1057 1747 1182 1798 ἐνὸν
1222 1745 1374 1814 αὐτῷ
1414 1744 1783 1798 ἀποπλεῦσαι
1822 1744 2099 1808 πολλάκις
2137 1745 2355 1811 οἴκαδε,
2407 1748 2458 1798 εἰ

347 1827 628 1895 ἐβούλετο,
670 1828 944 1882 οὐδέποτε
978 1828 1203 1902 ἠξίωσε.
1268 1833 1326 1882 τί
1365 1830 1428 1883 δέ
1437 1851 1457 1895 ,·
1490 1825 1797 1902 Ἀθηναῖοι
1836 1829 2043 1883 πολλοὶ
2068 1837 2179 1883 τῶν
2218 1833 2277 1883 ἐν
2302 1833 2458 1882 Σικε-

349 1913 443 1985 λίᾳ
484 1913 823 1986 ληφθέντων
865 1917 961 1967 οὐκ
986 1914 1283 1969 ἐδούλευον
1310 1919 1368 1968 έν
1396 1915 1627 1986 Σικελία
1651 1919 1747 1968 καὶ
1771 1919 1830 1969 ἐν
1855 1915 2278 1988 Πελοποννήσῳ
2307 1915 2457 1968 ἐλεύ-

346 2002 518 2070 θεροι
570 2003 752 2066 ὄντες,
800 2003 895 2054 καὶ
942 2004 1001 2054 ἐν
1050 2000 1251 2065 ἄλλαις
1302 2000 1547 2064 πολλαῖς
1591 2005 1800 2069 μάχαις
1847 2005 1903 2054 οἱ
1952 2004 2065 2054 αἰεὶ
2103 2001 2454 2069 αἰχμάλωτοι
2490 2014 2539 2055 20

347 2089 669 2154 γιγνόμενοι
708 2089 765 2138 οἱ
800 2090 902 2154 μὲν
935 2091 1138 2158 χρόνον
1172 2091 1316 2154 τινά,
1357 2092 1465 2150 ἕως
1503 2090 1571 2140 ἂν
1610 2090 1817 2159 εὕρωσι
1845 2091 1977 2151 τούς
2005 2087 2362 2155 λυσομένους,
2404 2090 2461 2139 οἱ

266 2169 333 2220 15
357 2168 415 2222 δὲ
453 2175 617 2240 μέχρι
655 2175 903 2235 παντός,·
952 2174 1126 2224 ὁπότε
1162 2175 1256 2225 καὶ
1294 2175 1326 2224 ὁ
1361 2171 1613 2224 Καλλίου
1657 2175 1781 2235 υἱὸς
1819 2171 1978 2237 ἔδοξε
2018 2171 2318 2225 δουλεῦσαι
2353 2189 2459 2224 πο-

349 2253 445 2307 λὺν
479 2259 681 2325 χρόνον
720 2258 821 2308 ἐπὶ
849 2256 1077 2328 Θρᾴκης
1113 2259 1254 2325 μετὰ
1285 2260 1395 2330 τήν
1421 2260 1619 2329 μάχην,
1659 2259 1725 2328 ἢν
1760 2252 2065 2329 Ἀθηναῖοι
2103 2260 2237 2329 περὶ
2267 2252 2459 2310 ’Ἀκαν-

346 2342 459 2392 θον
497 2342 862 2412 ἡττήθησαν·
913 2344 1058 2394 ὥστε
1106 2345 1200 2395 καὶ
1237 2345 1473 2413 ὕστερον
1514 2342 1805 2415 διαφυγὼν
1842 2346 1937 2396 καὶ
1973 2345 2318 2415 ἀφικόμενος
2356 2347 2457 2414 ήμ-

350 2427 619 2498 φισβήτει
666 2434 770 2478 τοῦ
818 2425 1021 2499 κλήρου
1072 2435 1175 2479 τοῦ
1208 2427 1460 2480 Καλλίου
1508 2431 1603 2481 καὶ
1641 2427 1826 2480 πολλὰ
1876 2433 2181 2499 πράγματα
2221 2434 2456 2500 παρεῖχε
2492 2442 2540 2484 25

348 2516 470 2574 τοῖς
511 2509 851 2580 ξυγγενέσιν,
903 2515 1114 2576 ἐκεῖνος
1161 2517 1263 2581 μὲν
1315 2514 1476 2580 οἶμαι
1523 2512 1877 2583 ψευδόμενος
1916 2512 2000 2585 (ἧν
2038 2516 2141 2585 γὰρ
2184 2516 2281 2581 οὐχ
2317 2517 2456 2579 υἱός,

350 2587 476 2647 ἀλλ’
524 2599 851 2665 ἱπποκόμος
877 2597 1147 2664 Καλλίου,
1187 2602 1286 2670 τὴν
1328 2598 1387 2651 δὲ
1417 2601 1554 2667 ὄψιν
1581 2602 1779 2666 ὅμοιος
1805 2599 1884 2668 τῷ
1920 2606 2023 2650 τοῦ
2045 2597 2299 2651 Καλλίου
2337 2618 2458 2666 μει-

349 2683 542 2751 ρακίῳ,
584 2682 614 2733 δ
652 2684 839 2749 ἔτυχεν
878 2686 936 2735 ἐν
975 2692 1044 2755 τῇ
1081 2687 1227 2754 μάχῃ
1268 2682 1635 2756 τελευτῆσαν·
1675 2687 1759 2736 ἔτι
1800 2684 1859 2736 δὲ
1886 2681 2174 2755 ἡλλήνιζεν
2213 2687 2458 2755 ἀκριβῶς

347 2769 442 2818 καὶ
477 2769 778 2837 γράμματα
813 2769 1138 2839 ἠπίστατο),
1178 2767 1319 2820 ἀλλὰ
1349 2771 1538 2840 ἕτεροί
1561 2786 1621 2838 γε
1646 2771 1841 2840 μυρίοι
1866 2777 2031 2820 τοῦτο
2060 2772 2457 2822 πεπόνθασιν·

491 3009 516 3049 2
548 3004 815 3067 σοφότεροι
835 3007 876 3052 U
901 3007 961 3052 cf.
985 3007 1103 3054 Plat.
1125 3008 1300 3052 Theaet
1334 3012 1451 3053 175a
1473 3008 1616 3062 (Wil.)
1746 3009 1932 3066 μᾶλλον
1962 3009 2039 3054 σοὶ
2069 3007 2242 3063 scripsi,
2272 3007 2459 3063 μᾶλλόν

349 3092 427 3123 σοι
456 3077 588 3133 vulgo
704 3093 783 3124 σοι
803 3079 842 3121 Β
959 3084 986 3123 4
1016 3076 1224 3138 φθάσηις
1244 3079 1324 3124 UB
1440 3075 1469 3138 ἢ
1499 3080 1565 3133 εἰς
1596 3082 1877 3126 Ποσειδῶνα
1897 3079 1941 3124 U
2057 3081 2302 3124 ποσιδιῦνα
2324 3077 2374 3120 Μ

351 3152 375 3192 5
407 3143 554 3196 αὐτοῦ
583 3149 633 3192 Μ
748 3146 861 3204 τοὺς
890 3148 947 3198 δέ
968 3164 1051 3208 pro
1085 3146 1192 3199 οὐδὲ
1213 3151 1250 3195 Β
1340 3154 1450 3206 περὶ
1472 3152 1689 3205 δουλείας
1709 3151 1855 3206 UBM‚
1887 3153 1997 3208 περὶ
2028 3150 2216 3195 seclusit
2236 3149 2370 3206 Emp.

351 3223 377 3263 6
406 3222 495 3265 τοῦ
524 3232 609 3263 om.
640 3220 683 3265 U
770 3225 792 3263 7
827 3213 981 3276 οὕτως
1010 3222 1059 3265 Μ
1146 3216 1443 3282 οἷναφανήσει
1472 3223 1522 3267 Μ
1610 3227 1636 3266 9
1669 3221 1974 3269 δουλεύονται
2002 3221 2053 3265 Μ
2140 3221 2189 3266 τί
2218 3222 2293 3266 δαὶ
2323 3219 2403 3264 UB

352 3293 405 3333 10
437 3286 743 3344 δουλεύοντες
773 3294 933 3338 δοῦλοι
962 3294 1044 3339 UB
1158 3295 1370 3340 lacunam
1392 3295 1575 3351 agnovit
1595 3294 1705 3338 Wil.
1735 3307 1925 3350 eamque
1945 3294 2012 3339 sic
2031 3292 2207 3349 explet:
2237 3291 2459 3348 (δικαίως

350 3353 588 3408 δουλεύειν
616 3364 696 3407 καὶ
727 3365 887 3408 δοῦλοι
920 3359 1086 3422 ὄντες)
1234 3370 1284 3410 12
1319 3362 1456 3420 ὄντες
1477 3366 1526 3408 Μ
1673 3369 1726 3409 14
1755 3361 1818 3424 μὴ
1850 3365 1951 3411 add.
1984 3364 2118 3420 Emp.
2245 3366 2296 3406 15
2326 3361 2457 3406 Hom.

352 3430 435 3475 Od.
466 3430 568 3488 XV,
597 3435 680 3476 413
711 3436 847 3492 τῇσιν
885 3459 940 3466 —
979 3435 1139 3496 πατὴρ
1167 3433 1285 3494 ἐμὸς
1320 3435 1636 3495 ἐμβασίλευεν
1667 3433 1875 3495 Κτήσιος
1910 3430 2173 3494 Ὀρμενίδης
2315 3427 2458 3490 ὁρμέ-

351 3517 438 3547 νου
467 3501 508 3546 U
655 3507 706 3548 16
736 3502 1013 3552 ἐδούλευσεν
1041 3506 1083 3551 U
1259 3513 1311 3553 18
1341 3501 1543 3566 ἠξίωσεν
1571 3509 1621 3552 Μ
1772 3509 1822 3554 τί
1851 3509 1927 3553 δαὶ
1956 3507 2035 3552 UB
2208 3506 2262 3547 20
2293 3501 2386 3548 αἰεὶ
2416 3502 2458 3547 U

352 3568 429 3624 ἀεὶ
457 3572 547 3616 ΒΜ
749 3578 801 3618 22
843 3587 987 3632 neque
1016 3578 1237 3633 proelium
1267 3580 1325 3623 ab
1358 3580 1460 3625 aliis
1491 3582 1768 3625 memoratur
1796 3591 1942 3634 neque
1970 3575 2162 3622 historia
2193 3574 2250 3618 de
2281 3573 2452 3617 Calliae

349 3642 458 3698 filio,
488 3643 567 3688 sed
597 3644 654 3689 cf.
687 3646 795 3691 Wil.
829 3645 995 3691 Comm.
1024 3660 1162 3703 gram.
1193 3650 1260 3695 111
1289 3665 1335 3707 p.
1363 3655 1414 3695 12
1636 3655 1692 3695 24
1722 3646 1964 3709 διαφυγών
1998 3648 2126 3705 (τις)
2155 3644 2452 3698 Herwerden;

351 3726 443 3759 ⁰⁰¹1
472 3716 616 3772 P1'0b0
736 3719 790 3760 25
822 3713 947 3775 εἶχεν
976 3732 1059 3775 pro
1089 3729 1288 3782 παρεῖχε
1317 3722 1368 3766 Μ
1496 3726 1551 3767 28
1583 3720 1819 3780 ἑλλήνιζεν
1849 3719 1993 3774 UBM‚
2025 3731 2140 3764 corr.
2172 3715 2282 3761 editi
