2684 4140
1080 299 1305 346 ORATIO
1335 298 1431 344 ΙΝ.
2199 293 2302 348 119

431 443 700 495 ἵπποισιν
737 443 830 493 καὶ
869 446 1101 515 ὄχεσφιν
1140 442 1516 513 ἀγαλλόμενος
1555 442 1710 510 παρὰ
1749 446 1894 511 νηῶν

429 528 516 594 ἂψ
554 527 966 598 ἀπονοστήσειν
1005 531 1175 598 προτὶ
1201 522 1370 579 Ἴλιον
1407 529 1752 598 ἠνεμόεσσαν
1769 520 1799 594 ]

221 612 304 672 εἰς
339 612 614 680 τοσαύτην
654 609 978 680 δυσχωρίαν·
1001 614 1219 682 τάφρου
1259 629 1319 665 τε
1354 613 1448 662 καὶ
1483 611 1699 676 τείχους
1745 610 1839 660 καὶ
1874 613 2012 659 νεῶν
2051 603 2300 658 εἰσελαύ-
2325 607 2389 660 18

219 711 344 757 νων,
383 696 527 744 ὅπου
564 710 624 760 γε
660 694 800 764 μηδὲ
839 700 960 757 τοῖς
997 692 1190 758 πεζοῖς
1229 697 1515 765 συνήνεγκε
1551 691 2007 763 καταληφθεῖσιν
2042 692 2155 741 ὑπὸ
2193 696 2304 742 τῶν

162 788 187 828 5
221 778 502 839 ἐναντίων,
524 775 664 827 ἀλλὰ
681 776 869 848 ὀλίγης
888 780 1224 849 ἐκβοηθείας
1242 783 1538 849 γενομένης
1559 776 1956 848 διεφθάρησαν
1978 773 2277 837 οἱπλείους
2292 786 2303 798 ·

218 861 249 909 ό
286 858 345 911 δὲ
382 861 495 910 ὑπὸ
534 866 645 911 τῶν
684 862 881 913 ἵππων
919 865 1295 933 ἐπαιρόμενος
1317 865 1411 915 καὶ
1446 862 1524 931 τῷ
1561 860 1754 914 κάλλει
1790 867 1889 912 τοῦ
1917 859 2121 931 δίφρου
2162 852 2303 928 ᾤετο

6 954 194 998 (2881311)
214 946 316 1009 μὲν
351 945 494 1012 ὑπὲρ
542 946 605 994 τὸ
645 950 828 1011 τεῖχος
863 945 1109 1011 ἐλάσειν,
1157 951 1384 1013 ἕτοιμος
1433 945 1492 998 δὲ
1539 944 1605 1016 ἦν
1642 943 1900 1012 ἐμβαλὼν
1940 946 2021 1006 εἰς
2057 945 2156 1015 τήν
2193 944 2304 994 θά-

43 1039 121 1083 (563
141 1039 193 1082 Μ)
218 1025 421 1078 λατταν
451 1028 568 1078 ἀπὸ
594 1035 697 1079 τοῦ
728 1032 977 1099 ἅρματος
1001 1033 1317 1098 μάχεσθαι·
1357 1025 1450 1100 ἆρ’
1480 1031 1577 1082 οὖν
1604 1032 1667 1081 ού
1695 1031 1827 1098 περὶ
1863 1030 2174 1090 ἀπειθείας
2210 1029 2305 1078 καὶ

213 1108 540 1175 ἀλαζονείας
576 1117 702 1165 τότε
743 1112 919 1182 λέγειν
948 1117 1211 1185 φαίνεται
1221 1134 1242 1179 ,·
1384 1113 1558 1166 πάλιν
1597 1113 1657 1165 δὲ
1695 1116 1919 1174 τούτοις
1957 1113 2304 1182 παρατιθεὶς
2327 1118 2389 1169 19

136 1210 183 1254 10
217 1194 632 1263 Πολυδάμαντα
656 1195 949 1253 κελεύοντα
977 1197 1362 1270 εὐλαβηθῆναι
1387 1201 1480 1251 καὶ
1501 1201 1575 1269 μή
1606 1197 1918 1264 διαβαίνειν
1943 1199 2042 1266 τὴν
2067 1199 2302 1266 τάφρον,

215 1283 329 1347 ἅμα
365 1283 467 1347 μὲν
504 1284 567 1337 τὸ
607 1288 833 1352 πρᾶγμα
871 1281 1262 1335 ἐπιδεικνύντα
1290 1285 1368 1345 ὡς
1405 1280 1778 1345 ἐπικίνδυνον,
1819 1283 1935 1347 ἅμα
1962 1279 2022 1332 δὲ
2049 1283 2145 1332 τὸν
2173 1282 2302 1331 οἰω-

214 1368 309 1417 νὸν
346 1368 443 1418 τὸν
478 1369 772 1434 γενόμενον
812 1368 1031 1429 αὐτοῖς·
1069 1366 1254 1430 άλλως
1290 1370 1392 1434 μὲν
1428 1369 1531 1437 γάρ
1574 1365 1774 1418 οὐδένα
1814 1359 1955 1434 ᾤετο
1995 1363 2305 1428 ἀνέξεσθαι

213 1452 384 1503 αὐτοῦ
420 1449 691 1519 λέγοντος,
733 1454 831 1504 σὺν
870 1450 930 1504 δὲ
968 1451 1048 1521 τῷ
1089 1452 1276 1522 οἰωνῷ
1315 1445 1438 1519 τάχ’
1494 1454 1561 1504 ἂν
1601 1456 1801 1504 πεῖσαι
1838 1453 1935 1502 τὸν
1959 1444 2221 1518 Ἕκτορα·
2269 1451 2300 1520 ἢ

210 1538 307 1588 τὸν
343 1539 603 1606 Νέστορα
640 1539 772 1599 τοὺς
810 1540 943 1607 περὶ
979 1540 1076 1590 τὸν
1109 1532 1493 1607 Ἀγαμέμνονα
1541 1540 1637 1593 καὶ
1683 1540 1780 1590 τὸν
1822 1531 2080 1603 Ἀχιλλέα
2120 1532 2303 1587 λοιδο-

53 1628 55 1630 ’
131 1634 180 1677 15
214 1625 516 1690 ρουμένους
553 1624 809 1674 παύοντα
846 1630 945 1694 τῆς
983 1625 1148 1695 ὀργῆς
1183 1626 1277 1676 καὶ
1302 1622 1649 1694 προλέγοντα
1690 1628 1948 1694 φανερῶς
1985 1622 2055 1674 τὰ
2096 1622 2303 1690 συμβη·

213 1708 419 1772 σόμενα
471 1707 664 1769 αὐτοῖς
711 1709 828 1758 ἀπὸ
875 1716 974 1779 τῆς
1023 1711 1302 1773 στάσεως,
1357 1710 1591 1779 ὕστερον
1641 1705 1700 1760 δὲ
1751 1705 2174 1776 ἐπιπλήττοντα
2222 1704 2303 1774 τῷ

204 1781 573 1857 Ἀγαμέμνονι
610 1794 687 1854 ὡς
725 1794 1033 1863 ἁμαρτόντι
1067 1795 1162 1844 καὶ
1194 1790 1569 1862 ἀναγκάζοντα
1597 1791 1832 1844 δεῖσθαι
1858 1798 1961 1843 τοῦ
1977 1786 2301 1857 Ἀχιλλέως·

207 1875 240 1944 ἢ
268 1878 364 1927 τὸν
386 1869 656 1928 Ὀδυσσέα
683 1879 1183 1946 ἐπανορθούμενον
1209 1881 1272 1930 τὸ
1301 1880 1602 1949 ἁμάρτημα
1629 1885 1732 1929 τοῦ
1749 1871 2176 1946 Ἀγαμέμνονος,
2218 1870 2296 1928 δι’

210 1959 278 2011 οὗ
313 1966 515 2032 πεῖραν
553 1961 892 2029 βουλόμενος
931 1961 1121 2031 λαβεῖν
1158 1971 1261 2015 τοῦ
1297 1971 1564 2033 στρατοῦ,
1616 1970 1740 2026 πῶς
1792 1966 2019 2034 φέροιεν
2067 1964 2166 2032 τήν
2204 1967 2307 2013 τοῦ

130 2056 179 2100 20
214 2043 465 2112 πολέμου
490 2049 701 2118 τριβήν,
730 2046 918 2116 ὀλίγου
948 2053 1142 2119 φυγεῖν
1170 2051 1371 2111 αὐτοὺς
1392 2051 1685 2119 ἐποίησεν·
1728 2050 1790 2099 ού
1818 2050 1951 2117 περὶ
1978 2047 2305 2118 φρονήσεως

209 2132 303 2183 καὶ
331 2134 667 2202 στρατηγίας
704 2135 796 2184 καὶ
821 2141 1105 2204 μαντικῆς,
1145 2137 1289 2202 πρὸς
1327 2132 1385 2185 δὲ
1425 2137 1648 2196 τούτοις
1683 2140 1884 2202 καιροῦ
1915 2134 2009 2183 καὶ
2045 2132 2306 2200 ἀκαιρίας

211 2217 387 2267 ἔοικεν
412 2219 811 2269 ὑποτίθεσθαι
820 2237 840 2280 ,·
983 2221 1041 2269 ἐν
1070 2217 1128 2270 δὲ
1158 2226 1226 2288 τῇ
1248 2213 1542 2287 Ὀδυσσείᾳ
1568 2220 1636 2269 τὰ
1663 2221 1764 2284 μὲν
1791 2211 1914 2268 ἀλλ’
1958 2220 2049 2281 ἐῶ,
2088 2219 2211 2278 ἑνὸς
2239 2215 2297 2267 δὲ
2321 2217 2386 2268 20

209 2303 381 2366 μόνου
435 2304 873 2373 μνησθήσομαι,
921 2310 1024 2356 τοῦ
1062 2297 1369 2355 Ἀντινόου.
1467 2311 1664 2356 τοῦτον
1713 2304 1815 2373 γὰρ
1864 2298 2301 2365 ἀλαζονίστατον

211 2387 488 2457 πεποίηκε
524 2394 635 2440 τῶν
671 2390 1002 2459 μνηστήρων
1039 2391 1132 2441 καὶ
1158 2387 1637 2441 ἀκολαστότατον·
1677 2389 1740 2451 ὃς
1766 2394 1994 2458 πρῶτον
2019 2389 2120 2453 μὲν
2145 2405 2300 2438 κατε-

122 2482 171 2523 25
212 2473 409 2540 φρόνει
445 2478 547 2523 τοῦ
576 2466 903 2537 Ὀδυσσέως,
942 2476 1031 2526 ὅτι
1066 2476 1277 2537 ἐκεῖνος
1312 2477 1414 2541 μὲν
1452 2476 1510 2526 ἐν
1548 2477 1778 2544 ῥάκεσιν
1814 2471 1896 2543 ἧν,
1938 2475 2105 2534 αὐτὸς
2145 2471 2203 2524 δὲ
2244 2475 2301 2524 ἐν

213 2552 518 2608 πολυτελεῖ
546 2558 752 2628 ἐσθῆτι
787 2560 880 2610 καὶ
916 2560 1107 2611 ἔπινεν
1145 2562 1205 2611 ἐκ
1236 2566 1458 2630 χρυσῶν
1497 2561 1786 2630 ποτηρίων
1822 2561 1917 2611 καὶ
1953 2561 2165 2612 τούτων
2207 2559 2303 2623 οὐχ

214 2641 387 2691 αὑτοῦ
417 2643 511 2693 καὶ
547 2641 796 2694 ἐδείπνει
844 2642 1165 2707 πολυτελῶς
1205 2646 1300 2696 οὐκ
1336 2647 1396 2696 ἐκ
1430 2652 1542 2697 τῶν
1581 2643 1888 2714 πατρῴων,
1938 2641 2079 2694 ἀλλά
2119 2659 2301 2713 παρα-

216 2731 384 2777 σιτῶν
423 2720 522 2776 ἐπ’
568 2729 748 2790 οἰκίας
796 2726 1139 2781 ἀδεσπότου·
1186 2732 1281 2781 καὶ
1327 2732 1436 2801 ἔφη
1486 2733 1587 2797 μὲν
1635 2739 1734 2802 τῆς
1770 2727 2111 2800 Πηνελόπης
2158 2731 2300 2798 ἐρᾶν,

339 2986 651 3037 ῙῗπποισιΗΡ
730 2995 755 3035 2
772 2995 886 3038 ποτὶ
902 2992 937 3036 Ρ
983 3006 991 3028 ’-
1016 2997 1040 3037 3
1058 2993 1329 3052 δυσχέρειαν
1339 2992 1418 3036 ΗΡ
1497 2987 1785 3038 εἰσελαύνειν
1801 2990 1889 3034 ΒΜ
1900 3003 2035 3047 m.pr.
2049 2990 2239 3047 Um.pr.

208 3063 235 3103 4
254 3076 309 3118 γε
330 3073 416 3106 om.
437 3062 518 3107 UB
541 3062 588 3108 δὲ
608 3075 690 3119 pro
710 3079 765 3121 γε
787 3063 836 3106 Μ
936 3067 1184 3121 ληφθεῖσιν
1198 3063 1328 3109 ΠΒΜ
1348 3066 1736 3119 καταλειφθεῖσιν
1751 3061 1786 3104 Ρ
1873 3064 1900 3105 6
1920 3058 2044 3123 ῴέτο
2065 3060 2153 3118 μὲν
2175 3061 2297 3106 Geel.

208 3125 275 3183 ὡς
303 3126 359 3177 τὸ
390 3131 478 3188 μὲν
507 3133 637 3177 UBM
668 3128 732 3187 ὡς
760 3130 875 3180 τότε
903 3133 992 3190 μὲν
1013 3134 1093 3178 ΗΡ
1210 3138 1233 3176 7
1265 3129 1322 3180 τὸ
1355 3141 1513 3191 τεῖχος
1532 3133 1583 3176 Μ
1612 3135 1699 3178 τοῦ
1727 3132 1914 3189 τείχους
1943 3132 2081 3176 ceteri
2195 3128 2299 3178 ἐλά-

210 3215 323 3254 σων,
353 3198 544 3258 ἕτοιμος
573 3203 622 3248 δὲ
653 3199 721 3249 α’)’ν
750 3202 978 3263 ἐμβαλεῖν
1007 3204 1073 3257 εἰς
1103 3221 1143 3250 τ.
1174 3209 1221 3250 θ.
1252 3207 1331 3250 καὶ
1362 3198 1460 3250 ἀπὸ
1494 3204 1548 3256 Η,
1578 3204 1684 3248 item
1704 3203 1738 3246 P
1770 3203 1856 3247 nisi
1887 3202 2006 3259 quod
2036 3194 2105 3247 ὦν
2134 3206 2179 3246 et
2207 3199 2298 3248 θά-

209 3275 393 3317 λασσαν
508 3277 531 3316 8
564 3266 790 3328 ἀπειθίας
820 3277 867 3318 et
897 3269 1158 3331 ἀλαζονίας
1186 3275 1235 3319 Μ
1367 3278 1392 3318 9
1423 3270 1538 3320 τότε
1567 3277 1671 3318 ante
1699 3275 1780 3319 καὶ
1810 3267 1944 3329 ἀλαζ.
1974 3278 2145 3329 transp.
2175 3272 2212 3316 P

212 3348 263 3388 10
294 3342 662 3398 πουλυδάμαντα
699 3345 748 3388 Μ
863 3338 1184 3405 εὐλαβηθῆναι
1212 3341 1468 3392 κελεύοντα
1499 3345 1603 3397 (hoc
1632 3343 1746 3398 ord.)
1777 3344 1812 3387 P
1934 3347 1982 3388 13
2014 3338 2162 3391 αὐτοῦ
2191 3337 2296 3390 ἀνέ-

209 3418 375 3468 ξεσθαι
404 3416 508 3468 (hoc
539 3415 654 3468 ord.)
686 3415 721 3458 P
837 3415 888 3461 ἐν
918 3415 1034 3468 libri,
1067 3413 1153 3463 σὺν
1184 3416 1362 3460 Geelius
1498 3406 1813 3475 τὸνἝκτορα
1847 3441 1898 3447 -
1935 3418 1984 3460 16
2014 3407 2220 3475 ὕστερον
2248 3415 2298 3461 δὲ

208 3498 294 3530 om.
317 3485 394 3530 BU
429 3486 490 3540 (in
518 3486 605 3530 hoc
635 3486 781 3543 suppl.
813 3499 840 3530 a
863 3499 977 3531 corr.
1008 3487 1056 3530 in
1085 3493 1213 3544 mrg.)
1310 3486 1577 3547 Polydamas
1597 3485 1686 3529 XII
1715 3488 1883 3530 60—79
1914 3485 1969 3530 de
2001 3486 2159 3548 οἰωνῷ
2187 3486 2298 3530 nihil

208 3596 406 3654 loquitur
523 3602 575 3642 14
603 3601 683 3644 καὶ
712 3594 800 3645 τὸν
832 3599 1025 3656 (helius,
1054 3596 1084 3658 ἤ
1113 3596 1202 3646 τὸν
1229 3599 1332 3644 libri
1448 3603 1495 3644 21
1532 3572 1732 3654 1:02513‘229
1760 3599 1802 3643 H
1899 3602 1952 3643 24
1983 3593 2298 3656 ἅλαςονιστα·

210 3684 296 3713 τον
325 3669 372 3711 Μ
403 3662 790 3725 ἀλαζονέστατον
820 3670 957 3715 ceteri
1102 3667 1348 3730 πρότερον
1376 3670 1463 3728 μὲν
1494 3671 1527 3715 Ρ
1687 3676 1738 3716 25
1770 3668 1823 3717 ἐν
1851 3669 1980 3727 prius
2011 3683 2098 3715 om.
2130 3670 2180 3714 M

211 3741 262 3782 28
294 3733 375 3784 ἐπ’
407 3752 492 3784 om.
522 3740 654 3786 BMU
683 3754 741 3784 m.
774 3754 840 3798 pr.
