2684 4140
1080 231 1309 277 ORATIO
1339 230 1458 275 LXI.
2214 224 2315 273 13¹7

232 390 326 440 καὶ
373 388 517 456 πρὸς
566 385 807 454 ῥήτορας
855 381 949 430 καὶ
996 380 1142 447 πρὸς
1193 377 1473 447 σοφιστὰς
1529 377 1623 426 καὶ
1667 375 1813 442 πρὸς
1862 374 2180 440 γεωμέτρας
2227 370 2322 420 καὶ

232 473 535 540 μουσικοὺς
582 470 675 520 καὶ
723 463 1100 532 παιδοτρίβας
1146 465 1240 514 καὶ
1276 464 1406 524 τούς
1444 459 1647 521 ἄλλους
1687 456 2083 528 δημιουργούς,
2131 456 2225 506 καὶ
2261 457 2319 506 ἐν

235 555 615 625 παλαίστραις
660 553 753 603 καὶ
800 552 858 601 ἐν
910 550 1253 615 συμποσίοις
1299 549 1393 598 καὶ
1441 549 1498 598 ἐν
1559 543 1734 614 ἀγορᾶ
1797 543 1892 593 οὐκ
1939 539 2209 592 ἐκωλύετο
2260 537 2322 604 ἐξ

236 644 487 702 ἅπαντος
547 639 760 707 τρόπου
823 632 1164 705 φιλοσοφεῖν
1222 633 1316 683 καὶ
1377 634 1721 701 προτρέπειν
1778 621 1874 678 ἐπ’
1932 627 2130 696 ἀρετὴν
2189 626 2321 686 τούς

176 738 200 778 5
239 729 520 787 συνόντας,
561 723 656 774 οὐκ
682 718 832 771 ἰδίαν
859 721 1139 789 εἰσφέρων
1175 717 1459 767 ὑπόθεσιν
1488 713 1613 766 οὐδὲ
1642 711 1942 783 πρόβλημα
1968 713 2320 776 ἐσκεμμένον,

233 804 359 860 ἀλλ’
404 810 492 860 ἀεὶ
529 814 597 877 τῇ
635 807 893 875 παρούσῃ
928 805 1214 872 χρώμενος
1249 803 1343 852 καὶ
1379 802 1582 869 ταύτην
1623 799 1925 862 προσάγων
1975 798 2120 860 πρὸς
2160 792 2321 866 φιλο-

236 897 461 965 σοφίαν.

1109 1050 1434 1059 .-----

54 1291 132 1333 (581
157 1290 208 1330 Μ)
960 1261 1083 1322 (44)
1131 1254 1612 1322 ΧΡΥΣΗΙΣ.

370 1498 613 1556 Δ.Ἐπεὶ
648 1503 934 1569 τυγχάνεις
972 1500 1035 1550 οὐ
1076 1496 1307 1570 φαύλως
1344 1492 1919 1570 ἐπαινοῦσαζΌμηρον
1959 1499 2086 1552 οὐδὲ
2128 1502 2320 1571 ὥσπερ
2364 1508 2387 1557 1

232 1592 287 1640 οἱ
325 1587 528 1640 πολλοὶ
566 1589 913 1638 πιστεύουσα
952 1592 1021 1655 τῇ
1061 1582 1192 1653 δόξῃ
1234 1591 1531 1654 προσποιῇ
1569 1581 1911 1650 θαυμάζειν·
1966 1586 1997 1636 ὃ
2047 1584 2106 1637 δὲ
2147 1584 2324 1638 δεινό-

152 1682 198 1724 10
234 1668 403 1736 τατός
451 1676 631 1736 ἐστιν,
678 1665 941 1742 ᾔσθησαι
984 1676 1086 1721 τοῦ
1121 1676 1390 1739 ποιητοῦ,
1439 1671 1539 1740 τὴν
1588 1671 1721 1738 περὶ
1769 1671 1838 1720 τὰ
1877 1671 2042 1740 πάθη
2083 1676 2193 1721 τῶν
2232 1672 2325 1722 ἀν-

230 1761 487 1829 θρώπων
525 1759 851 1826 ἐμπειρίαν·
901 1753 1077 1806 τᾶλλα
1113 1757 1214 1820 μὲν
1252 1757 1533 1820 ἐάσωμεν,
1585 1757 1636 1805 εἰ
1673 1753 1922 1818 ἐθέλεις,
1974 1755 2042 1805 τὰ
2082 1761 2203 1813 νῦν,
2255 1755 2324 1805 τὰ

230 1852 340 1895 τῶν
377 1841 658 1911 βασιλέων
694 1844 788 1894 καὶ
825 1847 1180 1910 στρατηγῶν,
1235 1842 1367 1909 περὶ
1407 1838 1464 1890 δὲ
1502 1846 1638 1906 μιᾶς
1675 1842 1933 1907 γυναικὸς
1973 1840 2324 1907 σκεψώμεθα

231 1936 341 1980 τῶν
382 1926 765 1995 αἰχμαλώτων,
806 1928 1014 1977 ὁποίαν
1052 1927 1177 1977 τινὰ
1218 1926 1496 1995 πεποίηκε
1534 1927 1633 1996 τὴν
1660 1926 1947 1994 θυγατέρα
1987 1931 2088 1975 τοῦ
2115 1926 2324 1993 ἱερέως,

26 2023 207 2067 313311)
230 2015 296 2086 ἧς
334 2008 506 2076 εὐθὺς
543 2014 798 2083 ἐμνήσθη
837 2004 964 2062 κατ’
1010 2012 1183 2080 ἀρχάς
1221 2018 1319 2081 τῆς
1347 2012 1650 2080 ποιήσεως.
1718 2011 1749 2060 ὁ
1784 2011 1886 2075 μὲν
1912 2010 2015 2078 γὰρ
2050 2004 2324 2078 Ἀγαμέμ-

155 2107 202 2147 15
240 2117 348 2150 νων
389 2090 450 2149 οὗ
488 2096 662 2164 μόνον
699 2100 761 2148 τὸ
802 2096 978 2160 εἶδος,
1029 2094 1169 2147 ἀλλὰ
1219 2098 1312 2147 καὶ
1359 2098 1456 2146 τὸν
1493 2094 1707 2164 τρόπον
1746 2097 2002 2146 ἐπαινεῖν
2042 2096 2188 2145 ἔοικε
2227 2101 2326 2164 τῆς

230 2181 550 2252 παιδίσκης.
629 2180 773 2250 λέγει
811 2182 913 2249 γάρ
954 2183 1030 2243 ὡς
1069 2179 1228 2232 οὐδὲν
1267 2180 1351 2250 εἴη
1392 2181 1493 2242 τὰς
1533 2184 1742 2251 φρένας
1774 2182 1977 2250 χείρων
2016 2188 2115 2251 τῆς
2155 2181 2328 2230 αὐτοῦ

229 2269 512 2334 γυναικός·
556 2264 721 2338 δῆλον
763 2264 821 2317 δὲ
862 2268 939 2327 ὡς
976 2268 1187 2336 ἐκείνην
1229 2267 1485 2332 οἰόμενος
1524 2272 1653 2317 νοῦν
1691 2267 1850 2331 ἔχειν.
1890 2295 1961 2301 —
1991 2267 2062 2316 Ίί
2100 2264 2189 2328 δὲ,
2229 2267 2325 2316 οὐκ
2362 2259 2394 2308 2

236 2350 421 2414 ἄλλως
458 2359 622 2402 τοῦτο
664 2351 845 2421 εἴρηκε
874 2349 967 2402 διὰ
1006 2353 1102 2402 τὸν
1130 2353 1310 2420 ἔρωτα
1339 2353 1742 2416 ἀπατώμενος,
1766 2379 1838 2385 -
1861 2353 1930 2404 Δ.
1951 2345 2109 2402 Ἰδεῖν
2139 2349 2325 2414 ἄξιον·

229 2439 418 2488 καίτοι
455 2434 860 2502 χαλεπώτατον
908 2437 1139 2487 πείθειν
1183 2438 1314 2498 τούς
1358 2438 1618 2505 ἐρῶντας.
1699 2439 1793 2487 καὶ
1834 2437 1937 2506 γὰρ
1983 2439 2326 2487 ὑπονοοῦσιν

154 2532 202 2573 20
238 2523 294 2572 οἱ
331 2519 535 2572 πολλοὶ
569 2523 663 2572 καὶ
702 2517 1014 2588 ὀργίζονται
1053 2519 1281 2590 ῥᾳδίως,
1320 2523 1414 2572 καὶ
1453 2519 1728 2572 οὐδέποτέ
1766 2537 1942 2592 φασιν
1981 2524 2327 2589 ἀγαπᾶσθαι

229 2600 356 2657 κατ’
401 2604 562 2670 ἀξίαν
589 2608 701 2656 ὑπὸ
729 2612 839 2656 τῶν
865 2608 1175 2675 ἐρωμένων,
1216 2604 1401 2668 ἄλλως
1427 2624 1486 2657 τε
1513 2609 1645 2657 ὅταν
1672 2606 1780 2658 ὦσι
1806 2609 2092 2676 κρείττους
2129 2615 2325 2659 τοσοῦ-

21 2675 25 2880 i
231 2709 326 2743 τον
363 2693 456 2743 καὶ
505 2694 761 2752 συνόντες
807 2685 933 2757 μετ’
989 2689 1265 2755 ἐξουσίας.
1319 2719 1388 2726 -
1442 2695 1631 2742 Ταῦτα
1684 2690 1746 2743 δέ
1802 2711 1950 2763 φημι
2002 2695 2326 2759 συμβαίνειν

22 2883 24 2917 ι

6 2139 13 2175 4

230 2782 350 2839 τοῖς
390 2775 630 2848 φαύλοις
668 2779 948 2846 ἐρασταῖς.
988 2805 1056 2813 --
1095 2779 1162 2828 Δ.
1204 2777 1335 2828 Εἴτε
1375 2778 1470 2828 οὖν
1522 2775 1838 2838 σπουδαῖος
1876 2775 1942 2847 ἦν
1982 2781 2013 2829 0‘
2045 2772 2326 2846 Ἀγαμέμ-

230 2881 366 2926 νων,
407 2863 600 2929 ὀρθῶς
637 2863 933 2930 ἐγίγνωσκε
971 2864 1104 2931 περὶ
1151 2863 1347 2932 αὐτῆς,
1400 2861 1512 2913 εἴτε
1550 2867 1672 2923 τοῖς
1712 2860 1950 2923 πολλοῖς
1995 2866 2221 2929 ὅμοιος,
2264 2865 2326 2913 ού

154 2955 201 2996 25
239 2945 438 3016 ῥᾴδιον
478 2944 696 3017 φαύλην
736 2947 907 2998 οὖσαν
947 2948 1148 3015 ἀρέσαι
1185 2949 1281 2997 τὸν
1320 2953 1606 3010 τοιοῦτον,
1660 2948 1803 2997 ὥστε
1851 2948 2074 3018 ἀγαθὴν
2112 2946 2325 2998 ὑπολα-

233 3032 367 3097 βεῖν.
446 3036 580 3101 φέρε
630 3029 693 3101 δὴ
742 3033 836 3082 καὶ
883 3029 1058 3081 τᾶλλα
1110 3029 1332 3095 ἴδωμεν.
1386 3059 1447 3066 -
1488 3033 1603 3081 Καὶ
1651 3032 1775 3081 τίνα
1814 3029 1987 3101 ἀλλην
2025 3030 2321 3095 ἀπόδειξιν
2362 3038 2393 3089 3

234 3117 377 3180 ἔχεις
415 3117 571 3184 παρά
619 3131 678 3182 γε
711 3108 926 3185 Ὁμήρῳ
978 3122 1080 3166 τοῦ
1115 3118 1330 3184 τρόπου
1383 3123 1481 3185 τῆς
1517 3119 1804 3182 γυναικός,·
1850 3115 2010 3168 οὐδὲν
2056 3123 2187 3184 γοῦν
2226 3134 2325 3168 πε-

236 3201 466 3269 ποίηκεν
507 3200 675 3268 αὐτὴν
714 3201 1072 3267 πράττουσαν
1109 3200 1141 3268 ἢ
1184 3196 1467 3266 λέγουσαν,
1508 3197 1648 3252 ἀλλά
1679 3209 1806 3272 σιγῇ
1844 3202 1924 3270 τῷ
1963 3205 2137 3271 πατρὶ
2176 3201 2326 3254 διδο-

380 3411 403 3451 3
435 3401 522 3454 οὐκ
552 3405 604 3463 ἐξ
630 3408 678 3452 Μ
822 3411 848 3452 6
876 3408 1131 3467 χρωμένου
1161 3407 1242 3453 BU
1273 3422 1330 3452 m.
1362 3422 1430 3465 pr.
1577 3408 1724 3471 ταύτῃ
1753 3412 1803 3456 Μ
1937 3418 1962 3458 9
1996 3409 2022 3459 ὃ
2054 3413 2104 3461 δὲ
2133 3413 2214 3460 UB

9 3443 14 3547 λ
241 3483 290 3522 10
322 3472 564 3537 ᾐσθῆσθαι
594 3478 675 3524 UB
767 3483 813 3523 11
848 3478 1003 3533 θέλεις
1033 3479 1082 3523 Μ
1177 3483 1222 3523 15
1254 3475 1343 3525 τὸν
1374 3493 1460 3525 om.
1493 3480 1540 3524 M
1633 3486 1682 3526 16
1715 3482 1785 3528 Cf.
1818 3483 1948 3529 Hom.
1981 3485 2033 3528 11.
2064 3485 2100 3542 Ι,
2137 3491 2216 3532 115

11 3586 13 3588 .
243 3553 288 3593 17
322 3550 370 3594 τί
398 3549 470 3607 «rs,-
502 3550 631 3604 Wil.,
662 3549 707 3596 εἰ
732 3550 781 3597 δὲ
810 3549 913 3594 libri
1090 3553 1140 3594 18
1172 3549 1287 3596 ἰδεῖν
1317 3546 1454 3605 ἄξιον
1484 3551 1618 3597 Dioni
1646 3553 1841 3599 reddidit
1870 3555 1975 3599 Wil.
2152 3560 2205 3601 24
2235 3555 2331 3617 ἐγί-

238 3635 391 3689 νωσκε
420 3621 459 3665 Β
643 3624 695 3665 25
727 3623 816 3667 τοῦ
845 3616 1071 3667 τοιούτου
1100 3621 1140 3666 U
1172 3634 1229 3664 m.
1259 3633 1326 3677 pr.
1358 3623 1445 3681 (τῷ
1484 3619 1688 3686 τοιούτῳ
1723 3637 1751 3668 a
1782 3629 1917 3679 corr.)
2110 3630 2162 3670 27
2196 3623 2333 3675 οὐδὲν

238 3691 323 3735 οὐν
353 3690 387 3733 Β
