2684 4140
1035 265 1262 311 ORATIO
1290 263 1454 309 XLIX.
2219 257 2286 304 95

209 411 518 464 καταλῦσαι
541 410 1032 477 Λακεδαιμονίους
1057 416 1325 460 τοσοῦτον
1349 412 1545 478 χρόνον
1573 408 1859 476 ἄρχοντας,
1899 402 2039 455 ἀλλὰ
2067 400 2289 455 Λύσιδι

212 496 484 568 ὁμιλήσας
521 496 598 565 τῷ
635 498 981 565 Πυθαγόρου
1029 496 1277 565 μαθητῇ.
1372 495 1508 544 ὅθεν
1556 491 1716 557 οἶμαι
1753 488 1900 541 πολὺ
1942 487 2217 560 διήνεγκεν
2254 490 2289 538 ὁ

10 593 187 635 538311)
211 581 509 644 Φίλιππος
535 588 645 632 τῶν
672 584 946 650 πρότερον
984 582 1041 630 ἐν
1067 577 1398 646 Μακεδονίᾳ
1434 574 1902 644 βασιλευσάντων.
1968 568 2093 624 ἀλλ’
2134 576 2288 639 ὅμως

208 669 472 736 τοιαύτης
510 664 777 727 παιδείας
824 666 1101 729 ἐπιτυχών
1149 665 1246 714 οὐκ
1296 664 1532 731 ἐθάρρει
1581 664 1676 712 τὸν
1708 654 2071 729 Ἀλέξανδρον
2121 659 2288 719 αὐτὸς

7 746 170 831 2ffi35
210 742 509 802 διδάσκειν.
592 753 745 819 εὕροι
795 744 847 801 δ’
900 752 968 800 ἄν
1018 767 1105 811 τις
1154 750 1410 809 σπανίως
1456 750 1557 813 μὲν
1602 744 1958 816 φιλοσόφους
2007 741 2283 813 ἄρξαντας
2316 746 2382 809 6μ

208 837 267 886 ἐν
304 837 815 902 τοῖςάνθρώποις,
855 833 993 902 λέγω
1034 832 1092 884 δὲ
1131 834 1232 894 τὰς
1270 834 1671 898 ὠνομασμένας
1708 828 1904 897 ἀρχάς,
1947 829 2289 898 στρατηγούς

207 921 239 990 ἢ
282 918 577 988 σατράπας
613 922 645 990 ἢ
684 917 952 986 βασιλέας
987 919 1466 982 καθισταμένους·
1517 913 1755 966 πλεῖστα
1809 913 1867 965 δὲ
1915 916 2009 964 καὶ
2052 917 2288 980 μέγιστα

210 1002 645 1066 ἀπολαύσαντας
683 998 864 1054 αὐτῶν
899 1003 1094 1070 ἀγαθὰ
1131 1003 1262 1062 τούς
1299 1002 1663 1069 ἀρχομένους·
1701 997 1959 1060 Σόλωνος
1995 1001 2096 1064 μὲν
2117 991 2289 1067 Ἀθη-

210 1091 401 1150 ναίους
437 1092 531 1140 καὶ
562 1083 910 1158 Ἀριστείδου
948 1089 1041 1138 καὶ
1083 1083 1424 1154 Περικλέους
1462 1091 1564 1134 τοῦ
1592 1077 1970 1152 Ἀναξαγόρου
2007 1083 2289 1151 μαθητοῦ,

130 1181 176 1223 lo
214 1173 500 1243 Θηβαίους
547 1171 608 1224 δὲ
639 1165 1113 1237 Ἐπαμεινώνδου,
1157 1163 1459 1235 Ῥωμαίους
1499 1167 1558 1219 δὲ
1596 1171 1791 1233 Νόμα,
1842 1171 1902 1218 όν
1953 1169 2099 1236 φασί
2144 1183 2293 1227 τινες

208 1265 307 1327 τῆς
342 1259 687 1326 Πυθαγόρου
730 1257 938 1325 σοφίας
973 1258 1296 1320 μετασχεῖν·
1342 1245 1662 1313 Ἰταλιώτας
1712 1250 1770 1302 δὲ
1813 1254 2143 1317 σύμπαντας
2181 1257 2292 1301 τῶν

205 1343 638 1411 Πυθαγορικῶν,
676 1346 946 1390 τοσοῦτον
967 1341 1167 1407 χρόνον
1196 1331 1712 1408 εὐδαιμονήσαντας
1736 1338 1829 1387 καὶ
1854 1337 1994 1402 μετὰ
2021 1334 2294 1405 πλείστης

208 1427 473 1491 ὁμονοίας
519 1427 612 1475 καὶ
661 1425 881 1493 εἰρήνης
929 1421 1467 1488 πολιτευσαμένους,
1519 1425 1651 1472 ὅσον
1695 1423 1899 1472 ἐκεῖνοι
1942 1424 2143 1491 χρόνον
2192 1422 2293 1482 τὰς

206 1507 404 1571 πόλεις
442 1507 679 1560 διεῖπον.
765 1510 859 1559 καὶ
893 1515 1053 1577 κοινῇ
1089 1506 1150 1558 δὲ
1188 1508 1257 1558 τὰ
1298 1508 1634 1576 ἰσχυρότατα
1673 1513 1784 1558 τῶν
1823 1508 2035 1570 ἐθνῶν,
2087 1504 2284 1577 ἐπειδὴ
2329 1510 2358 1559 7

120 1600 170 1642 15
208 1585 270 1644 οὗ
321 1591 586 1644 δύνανται
633 1595 722 1644 ἀεὶ
768 1591 1181 1660 βασιλεύεσθαι
1227 1595 1340 1644 ὑπὸ
1389 1599 1502 1644 τῶν
1551 1590 1918 1663 φιλοσόφων,
1979 1589 2294 1653 ἐπιστάτας

208 1683 328 1739 τοῖς
364 1675 660 1745 βασιλεῦσι
695 1680 788 1729 καὶ
813 1680 1086 1746 ἄρχοντας
1111 1680 1344 1739 τούτους
1370 1675 1705 1740 ἀπέδειξαν·
1742 1679 1967 1745 Πέρσαι
1991 1679 2094 1743 μὲν
2134 1677 2295 1744 οἶμαι

209 1765 338 1824 τοὺς
362 1761 736 1829 καλουμένους
763 1756 901 1833 παρ’
936 1757 1128 1824 αὐτοῖς
1153 1761 1380 1830 μάγους,
1410 1764 1468 1812 οἵ
1490 1770 1589 1833 τῆς
1612 1764 1836 1832 φύσεως
1861 1759 2003 1832 ἦσαν
2029 1763 2296 1832 ἔμπειροι

208 1850 301 1899 καὶ
347 1850 477 1909 τούς
524 1850 699 1910 θεοὺς
742 1842 953 1917 ᾔδεσαν
1003 1850 1079 1910 ὡς
1129 1846 1221 1899 δεῖ
1261 1849 1633 1917 θεραπεύειν·
1684 1846 2006 1915 Αἰγύπτιοι
2056 1846 2115 1898 δὲ
2164 1851 2296 1910 τοὺς

212 1935 410 2002 ἱερέας,
451 1934 508 1983 οἳ
543 1936 641 2004 τὴν
680 1927 851 2004 αὐτὴν
888 1935 1204 2003 ἐπιστήμην
1243 1932 1391 1998 εἶχον
1430 1937 1550 1994 τοῖς
1586 1935 1806 2000 μάγοις,
1846 1939 1956 1984 τῶν
1989 1934 2143 1984 θεῶν
2167 1936 2296 1986 ἐπι-

132 2023 181 2065 20
215 2016 548 2085 μελούμενοι
582 2019 676 2069 καὶ
711 2019 780 2068 τὰ
820 2016 1113 2084 ξύμπαντα
1143 2020 1542 2086 γιγνώσκοντες
1578 2020 1688 2086 ὅπῃ
1729 2035 1787 2068 τε
1824 2019 1918 2068 καὶ
1955 2021 2113 2080 ὅπως
2152 2021 2295 2085 ἔχοι·

204 2096 366 2154 Ἰνδοὶ
405 2101 463 2153 δὲ
501 2105 851 2172 Βραχμᾶνας,
889 2104 1179 2173 ἐγκρατείᾳ
1215 2105 1309 2154 καὶ
1337 2100 1660 2171 δικαιοσύνῃ
1698 2100 2075 2172 διαφέροντας
2098 2106 2193 2155 καὶ
2229 2112 2298 2174 τῇ
2350 2160 2353 2162 ,

213 2190 356 2258 πρὸς
393 2190 456 2238 τὸ
495 2189 660 2239 θεῖον
700 2185 882 2258 φιλίᾳ,
921 2189 1059 2239 ὅθεν
1095 2185 1309 2254 μᾶλλον
1350 2186 1511 2238 ἴσασι
1549 2188 1617 2237 τὰ
1654 2185 1929 2253 μέλλοντα
1967 2189 1998 2258 ἢ
2041 2190 2098 2238 οἱ
2135 2187 2299 2239 ἄλλοι

211 2274 518 2342 ἄνθρωποι
553 2274 622 2324 τὰ
648 2275 904 2343 παρόντα
933 2264 1152 2335 αὐτοῖς·
1188 2270 1397 2324 Κελτοὶ
1436 2271 1495 2323 δὲ
1536 2274 1631 2334 οὓς
1659 2269 1998 2339 ὀνομάζουσι
2023 2272 2291 2343 Δρυΐδας,
2332 2273 2363 2324 8

211 2361 305 2409 καὶ
342 2361 573 2420 τούτους
610 2361 743 2428 περὶ
778 2361 1046 2430 μαντικὴν
1086 2361 1250 2420 ὄντας
1285 2361 1379 2410 καὶ
1415 2361 1513 2429 τήν
1552 2356 1724 2429 ἄλλην
1765 2360 2002 2429 σοφίαν·
2052 2359 2130 2410 ὧν
2165 2361 2297 2411 ἄνευ

133 2447 182 2489 25
216 2448 337 2504 τοῖς
374 2442 699 2510 βασιλεῦσιν
749 2442 908 2495 οὐδὲν
957 2441 1083 2514 ἐξῆν
1121 2446 1392 2513 πράττειν
1433 2441 1559 2494 οὐδὲ
1596 2442 2004 2510 βουλεύεσθαι,
2053 2446 2197 2495 ὥστε
2235 2447 2298 2495 τὸ

216 2530 315 2593 μὲν
355 2526 568 2597 ἀληθὲς
604 2530 846 2590 ἐκείνους
883 2531 1087 2598 ἄρχειν,
1126 2532 1257 2591 τοὺς
1296 2527 1354 2580 δὲ
1381 2527 1653 2597 βασιλέας
1680 2531 1862 2580 αὐτῶν
1886 2532 2170 2599 ὑπηρέτας
2206 2533 2301 2581 καὶ

21 2616 194 2660 850311)
221 2610 510 2674 διακόνους
547 2615 845 2681 γίγνεσθαι
882 2621 980 2685 τῆς
1017 2617 1238 2685 γνώμης
1275 2617 1333 2665 ἐν
1382 2616 1621 2684 θρόνοις
1667 2620 1898 2684 χρυσοῖς
1943 2616 2301 2685 καθημένους

215 2699 310 2748 καὶ
358 2699 537 2759 οἰκίας
585 2696 829 2765 μεγάλας
872 2701 1160 2761 οἰκοῦντας
1205 2701 1298 2750 καὶ
1347 2697 1670 2761 πολυτελῶς
1708 2701 2134 2765 εὐωχουμένους.
2207 2701 2302 2750 καὶ

214 2783 316 2851 γὰρ
366 2780 429 2853 δή
482 2790 678 2834 τοῦτον
718 2786 864 2846 εἰκός
901 2786 1025 2835 ἐστι
1063 2790 1250 2835 πᾶσαν
1289 2786 1459 2855 ἀρχὴν
1509 2786 1822 2835 ἱκανώτατα
1877 2783 2189 2855 διοικῆσαι,
2237 2784 2301 2844 ὃς

135 2869 184 2910 30
219 2869 316 2937 τήν
348 2865 752 2938 χαλεπωτάτην
791 2870 959 2940 ἀρχὴν
999 2867 1262 2940 διηνεκῶς
1290 2871 1473 2937 ἄρχων
1503 2867 1735 2920 δύναται
1762 2873 2027 2938 παρέχειν
2055 2869 2301 2936 ἀναμάρ-

214 2969 379 3021 τητον
428 2954 610 3005 αὐτόν.
687 2955 718 3004 ὁ
763 2956 949 3005 τοίνυν
989 2952 1311 3024 φιλόσοφος
1359 2955 1447 3004 ἀεὶ
1486 2956 1659 3003 αὑτοῦ
1693 2955 1875 3021 ἄρχει·
1927 2953 1958 3003 ὃ
2008 2950 2086 3019 τῷ
2126 2953 2297 3002 παντὶ
2335 2952 2368 3003 9

0 3031 2 3066 ¹
41 3038 122 3080 (539
145 3042 195 3084 Μ)
213 3034 607 3105 χαλεπώτερον
642 3039 674 3107 ἢ
717 3041 1056 3104 συμπάντων
1091 3040 1193 3104 μὲν
1225 3032 1507 3107 Ἑλλήνων,
1549 3040 1889 3103 συμπάντων
1918 3035 2302 3106 δὲβαρβάρων

215 3117 550 3183 βασιλεύειν.
628 3125 797 3172 ποῖον
836 3123 936 3185 μὲν
973 3122 1076 3190 γὰρ
1118 3123 1294 3182 οὕτως
1342 3123 1535 3190 ἄγριον
1589 3122 1918 3190 ἀνθρώπων
1956 3125 2113 3188 γένος
2151 3123 2302 3172 ἐστὶν

218 3203 295 3262 ὡς
333 3203 495 3269 ὀργαί
540 3220 598 3253 τε
646 3205 740 3255 καὶ
777 3206 995 3274 φθόνοι
1031 3206 1124 3256 καὶ
1163 3202 1501 3275 φιλονικίαι,
1552 3204 1628 3256 ὧν
1669 3207 1835 3256 αὐτὸν
1874 3207 2104 3276 ἐγκρατῆ
2158 3205 2304 3256 εἶναι

362 3369 380 3408 1
417 3360 544 3411 λύσει
573 3362 845 3424 διομιλήσας
873 3366 922 3409 Μ
1036 3372 1063 3411 4
1094 3363 1239 3422 αὐτὸς
1269 3369 1451 3422 Reiske‚
1484 3360 1626 3424 οὗτος
1653 3370 1742 3413 ΒΜ
1775 3363 1927 3424 οὕτως
1957 3371 2039 3417 UT
2171 3375 2196 3415 9
2225 3374 2305 3418 καὶ

215 3428 498 3493 Ἀριστείδου
527 3439 740 3492 suspecta
857 3441 909 3481 10
938 3434 1268 3494 ἐπαμινώνδου
1298 3439 1375 3482 ΒΤ
1466 3443 1591 3496 νομᾶ
1623 3440 1699 3485 UB
1732 3444 1886 3498 νουμᾶ
1914 3441 1965 3485 Μ
1996 3437 2148 3499 νουμὰ
2178 3441 2218 3486 Τ

218 3508 270 3549 15
301 3501 492 3552 δύναται
523 3506 644 3550 UBT
759 3503 992 3567 ἐπιβάτας
1020 3508 1068 3550 Μ
1096 3520 1158 3554 m.
1179 3522 1263 3565 pr„
1295 3510 1333 3553 T
1424 3514 1472 3553 17
1506 3508 1553 3556 οἳ
1579 3511 1804 3566 Reiskius‚
1828 3504 1904 3559 ὅτι
1933 3512 2038 3558 libri
2153 3517 2207 3557 20
2237 3513 2305 3571 πῇ

215 3590 267 3621 τε
294 3575 414 3630 libri,
447 3589 561 3620 corr.
591 3576 802 3623 Dindorf.
976 3582 1029 3623 26
1059 3576 1294 3639 ὑπηρέτας
1320 3593 1409 3625 om.
1442 3581 1490 3624 M
1519 3595 1579 3627 m.
1608 3595 1677 3638 pr.
1852 3586 1907 3628 28
1937 3584 2226 3640 πολυτίμους
2255 3583 2305 3627 Μ

215 3647 487 3703 πολυτίμως
516 3646 624 3701 UB,
668 3660 782 3692 corr.
815 3650 1011 3694 Cobetus
1183 3654 1236 3694 30
1267 3654 1489 3709 διηνεκῶς
1519 3652 1719 3710 selden„
1749 3651 2029 3714 διενηνοχώς
2058 3655 2163 3700 libri

217 3718 266 3759 31
301 3711 447 3763 αὐτοῦ
475 3718 526 3762 Μ
643 3722 697 3763 34
728 3721 1010 3777 φιλονεικίαι
1043 3720 1163 3765 UBT
