2684 4140
1043 261 1272 309 ORATIO
1303 261 1514 307 XXXIX.
2254 260 2319 307 43

9 474 10 478 Ἰ
234 412 627 478 βεβαιοτέραν,·
665 411 750 461 ἔτι
789 407 846 460 δὲ
886 410 1133 474 εὔθυμός
1170 409 1287 473 εἰμι
1322 409 1416 459 καὶ
1454 405 1547 458 διὰ
1586 409 1648 457 τὸ
1689 413 1786 476 τῆς
1826 406 2132 475 συνηθείας
2170 406 2311 470 ὑμᾶς
2338 407 2404 457 50

7 480 11 558 ἰ
238 492 714 556 δυσαπαλλάκτως
764 495 921 559 ἔχειν.
1010 495 1060 544 εἰ
1107 493 1208 563 γὰρ
1247 496 1279 562 ή
1323 494 1521 553 στάσις
1558 493 1807 557 τοσούτῳ
1843 493 2023 559 χρόνῳ
2079 488 2171 541 διὰ
2220 492 2318 561 τήν

0 560 12 619 λ
239 580 543 649 συνήθειαν
589 581 759 644 μόνον
807 581 1176 648 ἐμμεμένηκεν
1213 579 1367 642 ὑμῖν,
1417 574 1741 646 τηλικοῦτον
1782 575 1920 625 οὖσα
1958 578 2151 638 κακόν,
2196 581 2320 636 πῶς

20 676 214 720 (154311)
238 664 357 728 οὐχὶ
403 665 497 714 καὶ
541 665 641 725 τὰς
691 661 993 731 διαλλαγὰς
1030 664 1178 724 εἰκός
1215 665 1367 713 ἐστιν
1417 659 1608 729 ἡδίους
1657 678 1716 711 τε
1757 660 1927 721 οὔσας
1975 661 2069 710 καὶ
2106 658 2318 710 δικαιο-

188 759 212 799 5
249 751 414 816 τέρας
452 750 714 818 ποιήσειν
760 750 853 799 καὶ
900 750 998 818 τήν
1049 748 1353 817 συνήθειαν
1399 744 1629 816 ἠδίονα,·
1673 746 1767 795 καὶ
1815 743 2211 815 φυλάττεσθαι
2262 742 2319 795 δὲ

236 828 594 901 μικρά<τινα>
631 830 818 902 δεήσει
853 834 946 883 καὶ
982 834 1093 901 πρὸ
1123 833 1390 882 ἁπάντων
1415 832 1546 891 τούς
1572 828 1779 899 ἄνδρας
1805 831 1935 891 τούς
1962 827 2214 892 ἀδόξους,
2256 831 2322 879 ἄν

240 933 382 967 ποτε
412 914 791 983 διαβάλλωσιν
817 918 956 982 ὑμᾶς
982 913 1260 985 ἀλλήλοις.
1325 916 1398 984 μή
1427 915 1529 982 γάρ
1559 915 1830 983 ἀκούσητε
1865 915 2045 963 αὐτῶν
2086 911 2230 963 ἴδιόν
2268 932 2324 964 τι

236 1001 601 1071 θηρωμένων,
630 1003 680 1052 εἰ
705 998 1078 1070 βουλήσονται
1103 997 1277 1049 πάλιν
1307 1001 1497 1059 αὐτοῖς
1522 999 1793 1065 γενέσθαι
1818 998 1942 1048 τινὰ
1965 1000 2169 1065 χώραν.
2232 999 2325 1048 καὶ

236 1091 447 1154 μικρῶν
489 1083 547 1135 δὲ
586 1087 762 1135 ἕνεκεν
787 1070 1333 1154 μήπαροξύνεσθαι.
1395 1084 1645 1143 καὶτοὺς
1670 1083 1845 1142 θεοὺς
1884 1079 1942 1132 δὲ
1983 1082 2130 1141 εἰκός
2168 1083 2321 1131 ἐστιν
2344 1083 2407 1133 51

156 1180 204 1222 10
237 1167 445 1235 μᾶλλον
477 1171 706 1218 πάντων
744 1165 1199 1237 ἐπιμελήσεσθαι
1223 1173 1327 1216 τοῦ
1363 1170 1663 1232 συμμεῖναι
1687 1167 1785 1235 τήν
1813 1162 2097 1230 ὁμόνοιαν.
2164 1163 2324 1229 οἶμαι

4 1284 5 1304 ;
57 1267 139 1307 (483
159 1267 211 1310 Μ)
235 1254 337 1323 γὰρ
387 1255 479 1304 καὶ
518 1245 688 1322 αὐτὴν
725 1253 930 1321 ταύτην
973 1254 1071 1321 τήν
1110 1252 1280 1321 ἀρχὴν
1319 1245 1460 1319 παρ’
1515 1251 1739 1300 ἐκείνων
1787 1249 2059 1316 γενέσθαι
2095 1250 2189 1298 καὶ
2228 1242 2326 1299 οὐκ

242 1339 308 1388 ἂν
348 1334 531 1398 ἄλλως
567 1333 837 1386 ἐπελθεῖν
874 1351 975 1400 μοι
1011 1332 1291 1404 τολμῆσαι
1340 1337 1472 1405 περὶ
1519 1332 1846 1404 τηλικούτου
1899 1335 2230 1401 πράγματος
2267 1335 2325 1383 ἐν

237 1424 366 1487 ὑμῖν
406 1419 598 1488 λέγειν,
637 1421 779 1488 ὑπὲρ
820 1418 890 1470 οὗ
920 1418 1117 1490 μηδεὶς
1155 1414 1434 1489 πρότερον
1473 1418 1601 1470 εἷπε
1637 1420 1775 1489 μήτε
1815 1416 1939 1479 νέος
1976 1420 2114 1488 μήτε
2154 1432 2325 1486 πρεσ-

235 1506 481 1573 βύτερος.
569 1506 692 1555 ἔστι
740 1502 798 1555 δὲ
846 1507 939 1555 καὶ
989 1502 1148 1568 ἀξιον
1200 1497 1391 1565 αὐτοῖς
1439 1501 1720 1567 εὔξασθαι
1758 1500 1948 1554 πάλιν.
2038 1496 2232 1553 οὐκοῦν
2271 1505 2328 1553 ἐν

161 1600 209 1643 15
245 1592 385 1660 ἀρχῇ
419 1591 521 1656 μὲν
559 1582 801 1655 εὐξάμην
840 1581 1048 1652 αὐτοῖς,
1090 1590 1179 1640 ἵνα
1217 1606 1318 1655 μοι
1355 1589 1739 1654 πειθομένους
1765 1590 2135 1658 παράσχωσιν
2161 1589 2329 1653 ὑμᾶς·

236 1677 364 1726 ἐπεὶ
403 1672 473 1726 δὲ
500 1681 665 1725 τοῦτο
717 1672 820 1744 ἤδη
877 1674 1094 1724 ἐοίκατε
1143 1678 1358 1736 ποιεῖν,
1412 1671 1617 1724 λοιπόν
1665 1676 1819 1724 ἐστιν
1869 1671 2149 1736 εὔξασθαι
2200 1675 2331 1742 περὶ

237 1766 340 1810 τοῦ
377 1757 677 1830 φυλάττειν
718 1752 922 1820 αὐτοὺς
960 1759 1041 1819 εἰς
1080 1759 1168 1809 ἀεὶ
1205 1758 1274 1808 τὰ
1312 1755 1496 1818 καλῶς
1537 1755 1780 1820 δόξαντα
1818 1759 1963 1823 ὑμῖν.

5 641 10 740 ἒ

5 741 8 810 ,ῑ

5 831 7 866 5

1110 1967 1447 1975 Ἦ*

0 2267 3 2306 ,
807 2207 931 2273 (22)
979 2205 1205 2270 ΠΕΡΙ
1254 2202 1748 2271 ΟΜΟΝΟΙΑΣ

20 2300 215 2341 ‹mn›
274 2289 402 2356 EN
456 2289 845 2356 ΝΙΚΑΙΑΙ
901 2288 1571 2356 ΠΕΠΑΥΜΕΝΗΣ
1627 2289 1811 2354 ΤΗΣ
1867 2289 2291 2357 ΣΤΑΣΕΩΣ.

376 2513 508 2587 Ἐγὼ
531 2521 710 2589 χαίρω
740 2522 1052 2586 τιμώμενος
1078 2512 1179 2590 ὑφ’
1222 2522 1392 2586 ὑμῶν,
1435 2521 1627 2589 ὥσπερ
1657 2518 1806 2581 εἰκός
1831 2522 1956 2571 ἑστι
1976 2523 2194 2591 χαίρειν
2228 2524 2324 2574 τὸν
2369 2531 2394 2579 1

241 2602 416 2674 ἄνδρα
465 2607 561 2656 τὸν
616 2608 885 2676 σώφρονα
930 2607 1245 2672 τιμώμενον
1295 2607 1408 2656 ὑπὸ
1462 2600 1686 2667 πόλεως
1746 2606 1970 2676 ἀγαθῆς
2016 2608 2110 2657 καὶ
2165 2602 2330 2675 λόγου

159 2696 209 2737 20
245 2687 423 2754 ἀξίας,
465 2692 656 2760 ὥσπερ
693 2695 724 2761 ή
764 2693 1000 2761 ὑμετέρα
1039 2687 1210 2752 πόλις
1245 2689 1385 2741 κατά
1426 2708 1485 2741 τε
1523 2692 1680 2756 ἰσχύν
1719 2693 1813 2742 καὶ
1848 2692 2095 2759 μέγεθος
2109 2732 2124 2755 ,
2176 2686 2331 2743 οὐδε-

237 2781 368 2840 μιᾶς
415 2779 701 2845 ἡττωμένη
740 2782 852 2827 τῶν
901 2778 1184 2827 ὁποίποτε
1230 2773 1474 2839 ἐνδόξων
1513 2779 1706 2842 γένους
1755 2793 1815 2827 τε
1852 2772 2204 2843 γενναιότητι
2239 2779 2334 2828 καὶ

238 2857 503 2930 πλήθους
532 2849 866 2931 συνοικήσει,
894 2868 1005 2913 τῶν
1037 2859 1450 2930 φανερωτάτων
1476 2867 1648 2928 γενῶν
1677 2856 1774 2910 οὐκ
1800 2855 2119 2926 ἀλλαχόθεν
2146 2858 2330 2912 ἄλλων

241 2939 632 2996 συνελθόντων
683 2944 913 3016 φαύλων
949 2948 1043 2997 καὶ
1080 2944 1309 3013 ὀλίγων,
1359 2943 1500 2995 ἀλλὰ
1535 2936 1804 3014 Ἑλλήνων
1842 2962 1901 2995 τε
1939 2951 2049 2995 τῶν
2090 2948 2331 3014 πρώτων

237 3030 332 3079 καὶ
368 3028 742 3081 Μακεδόνων·
782 3033 844 3081 τὸ
887 3028 944 3081 δὲ
982 3035 1247 3098 μέγιστον
1284 3028 1473 3099 ἥρωάς
1510 3046 1569 3080 τε
1607 3030 1701 3079 καὶ
1738 3030 1912 3090 θεοὺς
1942 3030 2193 3091 οἰκιστὰς
2234 3028 2327 3080 λα-

160 3123 208 3164 25
246 3113 440 3178 βοῦσα.
516 3118 726 3182 πρέπει
765 3112 823 3165 δὲ
861 3119 982 3176 τοῖς
1018 3117 1130 3165 ὑπὸ
1168 3115 1324 3165 θεῶν
1364 3107 1696 3180 ᾠκισμένοις
1734 3115 1920 3184 εἰρήνη
1960 3115 2054 3164 καὶ
2092 3112 2326 3179 ὁμόνοια
2367 3121 2398 3170 2

385 3292 410 3333 2
440 3283 467 3346 ἦ
489 3301 573 3345 pro
595 3289 639 3335 εἰ
657 3289 706 3333 Μ
792 3290 945 3334 malim
965 3293 1204 3337 τοσοῦτον
1222 3286 1407 3349 χρόνον
1496 3293 1520 3334 3
1540 3287 1803 3349 ἐμμένηκεν
1823 3291 1870 3335 Μ
1955 3295 1982 3335 4
2000 3287 2188 3350 ἦδείους
2207 3293 2258 3338 Μ

238 3363 262 3403 5
293 3353 461 3417 ἡδίονα
491 3359 614 3415 Wi1.,
644 3360 847 3406 πλείονα
875 3360 979 3405 libri
1082 3360 1135 3420 δὴ
1167 3360 1282 3415 libri,
1313 3361 1362 3408 δὲ
1392 3360 1559 3406 Reiske
1675 3365 1699 3406 6
1732 3379 1838 3409 τινα
1868 3362 2014 3407 adieci
2132 3367 2156 3409 8
2187 3368 2332 3424 θηρο-

238 3428 397 3486 μένων
426 3430 475 3474 Μ
601 3429 647 3476 οἳ
676 3444 757 3487 pro
790 3431 833 3477 εἰ
859 3431 979 3476 UBT
1104 3431 1148 3478 εἰ
1172 3427 1494 3491 βουλήσονται
1522 3432 1672 3476 malim
1702 3433 1877 3488 abesse,
1907 3438 1960 3478 ut
1989 3435 2215 3479 scribatur
2242 3435 2330 3489 <τό

239 3497 410 3558 πάλιν)
497 3495 659 3556 αὐτοῖς
679 3502 796 3557 libri,
827 3515 939 3547 corr.
961 3502 1166 3559 impressi
1248 3501 1410 3560 χαράν
1427 3503 1544 3557 libri,
1575 3516 1690 3549 corr.
1712 3504 1859 3561 Emp„
1887 3497 2031 3565 χάριν
2052 3504 2246 3551 Casaub.

241 3575 267 3616 9
298 3568 438 3619 ἕνεκα
468 3573 505 3616 Β
537 3569 668 3620 ἕνεκε
701 3573 738 3616 T
853 3569 1207 3632 παροξύνεσθαι
1235 3572 1285 3616 Μ
1316 3574 1429 3628 (scil.
1461 3570 1630 3633 δεήσει)
1661 3573 1996 3634 παροξύνεσθε
2026 3575 2108 3621 UB
2236 3574 2336 3622 ε’στι

239 3643 321 3689 ΠΤ
413 3648 464 3688 10
496 3647 728 3703 συμβῆναι
759 3643 878 3689 UBT
970 3648 1015 3688 11
1053 3640 1342 3703 γενήσεσθαι
1370 3644 1487 3699 libri,
1519 3659 1633 3691 corr.
1665 3646 1799 3703 Emp.
1903 3651 1955 3691 14
1986 3642 2158 3702 αὐτοὺς
2188 3647 2237 3691 Μ

242 3718 293 3759 16
323 3713 400 3762 ἐπὶ
432 3715 481 3758 Μ
597 3718 645 3759 21
681 3710 952 3774 ἡττωμένην
981 3715 1031 3759 Μ
1147 3719 1200 3760 25
1231 3715 1386 3775 πρέπη
1416 3716 1465 3760 Μ
