2684 4140
38 0 47 21 ⁸,
127 2 134 18 τ

60 75 63 78 ’
92 77 105 101 ν’

1109 258 1336 305 ORATIO
1366 259 1486 306 XLI.
2285 263 2352 311 59

98 416 178 459 (500
199 417 251 459 Μ)
277 403 488 475 δωρεὰν
526 408 736 471 μετέχω
775 411 873 474 τῆς
912 402 1148 466 πόλεως.
1244 398 1366 455 ἀλλ’
1420 407 1546 456 ὅσοι
1590 407 1691 470 μὲν
1731 397 1891 457 αὐτοὶ
1929 390 2353 476 πολῖταιγεγό-

274 503 435 553 νασι,
474 492 698 551 τούτοις
733 491 904 555 μόνον
941 490 1180 558 ὑπάρχει
1221 487 1637 559 φιλάνθρωπον
1676 492 1738 540 τὸ
1778 498 1876 561 τῆς
1914 489 2148 561 δωρεᾶς,
2189 495 2251 544 τὸ
2294 491 2352 544 δὲ

274 581 372 644 τῆς
412 575 634 644 φύσεως
660 575 957 641 ἀναγκαῖον
987 575 1049 623 οὐ
1078 576 1399 643 πρόσεστιν.
1463 576 1590 639 ε’μοὶ
1617 572 1675 625 δὲ
1703 576 2040 646 ἀμφοτέρων
2065 581 2352 643 μέτεστιν·

276 660 307 708 ὁ
342 660 443 724 μὲν
480 660 582 728 γὰρ
634 661 878 720 πάππος
927 660 958 709 ὁ
1003 660 1137 724 ἐμὸς
1182 660 1322 725 μετὰ
1372 666 1470 729 τῆς
1506 661 1716 729 μητρὸς
1753 668 1850 731 τῆς
1888 663 2023 732 ἐμῆς
2061 662 2216 731 παρὰ
2253 669 2356 713 τοῦ
2391 665 2423 717 6

219 753 242 793 5
279 746 405 794 τότε
444 745 850 812 αὐτοκράτορος
889 741 1056 814 φίλου
1097 746 1257 806 ὄντος
1306 745 1420 810 ἅμα
1469 752 1567 814 τῆς
1597 735 1883 810 Ῥωμαίων
1932 745 2226 808 πολιτείας
2262 749 2355 798 καὶ

274 834 371 897 τῆς
419 829 687 897 ὑμετέρας
735 829 945 893 ἔτυχεν,
999 829 1030 878 ο
1069 825 1126 878 δὲ
1176 830 1361 898 πατὴρ
1411 822 1552 897 παρ’
1605 830 1784 894 ὑμῶν·
1837 832 1979 882 ὥστε
2028 833 2122 882 καὶ
2163 833 2354 900 χάριτι

272 913 366 962 καὶ
401 916 547 979 γένει
585 909 822 982 πολίτης
858 910 1122 981 ὑμέτερός
1160 914 1291 978 εἰμι.
1367 914 1429 962 τὸ
1468 913 1572 982 γὰρ
1613 914 1889 983 ἀπωτέρω
1919 912 2074 966 δυοῖν
2099 916 2353 982 βαθμοῖν

275 991 455 1066 ζητεῖν
492 999 555 1047 τὸ
593 1001 750 1064 γένος
788 995 1045 1062 οὐδαμῶς
1082 998 1343 1058 ἐπιεικές.
1408 995 1589 1058 οὐδεὶς
1613 998 1716 1066 γὰρ
1759 999 1901 1048 οὕτω
1940 1002 2005 1049 τό
2042 1015 2101 1065 γε
2141 997 2355 1069 ἀληθὲς

274 1079 335 1144 ἐξ
371 1079 631 1147 οὐδεμιᾶς
667 1082 1036 1151 εὑρεθήσεται
1085 1078 1320 1142 πόλεως.
1406 1083 1499 1132 καὶ
1544 1083 1651 1152 μὴν
1698 1087 1808 1132 τῶν
1846 1098 1905 1149 γε
1955 1084 2102 1149 ἐμῶν
2151 1089 2353 1135 τέκνων

196 1176 243 1219 10
279 1164 377 1235 ἥδε
420 1167 626 1234 πατρίς
675 1167 798 1216 ἐστι
843 1162 1066 1230 μᾶλλον.
1163 1167 1373 1230 τὸμὲν
1425 1166 1520 1216 οὖν
1569 1167 1868 1233 ἀναγκαῖον
1920 1166 2356 1220 συνακολουθεῖν

58 1263 254 1305 (182311)
280 1250 348 1300 τὰ
387 1253 546 1300 τέκνα
584 1247 663 1315 τῷ
703 1249 906 1317 πατρί·
962 1245 1108 1298 πολὺ
1150 1245 1208 1298 δὲ
1247 1246 1407 1318 ἥδιον
1445 1250 1541 1300 τὸν
1581 1253 1798 1318 πατέρα
1837 1255 1958 1312 τοῖς
1996 1253 2166 1303 παισὶ
2206 1257 2357 1303 συνέ-

275 1334 511 1385 πεσθαι.

417 1416 510 1468 διὰ
556 1419 656 1482 μὲν
696 1415 759 1487 δή
811 1422 984 1467 ταῦτα
1023 1417 1213 1478 εὔνους
1251 1418 1326 1467 ὢν
1364 1419 1493 1482 ὑμῖν
1539 1419 1786 1485 τυγχάνω
1824 1421 1916 1474 καὶ
1955 1418 2191 1471 πολίτου
2234 1419 2350 1471 διά·
2393 1425 2422 1474 7

274 1503 442 1553 θεσιν
492 1503 625 1567 ἔχω·
673 1504 766 1553 καὶ
813 1507 1070 1572 φανερῶς
1121 1499 1178 1552 δὲ
1231 1499 1504 1572 ἐδήλωσα.
1593 1510 1692 1573 τῆς
1737 1504 1839 1573 γὰρ
1892 1503 2209 1574 φιλονικίας
2247 1507 2357 1556 ἐνε-

195 1596 241 1638 15
281 1589 500 1656 στώσης
528 1591 654 1648 ταῖς
679 1584 900 1649 πόλεσι,
938 1588 1031 1637 καὶ
1055 1594 1153 1657 τῆς
1193 1585 1468 1655 πατρίδος
1509 1586 1731 1658 σφόδρα
1761 1591 1862 1654 μὲν
1891 1587 2223 1659 αἰδουμένης
2261 1591 2357 1655 ἐμὲ

274 1674 478 1723 ἄκοντα
517 1670 828 1742 ἐνοχλῆσαι,
871 1670 1093 1743 σφόδρα
1134 1670 1192 1723 δὲ
1233 1674 1631 1743 ἐπιθυμούσης
1669 1671 1968 1741 ἀναλαβεῖν
2006 1676 2068 1724 τὸ
2110 1680 2356 1742 πρᾶγμα,

276 1754 547 1818 πολλάκις
583 1756 664 1823 τῷ
690 1763 853 1822 τιμᾶν
881 1754 1337 1826 προκαλουμένης
1366 1749 1462 1821 οὑχ
1487 1759 1778 1827 ὑπήκουσα
1807 1761 1953 1826 πρὸς
1979 1764 2142 1808 τοῦτο
2169 1760 2356 1823 μόνον,

277 1838 435 1891 οὐδὲν
484 1841 550 1890 ἂν
589 1842 826 1910 ὀκνήσας
863 1842 1074 1910 ἐκείνης
1111 1844 1288 1892 ἕνεκεν
1327 1849 1598 1911 ποιῆσαι,
1648 1840 1885 1912 μηδενὸς
1926 1840 2159 1893 ἔλαττον
2198 1844 2359 1907 τυχὸν

278 1923 493 1993 πρᾶξαι
531 1923 848 1990 δυνάμενος,
887 1928 980 1976 καὶ
1020 1923 1201 1996 φίλων
1239 1943 1340 1992 μοι
1379 1928 1552 1976 ὄντων
1593 1927 1717 1977 οὐτε
1758 1925 1958 1994 ὀλίγων
1998 1928 2122 1978 οὔτε
2161 1924 2360 1977 ἀδυνά-

201 2017 249 2058 20
284 2026 411 2073 των,
455 2011 544 2060 ἵνα
570 2008 742 2079 μηδὲν
781 2012 1107 2080 ἐπίφθονον
1147 2010 1290 2062 εἴπω
1329 2009 1469 2080 μηδὲ
1510 2011 1540 2061 ὃ
1568 2009 1807 2081 λυπήσει
1832 2015 2004 2075 τινάς,
2044 2013 2128 2062 ἔτι
2167 2009 2225 2061 δὲ·
2267 2013 2361 2061 οὐκ

280 2096 452 2145 ὀκνῶν
499 2097 596 2165 τήν
636 2093 790 2158 ὁδόν,
844 2097 1015 2146 ὁπότε
1066 2093 1159 2146 δεῖ
1197 2113 1265 2161 με
1312 2098 1404 2146 καὶ
1453 2093 1637 2156 ἄλλως
1686 2098 1933 2147 ἀπιέναι.
2008 2099 2220 2146 τούτων
2262 2096 2354 2146 οὖν
2395 2098 2424 2149 8

277 2181 641 2248 ὑπαρχόντων
678 2181 1003 2249 ἀπεσχόμην
1051 2187 1153 2230 τοῦ
1189 2182 1546 2248 πράγματος,
1600 2181 1695 2230 οὐκ
1743 2182 1985 2242 ε’κείνους
2035 2178 2357 2249 προδιδούς,

278 2256 402 2314 ἀλλ’
448 2262 778 2329 αἰδούμενος
812 2266 956 2330 ὑμᾶς
992 2266 1085 2316 καὶ
1112 2261 1350 2330 νομίζων
1372 2266 1793 2334 χρησιμώτερος
1820 2266 2063 2316 ἔσεσθαι
2085 2267 2360 2326 κάκείνοις

275 2351 368 2400 καὶ
404 2350 561 2415 ὑμῖν,
611 2344 705 2399 ἐὰν
755 2347 1005 2415 δύνωμαι
1057 2347 1229 2418 φίλας
1276 2357 1520 2420 ποιῆσαι
1571 2350 1672 2410 τοὶς
1721 2347 1917 2410 πόλεις
1966 2356 2076 2400 τῶν
2124 2368 2182 2400 τε
2223 2353 2359 2419 πρό-

183 2443 232 2484 25
271 2451 431 2502 τερον
481 2430 806 2504 ζητημάτων
855 2432 1187 2497 ἀπαλλάξας
1233 2436 1326 2485 καὶ
1378 2437 1440 2485 τὸ
1482 2432 1684 2484 λοιπὸν
1723 2435 1804 2495 εἰς
1844 2435 2062 2486 εὔνοιαν
2099 2436 2192 2485 καὶ
2231 2436 2359 2500 ὁμό-

277 2535 434 2569 νοιαν
496 2521 978 2588 προτρεψάμενος.
1096 2526 1259 2570 τοῦτο
1322 2520 1424 2588 γὰρ
1484 2521 1752 2570 ἀπάντων
1807 2518 2100 2586 βέλτιστόν
2156 2537 2215 2570 τε
2269 2521 2363 2569 καὶ

278 2605 508 2670 ἄριστον
549 2605 610 2654 οὐ
649 2607 820 2669 μόνον
859 2608 980 2666 τοῖς
1020 2604 1169 2666 ἴσοις
1208 2607 1353 2674 πρὸς
1392 2602 1680 2674 ἀλλήλους,
1721 2602 1861 2654 ἀλλὰ
1899 2606 1992 2655 καὶ
2029 2608 2149 2665 τοῖς
2185 2605 2360 2672 κρείτ-

276 2702 404 2738 τοσι
453 2690 596 2757 πρὸς
644 2691 774 2750 τοὺς
824 2687 1280 2758 ὑποδεεστέρους.
1365 2691 1679 2754 ἐπίσταμαι
1725 2691 1826 2754 μὲν
1866 2690 1960 2740 οὖν
2000 2691 2077 2750 ὡς
2109 2686 2357 2754 χαλεπόν
2396 2689 2426 2739 9

276 2774 428 2823 ἐστιν
468 2774 793 2842 ἀνθρώπων
831 2771 1036 2836 ἐξελεῖν
1075 2775 1207 2843 ἔριν,
1246 2775 1340 2824 καὶ
1364 2780 1538 2824 ταῦτα
1567 2776 1624 2824 έν
1651 2771 1875 2824 πλείονι
1906 2776 2085 2842 χρόνῳ
2114 2773 2360 2841 τεθραμ-

197 2864 246 2906 30
281 2862 466 2927 μένην,
508 2859 698 2928 ὥσπερ
738 2861 954 2929 νόσημα
994 2861 1051 2909 ἑκ
1090 2857 1308 2909 πολλοῦ
1333 2860 1695 2928 συμπεφυκὸς
1723 2858 1784 2906 οὐ
1812 2855 2011 2926 ῥᾴδιον
2038 2854 2362 2919 ἀπαλλάξαι

45 2940 182 3025 (13ῗὸοῆ
204 2939 257 3024 fl}
281 2950 383 2993 τοῦ
421 2946 697 3009 σώματος,
739 2941 922 3005 ἄλλως
959 2961 1018 2994 τε
1058 2943 1115 2994 εἴ
1144 2962 1231 3005 τις
1269 2940 1466 2994 ἐθέλοι
1505 2940 1801 3002 ἀνωδύνως
1829 2942 2048 2991 ἰᾶσθαι.
2113 2943 2262 3006 ὅμως
2301 2939 2359 2991 δὲ

279 3029 529 3078 πιστεύω
569 3027 649 3095 τῷ
688 3035 786 3098 τῆς
825 3026 1046 3089 πόλεως
1083 3029 1245 3097 ἤθει,
1296 3023 1535 3091 νομίζων
1575 3027 1637 3076 οὐ
1680 3023 1912 3095 σκληρὸν
1953 3023 2078 3075 οὐδὲ
2118 3026 2358 3091 ἀμαθές,

278 3107 418 3161 ἀλλὰ
469 3111 552 3178 τῷ
590 3114 704 3162 ὄντι
743 3114 969 3182 γνήσιον
1008 3114 1231 3162 ἐκείνων
1269 3117 1380 3161 τῶν
1422 3107 1654 3178 ἀνδρῶνἫ
1676 3111 1768 3160 καὶ
1806 3117 1903 3180 τῆς
1940 3111 2218 3178 μακαρίας
2258 3113 2361 3160 πό-

426 3347 443 3387 1
479 3341 598 3390 ἀλλὰ
631 3343 671 3388 U
817 3347 840 3388 5
873 3345 1089 3397 πολιτίας
1119 3345 1169 3389 Μ
1313 3349 1336 3388 7
1369 3338 1667 3403 άτοπωτέρω
1696 3346 1734 3390 Β
1890 3350 2100 3405 βασμοῖν
2129 3343 2250 3389 UBT

286 3417 333 3457 10
364 3409 390 3472 ἡ
423 3413 471 3460 δὲ
501 3414 541 3458 U
689 3418 738 3457 17
770 3409 826 3460 τὸ
859 3418 1000 3471 τιμᾶν
1028 3415 1149 3460 UBT
1293 3415 1712 3475 προσκαλουμένης
1740 3415 1861 3461 UBT
2006 3410 2093 3462 οὐκ
2121 3408 2362 3473 ἐπήκουσα

278 3484 395 3538 libri,
427 3498 539 3530 corr.
573 3485 751 3530 Geelius
870 3489 919 3530 18
953 3480 1059 3532 οὐδὲ
1089 3487 1126 3529 Β
1242 3482 1373 3532 ἕνεκε
1405 3487 1442 3530 Τ
1559 3490 1609 3531 21
1647 3489 1775 3533 ὀκνῶ
1803 3486 1935 3532 BMU
1964 3500 2021 3530 m.
2052 3498 2121 3542 pr.
2153 3488 2197 3539 (ν
2227 3498 2365 3541 supra

278 3555 356 3600 lin.
390 3560 522 3608 corr.)
640 3550 789 3602 ὁπότ’
821 3551 910 3603 ἔδει
943 3556 1137 3610 Geelius,
1171 3548 1285 3603 ὅποι
1316 3553 1407 3603 ἔδει
1436 3557 1647 3602 Reiskius
1748 3561 1800 3602 22
1831 3556 2017 3612 ἐχίνους
2047 3556 2088 3602 U
2119 3569 2176 3600 m.
2208 3568 2277 3612 pr.

281 3630 335 3670 24
366 3630 464 3673 τῶν
494 3627 543 3674 δὲ
571 3626 654 3673 UT
784 3627 1037 3688 προτέρων
1066 3627 1188 3673 UBT
1333 3632 1385 3673 25
1418 3627 1696 3687 ζητημάτων
1723 3629 1828 3673 libri
1859 3624 2151 3688 ζηλωμάτων
2181 3626 2361 3673 Geelius

280 3695 587 3758 ἐγκλημάτων
616 3698 748 3756 Emp.
867 3702 919 3743 29
952 3695 1076 3756 ἕρειν
1105 3699 1154 3743 Μ
1270 3703 1318 3744 31
1353 3701 1487 3745 θέλοι
1520 3699 1599 3745 UT
