2684 4140
1101 266 1327 313 ORATIO
1357 267 1479 314 XVI.
2233 270 2333 318 241

253 408 314 469 ὃς
352 409 419 459 ἂν
464 391 502 478 ᾗ
541 409 684 477 πρὸς
732 410 932 479 ἀρετὴν
978 408 1161 472 καλῶς
1204 414 1468 479 γεγονώς,
1519 417 1716 463 τοῦτον
1764 415 2037 484 προσήκει
2083 419 2338 482 γενναῖον

249 490 536 560 λέγεσθαι,
573 494 674 544 κᾶν
699 494 908 563 μηθεὶς
936 489 1240 565 ἐπίστηται
1277 499 1407 558 τούς
1431 500 1628 564 γονέας
1656 498 1828 548 αὐτοῦ
1859 495 2000 567 μηδὲ
2038 501 2168 561 τούς
2195 516 2335 570 προ-

247 578 457 643 γόνους.
535 575 674 627 ἀλλά
712 580 820 648 μὴν
860 579 955 644 οὐχ
994 580 1114 630 οἷόν
1151 598 1210 631 τε
1247 585 1499 648 γενναῖον
1536 583 1637 646 μὲν
1676 581 1823 633 εἶναί
1859 599 2001 646 τινα,
2039 586 2113 655 μὴ
2148 585 2334 656 εὐγενῆ

250 658 309 711 δὲ
358 667 580 725 τοῦτον,
631 656 753 713 οὐδ’
807 665 992 734 εύγενῆ
1045 666 1175 716 ὄντα
1223 668 1296 736 μὴ
1348 663 1649 736 ἐλεύθερον
1700 665 1872 718 εἶναι·
1914 668 2057 718 ὥστε
2103 671 2197 720 καὶ
2238 672 2335 721 τὸν

191 753 215 794 5
253 746 446 814 ἀγεννῆ
485 752 644 796 πᾶσα
684 748 889 817 ἀνάγκη
931 746 1128 800 δοῦλον
1166 749 1326 801 εἶναι.
1400 751 1493 801 καὶ
1536 751 1639 820 γὰρ
1680 748 1743 820 δὴ
1786 753 1836 802 εἰ
1873 753 1936 802 τὸ
1974 758 2073 822 τῆς
2110 750 2336 806 ἐλευθε-

245 829 372 898 ρίας
416 831 510 880 καὶ
557 832 620 880 τὸ
670 838 768 901 τῆς
818 829 1073 894 δουλείας
1119 834 1258 895 ἔθος
1306 831 1372 904 ἥν
1420 836 1523 885 ἐπί
1575 852 1634 885 τε
1684 836 1880 886 ἵππων
1931 833 2200 903 λέγεσθαι
2242 840 2337 890 καὶ

67 910 624 983 (κ4ωάλεκτρυόνων
670 917 763 966 καὶ
810 922 1011 980 κυνῶν,
1064 918 1159 967 οὐκ
1206 919 1273 969 ἀν
1314 916 1516 980 ἄλλους
1563 920 1664 984 μὲν
1713 920 1998 986 γενναίους
2036 919 2183 972 εἶναι
2220 920 2336 973 ἑλέ-

245 1014 428 1065 γομεν,
468 997 671 1060 ἄλλους
711 997 769 1050 δὲ
807 998 1157 1070 ἐλευθέρους,
1199 1000 1324 1052 οὐδὲ
1365 1000 1568 1064 ἄλλους
1606 1005 1706 1069 μὲν
1746 1001 1993 1067 δούλους,
2033 1002 2236 1068 ἄλλους
2275 1005 2334 1058 δὲ

245 1083 505 1149 ἀγεννεῖς.
570 1086 780 1150 ὁμοίως
808 1083 992 1156 δήκαὶ
1029 1079 1127 1136 ἐπ’
1172 1087 1498 1156 ἀνθρώπων
1526 1089 1622 1138 οὐκ
1648 1085 1850 1149 ἄλλους
1883 1090 1984 1153 μὲν
2022 1091 2169 1151 εἰκός
2206 1091 2420 1143 ἐστι32

168 1173 214 1215 10
249 1170 535 1233 γενναίους
579 1171 673 1220 καὶ
719 1170 956 1236 εὐγενεῖς
1006 1167 1210 1237 λέγειν,
1261 1168 1463 1232 ἄλλους
1514 1169 1571 1221 δὲ
1617 1169 1976 1240 ἐλευθέρους,
2026 1171 2166 1224 ἀλλὰ
2205 1178 2336 1237 τούς

248 1253 475 1316 αύτούς,
529 1251 655 1304 οὐδὲ
702 1251 905 1315 ἄλλους
951 1255 1052 1319 μὲν
1091 1255 1338 1321 ἀγεννεῖς
1380 1256 1474 1305 καὶ
1511 1257 1830 1318 ταπεινούς,
1870 1253 2072 1318 ἄλλους
2111 1256 2169 1308 δὲ
2210 1257 2334 1309 δού-

247 1333 389 1398 λους.
464 1339 558 1388 καὶ
597 1339 740 1388 οὕτω
783 1335 846 1408 δὴ
888 1339 1205 1407 ἀποφαίνει
1243 1340 1273 1388 ὁ
1304 1336 1465 1405 λόγος
1506 1340 1568 1389 οὐ
1606 1341 1738 1400 τούς
1778 1337 2133 1410 φιλοσόφους
2169 1360 2335 1407 μετα-

246 1424 524 1490 φέροντας
561 1422 629 1471 τά
669 1423 934 1487 ὀνόματα,
974 1420 1114 1472 ἀλλὰ
1141 1424 1273 1484 τοὺς
1303 1421 1551 1485 πολλοὺς
1578 1430 1689 1474 τῶν
1717 1425 1968 1494 ἀνοήτων
2007 1426 2333 1496 ἀνθρώπων

245 1501 338 1554 διὰ
375 1506 473 1574 τὴν
511 1505 800 1574 ἀπειρίαν.

857 1759 975 1824 (66)
1021 1754 1277 1822 ΠΕΡΙ
1338 1756 1723 1826 ΛΥΠΗΣ.

0 2025 2 2092 j
161 2007 207 2049 15
392 1999 469 2047 Τὸ
496 1999 597 2063 μὲν
622 1991 724 2067 ὑφ’
768 1996 971 2069 ἡδονῆς
995 1999 1337 2068 κρατεῖσθαι
1362 2001 1492 2061 τούς
1520 1997 1766 2061 πολλοὺς
1794 2000 1979 2050 αἰτίαν
2013 1999 2150 2060 ἴσως
2189 2001 2327 2065 ἔχει·
2371 2010 2394 2059 1

241 2079 575 2151 κηλούμενοι
611 2083 714 2152 γὰρ
753 2085 848 2133 καὶ
884 2086 1280 2152 γοητευόμενοι
1306 2085 1462 2153 παρὰ
1491 2086 1662 2153 ταύτῃ
1688 2088 1941 2150 μένουσι·
1981 2086 2043 2134 τὸ
2085 2082 2143 2134 δὲ
2185 2082 2330 2153 λύπῃ

243 2164 639 2218 δεδουλῶσθαι
691 2165 982 2229 παντελῶς
1028 2165 1230 2235 ἄλογον
1274 2170 1367 2219 καὶ
1415 2169 1766 2234 θαυμαστόν.
1842 2166 2184 2234 ὀδυνώμενοι
2228 2170 2331 2238 γὰρ

29 2253 332 2307 (458311)καὶ
369 2248 803 2318 βασανιζόμενοι
841 2259 909 2322 τῇ
942 2250 1315 2322 χαλεπωτάτῃ
1356 2259 1558 2304 πασῶν
1601 2254 1827 2320 βασάνῳ
1868 2257 2105 2319 μένομεν
2143 2255 2200 2304 έν
2241 2255 2333 2303 αύ-

243 2343 312 2407 τῇ
347 2339 442 2388 καὶ
478 2339 575 2388 τὸν
614 2334 776 2404 λόγον
806 2333 962 2404 <τὸν>
998 2335 1406 2406 ἐλευθεροῦντα
1444 2343 1591 2408 ἡμᾶς
1626 2340 1721 2389 καὶ
1758 2335 2198 2389 ἀπαλλάσσοντα
2236 2346 2334 2408 τῆς

135 2430 211 2473 -20
247 2419 552 2491 ἀλγηδόνος
593 2423 654 2472 ού
694 2423 1072 2492 προσιέμεθα.
1134 2425 1321 2474 καίτοι
1359 2425 1416 2474 τί
1451 2425 1552 2489 μὲν
1578 2426 1977 2492 ταπεινότερον
2004 2421 2206 2492 ἀνδρὸς
2245 2422 2334 2474 λυ-

243 2510 556 2571 πουμένου,·
593 2508 651 2557 τί
689 2504 747 2557 δὲ
789 2508 965 2568 οὕτως
1006 2509 1236 2577 αἰσχρὸν
1273 2509 1468 2574 θέαμα
1479 2527 1499 2571 ,·
1545 2509 1902 2559 καθικνεῖται
1942 2502 2072 2576 [καὶ]
2109 2509 2211 2578 γὰρ
2253 2507 2333 2558 οἶ-

239 2609 345 2656 μαι
380 2593 474 2642 καὶ
510 2597 612 2640 τοῦ
650 2593 909 2658 σώματος
947 2594 1010 2642 τὸ
1051 2594 1248 2654 πάθος
1284 2595 1378 2644 καὶ
1415 2599 1581 2643 τοῦτο
1622 2591 1909 2643 συστέλλει
1944 2595 2038 2644 καὶ
2077 2595 2332 2663 σκυθρω-

242 2677 352 2726 πὸν
377 2677 471 2727 καὶ
499 2674 750 2738 δυσειδὲς
778 2677 1036 2747 ὀφθῆναι
1074 2682 1322 2745 παρέχει.
1385 2680 1448 2728 τὸ
1491 2676 1549 2728 δὲ
1588 2680 1660 2748 μὴ
1689 2680 1860 2743 μόνον
1888 2676 2055 2729 εἴκειν
2081 2685 2149 2747 τῇ
2178 2678 2330 2748 φορᾷ
2368 2685 2399 2733 2

242 2767 340 2830 τῆς
380 2758 652 2824 διανοίας,
694 2759 834 2812 ἀλλὰ
872 2764 966 2812 καὶ
1003 2764 1527 2832 προσμηχανᾶσθαί
1557 2780 1682 2813 τινα
1721 2760 1953 2825 ἔξωθεν,
1995 2762 2114 2813 οἶον
2138 2761 2330 2828 μέλαι-

160 2858 209 2900 25
247 2862 346 2895 ναν
386 2846 604 2915 ἐσθῆτα
630 2848 724 2897 καὶ
763 2844 1088 2912 συμπλοκὰς
1121 2854 1324 2916 χειρῶν
1360 2849 1454 2897 καὶ
1478 2847 1751 2907 ταπεινὰς
1775 2844 2076 2915 καθέδρας,
2117 2848 2193 2907 ὡς
2217 2849 2328 2897 ὑπὸ

239 2933 453 2982 τούτων
492 2934 721 2982 πάντων
761 2929 1181 2999 ἀναγκάζεσθαι
1207 2934 1420 2999 τρόπον
1458 2932 1584 2981 τινὰ
1626 2932 1723 2999 τὴν
1764 2928 2018 2980 διάνοιαν
2043 2928 2328 2999 μηδέποτε

241 3017 609 3085 ἀφίστασθαι
633 3024 732 3086 τῆς
772 3014 967 3086 λύπης,
1009 3009 1136 3065 ἀλλ>
1181 3017 1269 3065 ἀεὶ
1292 3017 1658 3083 μνημονεύειν
1682 3016 1776 3064 καὶ
1815 3012 2144 3077 λυπεῖσθαι,
2185 3012 2327 3081 διεγ-

239 3102 486 3160 νωκότας
538 3098 601 3169 δὴ
652 3102 897 3150 ἔσεσθαί
942 3117 1067 3150 τινα
1117 3097 1445 3168 ἀπαλλαγὴν
1493 3101 1692 3148 τούτου
1730 3099 1823 3148 καὶ
1859 3100 1931 3167 μὴ
1974 3100 2201 3159 πάντως
2240 3100 2328 3149 ἀεὶ

242 3184 560 3252 φαίνεσθαί
606 3201 731 3234 τινα
782 3185 969 3234 αἰτίαν
1006 3190 1108 3233 τοῦ
1143 3184 1398 3245 πάθους,
1443 3183 1569 3251 οὐχὶ
1619 3180 1839 3252 σφόδρα
1880 3183 2113 3252 εὔηθες,·
2149 3173 2183 3253 ἢ
2221 3184 2322 3252 γὰρ
2364 3192 2395 3242 3

385 3367 404 3407 1
436 3362 585 3416 καλὸς
614 3363 695 3408 UB
813 3365 837 3406 2
867 3360 1089 3421 ἐπίστητε
1116 3362 1166 3406 Μ
1338 3367 1362 3406 5
1394 3358 1552 3408 πάντα
1580 3362 1699 3415 libri,
1729 3364 1863 3408 πᾶσα
1893 3361 2105 3407 Reiskius
2268 3357 2324 3409 τὸ

237 3437 319 3492 τῆς
349 3436 560 3487 δουλείας
588 3436 669 3479 καὶ
698 3436 780 3491 τῆς
808 3431 1084 3492 ἐλευθερίας
1112 3434 1216 3484 (hoc
1246 3432 1359 3487 ord.)
1390 3432 1430 3477 U
1577 3437 1624 3476 11
1660 3427 1844 3491 ἀγενεῖς
1873 3434 1912 3477 Β
2078 3437 2126 3478 17
2161 3428 2325 3479 ὀδυνά-

236 3521 374 3563 μενοι
405 3504 444 3548 U
474 3519 531 3548 m.
562 3518 631 3561 pr.
665 3505 752 3549 ΒΜ
868 3508 919 3549 18
950 3505 1167 3561 μένωμεν
1195 3504 1246 3548 Μ
1364 3507 1415 3547 19
1446 3499 1535 3550 τὸν
1563 3503 1664 3547 add.
1694 3503 1829 3547 Dind.
1937 3506 1987 3547 21
2022 3505 2068 3549 τί
2097 3506 2172 3549 δαὶ
2203 3504 2242 3548 U

236 3578 316 3622 καὶ
347 3576 452 3620 secl.
485 3575 677 3620 casaub.
794 3578 846 3618 22
878 3571 1035 3633 πάχος
1064 3587 1177 3619 corr.
1210 3574 1251 3618 U
1368 3577 1423 3617 24
1452 3590 1557 3619 τινα
1586 3573 1780 3618 Vindob.
1815 3576 1911 3627 109,
1942 3590 2073 3628 τινας
2102 3575 2240 3619 ceteri

240 3649 291 3689 27
322 3649 404 3692 καὶ
434 3651 685 3694 λυπεῖσθαι
713 3646 864 3690 malim
894 3646 1052 3690 abesse
1196 3647 1250 3688 28
1281 3640 1332 3702 δὴ
1364 3644 1540 3700 scripsi,
1571 3643 1633 3703 μὴ
1666 3644 1756 3696 UB,
1787 3658 1874 3690 om,
1901 3645 1956 3711 *M
2080 3644 2124 3691 εἰ
2148 3643 2211 3703 μὴ
2241 3657 2323 3700 pro

240 3720 322 3763 καὶ
350 3713 412 3779 μὴ
442 3718 525 3764 UB
669 3721 722 3761 29
754 3719 1013 3775 φαίνεσθαι
1042 3716 1157 3772 libri,
1189 3719 1447 3774 φανεῖσθαι
1477 3715 1611 3760 Dind.

323 3792 419 3829 DIO.
443 3795 492 3831 II.
1928 3788 1979 3829 16
