2684 4140
281 655 336 706 11

301 1568 326 1616 1

304 2163 336 2211 2

365 258 469 306 244
1087 250 1237 296 DION
1237 249 1290 294 IS
1317 248 1404 293 DE
1436 246 1738 294 AVARITIA

371 400 465 450 οὖν
505 396 598 448 δεῖ
625 396 952 465 κτήσασθαι
988 395 1086 463 τήν
1127 389 1362 457 δύναμιν
1401 391 1558 461 παρὰ
1596 398 1695 462 τῆς
1733 391 2023 464 Μηδείας,
2068 399 2327 447 τουτέστι
2364 404 2464 468 τῆς

373 482 715 553 φρονήσεως,
755 477 1022 546 λαβόντα,
1059 478 1154 528 καὶ
1190 478 1254 527 τὸ
1296 474 1500 527 λοιπὸν
1538 477 1807 528 ἁπάντων
1843 484 2236 548 καταφρονεῖν.
2313 482 2363 531 εἰ
2403 479 2462 532 δὲ

366 567 460 634 μή,
500 565 686 614 πάντα
727 569 838 630 πῦρ
877 566 1010 633 ἡμῖν
1046 563 1141 613 καὶ
1177 564 1365 613 πάντα
1405 562 1615 613 ἄϋπνοι
1655 560 1966 632 δράκοντες.

505 649 693 698 καίτοι
729 653 839 698 τῶν
880 645 1244 713 λυπουμένων
1293 649 1527 708 ἕκαστος
1577 647 1729 715 αὐτῷ
1775 650 1839 699 τὸ
1891 650 2237 718 συμβεβηκός
2287 665 2462 722 φησιν
2518 718 2522 723 ¹

362 733 507 785 εἶναι
546 730 868 783 δεινότατον
913 733 1008 782 καὶ
1044 729 1292 797 μάλιστα
1341 729 1501 795 ἀξιον
1551 729 1756 802 λύπης·
1805 735 1899 785 καὶ
1946 735 2048 804 γὰρ
2097 742 2208 787 τῶν
2260 739 2457 806 φερόν-

362 835 472 868 των
511 820 760 880 ἔκαστος,
801 816 832 867 ὂ
872 820 1049 887 φέρει,
1089 809 1244 867 τοῦτ’
1288 815 1434 867 εἶναι
1463 814 1623 868 δοκεῖ
1639 818 1970 887 βαρύτατον.
2036 821 2159 870 ἔστι
2199 818 2257 870 δὲ
2286 821 2462 871 ἀσθε-

363 909 492 964 νοῦς
530 908 695 953 τοῦτο
734 903 827 952 καὶ
868 899 1085 971 φαύλου
1141 903 1429 967 σώματος·
1479 904 1543 952 τὸ
1594 902 1697 972 γάρ
1749 903 1883 954 αὐτὸ
1934 906 2123 974 ἕτερος
2173 902 2357 972 λαβὼν
2397 906 2464 957 ἂν

364 989 722 1057 ἰσχυρότερος
759 984 973 1057 ῥᾳδίως
1012 985 1175 1038 οἴσει.

810 1310 930 1378 (67)
979 1308 1237 1382 ΠΕΡΙ
1285 1302 2007 1379 ΠΛΕΟΝΕΞΙΑΣ.

518 1554 592 1606 Οἱ
627 1556 728 1620 μὲν
768 1551 974 1605 πολλοὶ
1021 1560 1132 1605 τῶν
1183 1555 1511 1624 ἀνθρώπων
1562 1556 1702 1623 ὑπὲρ
1752 1557 1966 1606 τούτων
2018 1554 2238 1607 οἴονται
2290 1553 2467 1624 λέγειν

369 1636 479 1706 (τῷ
522 1636 824 1710 φιλοσόφῳ
867 1635 1207 1708 προσήκειν)
1252 1640 1396 1708 ὑπὲρ
1448 1637 1524 1689 ὧν
1573 1641 1808 1700 ἕκαστος
1858 1641 1954 1689 οὐκ
1991 1641 2106 1705 ἔχει
2143 1642 2241 1711 τὴν
2281 1639 2470 1712 ἀληθῆ

373 1721 558 1787 δόξαν,
598 1725 757 1784 ὅπως
795 1724 1134 1784 ἀκούσαντες
1170 1724 1314 1792 ὑπὲρ
1356 1722 1432 1774 ὧν
1472 1724 1738 1790 ἀγνοοῦσι
1774 1725 2041 1789 μάθωσι·
2091 1727 2225 1794 περὶ
2263 1723 2321 1775 δὲ
2361 1733 2471 1778 τῶν

367 1811 662 1879 γνωρίμων
699 1811 793 1860 καὶ
830 1814 1006 1860 πᾶσιν
1045 1811 1257 1876 ὁμοίως
1297 1813 1655 1879 φαινομένων
1694 1811 1960 1879 περιττὸν
1993 1809 2140 1861 εἶναι
2168 1808 2469 1863 διδάσκειν.

371 1897 477 1964 ἐγὼ
521 1893 579 1946 δὲ
620 1896 671 1946 εἰ
706 1897 808 1961 μὲν
847 1897 1038 1965 ἑώρων
1076 1899 1224 1966 ἡμᾶς
1265 1895 1351 1957 οἷς
1389 1891 1688 1961 νομίζομεν
1727 1896 1921 1965 ὀρθῶς
1948 1896 2093 1960 ἔχειν
2132 1897 2474 1962 ἐμμένοντας

367 1983 462 2032 καὶ
496 1979 671 2051 μηδὲν
710 1978 927 2044 ἔξωθεν
966 1983 1324 2048 πράττοντας
1361 1988 1461 2051 τῆς
1508 1982 1871 2051 ὑπαρχούσης
1918 1979 2291 2052 ὑπολήψεως,
2346 1975 2468 2033 οὐδ’

370 2068 437 2118 ἂν
477 2067 645 2128 αὐτὸς
684 2059 839 2136 ᾤμην
879 2068 1180 2134 ἀναγκαῖον
1219 2066 1369 2118 εἶναι
1406 2064 1811 2117 διατείνασθαι
1849 2068 1983 2136 περὶ
2019 2073 2130 2118 τῶν
2157 2063 2474 2136 προδήλων.

374 2153 503 2202 ἐπεὶ
541 2150 600 2202 δὲ
642 2152 762 2215 οὐχὶ
786 2153 885 2222 τὴν
913 2153 1144 2219 ἄγνοιαν
1170 2155 1314 2221 ἡμεῖς
1339 2156 1451 2201 τῶν
1479 2151 1715 2218 ἀγαθῶν
1739 2153 1833 2202 καὶ
1858 2157 1969 2202 τῶν
1994 2158 2176 2203 κακῶν
2202 2158 2474 2202 τοσοῦτον

379 2238 489 2306 δρῶ
532 2234 819 2287 λυποῦσαν
868 2239 1001 2287 ὅσον
1050 2239 1113 2287 τὸ
1161 2238 1234 2307 μὴ
1278 2237 1604 2287 πείθεσθαι
1652 2240 1774 2298 τοῖς
1821 2238 1964 2306 ὑπὲρ
2018 2239 2231 2288 τούτων
2283 2234 2471 2288 διαλο-
2496 2245 2676 2288 (463311

374 2325 602 2390 γισμοῖς
645 2319 787 2391 μηδὲ
828 2319 1166 2372 ἀκολουθεῖν
1206 2321 1297 2382 αἶς
1336 2323 1531 2387 ἔχομεν
1572 2322 1733 2372 αὐτοὶ
1781 2319 2003 2386 δόξαις,
2041 2320 2285 2392 μεγάλην
2325 2323 2474 2393 ὠφέ-

376 2404 530 2458 λειαν
567 2411 810 2477 ἠγοῦμαι
835 2409 898 2457 τὸ
942 2413 1182 2472 συνεχῶς
1220 2408 1659 2477 ἀναμιμνήσκειν
1696 2409 1790 2458 καὶ
1830 2406 1923 2458 διὰ
1962 2413 2064 2458 τοῦ
2100 2406 2263 2475 λόγου
2292 2423 2475 2477 παρα-

375 2491 564 2544 καλεῖν
591 2495 736 2562 πρὸς
762 2494 825 2543 τὸ
855 2494 1182 2544 πείθεσθαι
1206 2494 1299 2543 καὶ
1328 2490 1630 2562 φυλάττειν
1658 2494 1797 2562 ἔργῳ
1827 2495 1890 2543 τὸ
1920 2501 2221 2564 προσῆκον.
2284 2494 2477 2562 ὥσπερ

376 2579 480 2647 γὰρ
523 2577 684 2644 οἶμαι
718 2580 812 2629 καὶ
848 2580 980 2639 τοὺς
1019 2579 1247 2648 ἰατρούς
1284 2580 1378 2629 καὶ
1414 2580 1545 2639 τοὺς
1582 2579 1920 2649 κυβερνήτας
1959 2580 2175 2648 ὁρῶμεν
2204 2575 2479 2638 πολλάκις

376 2664 446 2713 τὰ
487 2663 626 2713 αὐτοὶ
666 2666 1158 2732 προστάττοντας,
1207 2665 1396 2714 καίτοι
1434 2666 1497 2713 τὸ
1537 2670 1766 2733 πρῶτον
1805 2665 2124 2734 ἀκηκοότων
2165 2663 2250 2724 οἷς
2289 2664 2355 2714 ἂν
2392 2680 2478 2713 κε-

381 2745 642 2811 λεύωσιν,
683 2742 852 2817 [ἀλλ’]
892 2746 1127 2800 ἐπειδὰν
1181 2746 1524 2815 ἀμελοῦντας
1574 2749 1776 2810 αύτούς
1824 2750 1918 2800 καὶ
1965 2751 2039 2819 μὴ
2093 2752 2479 2818 προσέχοντας

378 2830 684 2900 βλέπωσιν,
727 2835 904 2895 οὕτως
941 2836 1034 2886 καὶ
1070 2835 1211 2885 κατὰ
1250 2836 1347 2885 τὸν
1384 2835 1509 2900 βίον
1543 2835 1819 2903 χρήσιμόν
1858 2835 1981 2884 ἐστι
2012 2834 2312 2900 γίγνεσθαι
2340 2830 2478 2882 πολ-

380 2915 536 2981 λάκις
574 2921 708 2989 περὶ
745 2925 855 2970 τῶν
895 2920 1076 2970 αὐτῶν
1114 2922 1245 2981 τοὺς
1286 2917 1497 2987 λόγους,
1538 2921 1670 2970 ὅταν
1709 2917 1908 2970 εἰδῶσι
1932 2920 2034 2984 μὲν
2073 2920 2130 2968 οἱ
2167 2915 2373 2968 πολλοὶ
2409 2920 2471 2968 τὸ

526 3105 543 3144 1
578 3097 631 3159 δὴ
662 3111 746 3157 pro
776 3103 847 3147 δεῖ
875 3101 912 3143 Β
1029 3104 1054 3145 3
1086 3097 1285 3147 πάντων
1313 3100 1364 3144 Μ
1497 3104 1525 3144 4
1554 3101 1717 3146 καίτοι
1747 3125 1800 3130 -
1832 3103 1856 3143 8
1891 3097 2012 3145 οἴσει
2041 3110 2187 3155 neque
2218 3110 2320 3142 cum
2349 3099 2480 3142 ante-

386 3170 647 3216 cedentibus
684 3172 796 3217 satis
835 3173 1102 3226 cohaerent,
1150 3185 1296 3229 neque
1332 3171 1603 3216 sententiam
1642 3171 1822 3228 plenam
1860 3174 1906 3214 et
1944 3169 2200 3214 absolutam
2231 3169 2477 3213 continent.

382 3241 542 3286 ultima
569 3242 675 3286 inde
703 3244 761 3287 ab
793 3238 893 3290 ἔστι
923 3243 973 3290 δὲ
1001 3248 1082 3288 aut
1109 3244 1237 3290 valde
1268 3247 1485 3300 corrupta
1515 3244 1622 3287 sunt
1651 3246 1734 3287 aut
1762 3254 1790 3286 a
1811 3240 1956 3285 Dione
1974 3241 2136 3285 aliena.
2186 3251 2332 3295 neque
2362 3239 2480 3283 enim

383 3313 587 3369 corporis
617 3313 724 3358 vitio
754 3314 820 3368 fit,
850 3319 902 3359 ut
930 3315 1132 3361 homines
1163 3328 1280 3372 quae
1308 3315 1398 3371 ipsi
1425 3314 1624 3359 tolerant
1654 3312 1857 3370 pondera
1884 3310 2149 3368 gravissima
2187 3313 2362 3367 putent.

383 3376 531 3429 αύτῶι
559 3383 602 3429 U
717 3389 742 3429 9
774 3389 869 3431 δεῖν
897 3387 1000 3431 add.
1031 3387 1225 3432 casaub.
1257 3391 1363 3432 ante
1392 3386 1560 3446 λέγειν,
1590 3385 1669 3430 sed
1698 3382 1957 3428 necessario
1988 3381 2232 3438 requiritur
2260 3391 2481 3437 personae

385 3454 568 3511 mentio,
600 3455 673 3499 cui
703 3456 862 3501 orandi
891 3456 1090 3503 officium
1119 3459 1391 3516 imponitur3
1433 3461 1583 3515 potest
1620 3457 1754 3501 etiam
1782 3451 1895 3515 ἡμῖν
1925 3449 2186 3514 προσήκειν
2215 3450 2365 3496 scribi.

388 3527 439 3568 13
470 3517 516 3570 δ’
547 3526 591 3571 εἰ
617 3525 660 3570 U
690 3530 761 3573 δεῖ
790 3526 840 3570 Μ
964 3524 1088 3586 ἡμᾶς
1117 3529 1280 3585 scripsi
1310 3542 1412 3574 cum
1443 3529 1482 3573 T
1512 3531 1558 3573 et
1585 3528 1769 3582 vulgata
1797 3529 1904 3571 ante
1933 3524 2080 3581 Emp.,
2110 3517 2231 3579 ὑμᾶς
2262 3520 2395 3565 ΠΒΜ

389 3597 441 3639 16
471 3590 595 3653 ἡμᾶς
623 3596 661 3639 Τ
692 3601 738 3640 et
766 3599 949 3656 vulgata
978 3604 1085 3644 ante
1114 3600 1263 3657 Emp.,
1293 3594 1416 3656 ὑμᾶς
1436 3599 1568 3644 UBM
1656 3602 1706 3641 Π
1730 3599 1964 3643 πίθεσθαι
1985 3594 2034 3638 Μ
2125 3596 2174 3637 18
2205 3588 2347 3646 δόξας
2367 3591 2415 3635 Μ

388 3669 441 3710 23
472 3660 586 3713 ἀλλ’
615 3669 799 3726 seclusi;
829 3673 984 3727 potest
1012 3671 1197 3715 retineri
1217 3671 1254 3715 si
1283 3672 1313 3716 l.
1339 3674 1392 3715 22
1423 3671 1672 3716 scribatur:
1702 3670 1863 3715 καίτοι
1884 3663 1941 3713 τὸ
1964 3667 2160 3726 πρῶτον
2180 3660 2269 3722 (μὴ
2291 3663 2475 3722 παρ>α-

387 3734 641 3798 κηκοότων
756 3743 809 3785 25
841 3741 999 3789 εἰδῶσι
1031 3742 1240 3796 Cobetus,
1270 3742 1402 3790 ἴδωσι
1431 3741 1537 3787 libri

2496 750 2520 790 5

2491 1337 2570 1378 (247
2585 1335 2638 1377 M)

2511 1646 2558 1689 10

2515 2072 2646 2120 15.

2517 2498 2567 2540 20

2512 2925 2557 2966 25

2668 0 2684 58 u
