2684 4140
1053 258 1279 305 ORATIO
1307 256 1515 307 LXXIV.
2229 259 2329 309 201

239 405 449 473 ὁμοίως
495 405 554 456 έν
603 402 683 472 τῷ
730 405 835 472 βίῳ
888 401 983 455 δεῖ
1020 405 1119 474 τὴν
1171 406 1445 474 φρόνησιν
1492 405 1586 456 καὶ
1633 401 1732 475 τὴν
1771 405 2088 476 ἐπιστήμην
2126 406 2332 476 προβε-

71 500 152 542 (644
173 499 225 542 M)
240 488 548 560 βλημένους
595 490 690 540 καὶ
732 487 1130 559 καλυφθέντας
1179 490 1318 560 αὐτῇ
1369 490 1593 558 φεύγειν
1638 492 1733 541 καὶ
1790 488 2186 561 φυλάττεσθαι
2233 487 2333 561 τὴν

236 581 348 626 τῶν
399 575 726 642 ἀνθρώπων
771 574 968 625 κακίαν
1013 575 1108 625 καὶ
1152 573 1255 635 τὰς
1311 577 1506 639 τέχνας
1564 575 1659 626 καὶ
1705 575 1807 637 τὰς
1854 573 2192 643 ἐπιβουλάς,
2242 575 2334 637 αἶς

241 660 491 711 εἰώθασι
522 659 792 729 χρῆσθαι.
855 656 1107 709 καθόλου
1149 657 1207 709 δὲ
1245 659 1598 723 θαυμαστόν,
1639 661 1691 710 εἰ
1727 661 1791 710 τὸ
1829 662 1930 726 μὲν
1970 663 2170 730 φαγεῖν
2209 661 2325 710 ἀπὸ
2350 663 2418 714 26

183 754 208 794 5
243 751 342 814 τῆς
391 744 560 813 αὐτῆς
607 739 887 813 τραπέζης
935 741 1202 809 ἐμποδών
1250 744 1412 794 ἔσται
1458 750 1528 814 τῇ
1576 746 1828 814 πονηρίᾳ
1874 746 1968 795 καὶ
2015 741 2078 814 νὴ
2115 746 2232 797 Δία
2270 747 2334 796 τὸ

239 832 395 879 πιεῖν
433 829 550 878 ἀπὸ
589 834 693 878 τοῦ
729 829 903 879 αὐτοῦ’
934 835 1210 899 κρατῆρος
1244 829 1339 879 καὶ
1375 829 1472 879 τὸν
1513 829 1680 880 αὐτὸν
1728 826 1921 895 λύχνον
1960 831 2118 899 ὁρᾶν·
2169 831 2233 880 τὸ
2275 827 2334 881 δὲ

239 915 337 965 τὸν
374 911 534 983 ἥλιον
571 911 804 981 βλέπειν
842 915 938 964 τὸν
992 914 1158 964 αὐτὸν
1205 914 1299 964 καὶ
1347 914 1463 963 ἀπὸ
1513 919 1611 984 τῆς
1663 915 1832 985 αὐτῆς
1879 915 2203 984 τρέφεσθαι
2238 920 2338 985 γῆς

241 996 422 1061 οὐδεὶς
458 994 854 1066 ὑπολογίζεται
890 1004 1002 1049 τῶν
1039 1003 1329 1068 πονηρῶν·
1381 995 1521 1047 ἀλλὰ
1570 999 1634 1049 τὸ
1673 1000 1774 1064 μὲν
1813 997 2149 1050 πανδοκεῖον
2196 989 2231 1068 ἢ
2269 995 2333 1067 νὴ

238 1083 354 1134 Δία
395 1081 547 1145 οἶκος
584 1085 773 1153 ἕτερος
810 1085 870 1134 ἐκ
918 1080 1100 1134 λίθων
1150 1083 1245 1133 καὶ
1289 1079 1466 1145 ξύλων
1507 1076 1936 1153 ᾠκοδομημένος
1986 1086 2338 1154 συγκίρνησιν

160 1177 207 1220 10
244 1168 591 1237 ἀνθρώπους
604 1170 698 1220 καὶ
719 1166 952 1220 δύναται
980 1169 1235 1234 συνάγειν
1262 1168 1344 1228 εἰς
1373 1164 1586 1237 φιλίαν,
1617 1169 1809 1237 ὥσπερ
1831 1161 2131 1230 Οδυσσεὺς
2158 1165 2338 1232 ἀξιοῖ·

498 1251 798 1304 αἰδεῖσθαι
838 1250 897 1303 δὲ
934 1249 1254 1321 μέλαθρον·
1292 1253 1626 1321 ὑπωρόφιοι
1665 1249 1727 1302 δέ
1762 1254 1854 1303 τοί
1891 1254 2059 1318 εἰμεν.

243 1339 422 1400 οὕτως
458 1342 676 1407 ἡγεῖται
711 1334 811 1407 τὴν
852 1333 1052 1407 σκηνὴν
1092 1333 1403 1406 ἀξιωτέραν
1444 1334 1666 1401 αἰδοῦς,
1712 1339 1807 1388 καὶ
1853 1344 2027 1388 ταῦτα
2066 1339 2125 1388 ἐκ
2164 1333 2340 1400 ξύλων

29 1438 225 1482 (405311)
240 1429 352 1475 τῶν
390 1425 449 1474 ἐν
486 1429 556 1493 τῇ
593 1419 842 1489 πολεμίᾳ
878 1424 1183 1488 γεγονυῖαν,
1222 1422 1368 1490 ἤπερ
1398 1422 1615 1482 αὐτούς.
1689 1423 1720 1472 ό
1746 1420 1804 1473 δὲ
1835 1425 2062 1489 σύμπας
2090 1417 2341 1492 οὐρανός,

244 1499 347 1579 ὑφ’
391 1498 437 1575 ᾦ
474 1509 684 1568 πάντες
721 1507 889 1572 ἐσμὲν
929 1506 1203 1577 ἀρχῆθεν,
1256 1499 1417 1557 οὐδὲν
1469 1503 1690 1577 ὠφελεῖ
1719 1509 1865 1577 πρὸς
1905 1510 2172 1574 ὁμόνοιαν
2212 1502 2341 1558 οὐδὲ

160 1601 210 1647 15
244 1597 277 1664 ή
317 1599 430 1644 τῶν
467 1590 612 1643 ὅλων
657 1592 924 1643 κοινωνία
972 1592 1153 1643 θείων
1194 1591 1333 1642 οὖσα
1370 1593 1465 1642 καὶ
1500 1590 1785 1659 μεγάλων,
1837 1591 1977 1643 ἀλλά
2017 1583 2343 1644 τούναντίον

236 1684 270 1750 ἦ
309 1685 420 1731 τῶν
457 1685 668 1747 μικρῶν
704 1680 799 1730 καὶ
837 1671 1063 1740 οὐδενὸς
1101 1676 1289 1741 ἀξίων.
1351 1680 1446 1729 καὶ
1483 1680 1514 1728 o‘
1549 1680 1650 1743 μὲν
1690 1675 1836 1740 ἴδιος
1874 1680 2088 1745 ἑκάστω
2129 1680 2333 1749 πατήρ,
2360 1681 2426 1731 27

241 1762 517 1826 πολλάκις
557 1758 783 1825 οὐδενὸς
820 1761 981 1827 ἄξιος
1019 1763 1355 1833 πρεσβύτης,
1393 1767 1534 1831 μέγα
1565 1760 1799 1827 δίκαιον,
1841 1764 1985 1814 ὥστε
2010 1759 2085 1833 μὴ
2114 1763 2345 1829 ἐπιβου-

245 1850 424 1903 λεύειν
474 1848 739 1920 ἀλλήλοις
786 1851 919 1911 τούς
965 1851 1025 1900 ἐκ
1063 1855 1167 1899 τοῦ
1204 1840 1379 1900 αὐτοῦ
1411 1852 1630 1916 γένους·
1685 1850 1715 1899 ο
1754 1846 1812 1899 δὲ
1850 1850 2038 1909 κοινὸς
2077 1849 2345 1899 ἁπάντων

241 1935 480 2007 ,ἀνδρῶν
518 1953 578 1987 τε
614 1936 770 1987 θεῶν
809 1934 909 1999 τε’,
959 1932 1020 1998 ἐξ
1070 1933 1139 1985 ου
1183 1935 1393 1995 πάντες
1440 1926 1885 2001 γεγόναμεν,οὗ
1923 1933 2063 1983 κατὰ
2102 1935 2344 2003 Λάχητα

164 2027 215 2074 20
252 2024 329 2074 ὢν
378 2014 506 2073 οὐδὲ
554 2021 695 2072 κατὰ
733 2022 990 2086 Σίμωνα,
1041 2013 1104 2071 οὗ
1157 2018 1391 2071 δύναται
1436 2023 1734 2084 κατασχεῖν
1785 2010 1912 2068 ουδὲ
1961 2015 2212 2069 κωλῦσαι
2248 2014 2347 2087 τὴν

246 2105 469 2159 ἀδικίαν
505 2112 617 2157 τῶν
668 2106 1012 2175 ἀνθρώπων.
1192 2106 1287 2156 καὶ
1333 2101 1441 2174 μὴν
1490 2106 1580 2155 ὅτι
1626 2119 1686 2170 γε
1735 2107 1857 2164 τοῖς
1909 2101 2096 2170 λόγοις
2147 2094 2244 2154 οὐκ
2281 2104 2348 2153 ἂν

139 2209 150 2220 ·
246 2193 510 2244 πιστεύοι
546 2208 636 2252 τις
667 2194 790 2252 τοῖς
815 2192 958 2260 ὑπὲρ
986 2197 1084 2261 τῆς
1113 2187 1327 2261 φιλίας,
1366 2193 1533 2240 τοῦτο
1559 2189 1663 2258 γὰρ
1693 2186 1896 2239 λοιπόν
1923 2190 2064 2251 ἐστι,
2106 2190 2349 2258 φανερὸν

246 2276 446 2348 δήπου.
519 2274 740 2344 γελοῖον
764 2277 868 2346 γὰρ
897 2277 1160 2346 ἀργύριον
1185 2277 1286 2341 μὲν
1314 2270 1637 2337 δανείζοντα
1664 2277 1786 2335 τοῖς
1812 2271 1991 2335 πέλας
2014 2270 2090 2344 μὴ
2130 2271 2343 2344 ῥαδίως
2364 2273 2432 2324 28

247 2365 315 2414 ἄν
352 2379 479 2414 τινα
518 2367 826 2413 πιστεῦσαι
865 2358 1007 2428 λόγῳ
1046 2363 1219 2428 μόνῳ,
1260 2357 1402 2410 ἀλλὰ
1440 2361 1738 2430 μαρτύρων
1779 2357 2015 2410 δεῖσθαι
2050 2361 2145 2411 καὶ
2180 2375 2352 2427 γραμ-

170 2456 218 2503 '25
254 2451 448 2516 μάτων
484 2449 580 2499 καὶ
615 2444 865 2508 πολλοὺς
900 2448 996 2498 καὶ
1031 2452 1207 2496 ταῦτα
1247 2446 1639 2515 παραβαίνειν.
1667 2442 1694 2472 *
1720 2441 1747 2472 *
1773 2440 1800 2472 *

394 2535 451 2584 τί
490 2533 618 2596 οὖν,·
667 2533 869 2603 φησίν,
911 2525 1008 2583 οὐκ
1045 2529 1149 2602 ἤδη
1189 2533 1339 2593 τινὲς
1388 2532 1644 2598 ἐγένοντο
1697 2527 1858 2600 φίλοι
1896 2535 2007 2580 τῶν
2046 2532 2322 2599 πρότερον
2335 2549 2355 2592 ,·

254 2619 375 2671 οῖον
414 2623 529 2680 ποῖς
567 2619 634 2669 ἂν
675 2611 827 2685 λέγοι
850 2618 983 2679 τοὺς
1010 2611 1330 2687 [ἡμιθέους]
1358 2613 1782 2685 θρυλουμένους
1808 2617 2058 2679 τούτους,
2092 2607 2353 2684 Ὀρέστην

251 2706 346 2756 καὶ
380 2701 650 2773 Πυλάδην
696 2704 791 2754 καὶ
831 2702 1023 2773 Θησέα
1071 2703 1166 2753 καὶ
1201 2702 1523 2771 Πειρίθουν
1569 2703 1665 2753 καὶ
1697 2692 1951 2765 Ἀχιλλέα
1999 2701 2093 2751 καὶ
2128 2701 2353 2769 Πάτρο-

87 2808 168 2851 (645
186 2788 417 2852 Μ)κλον,·
465 2792 516 2841 εί
556 2782 608 2839 δ’
654 2789 749 2840 οὖν
786 2806 875 2850 τις
915 2789 1320 2858 συγχωρήσειεν
1359 2784 1548 2857 ἀληθῆ
1588 2782 1687 2855 τὴν
1728 2783 1895 2848 δόξαν
1945 2785 2093 2836 εἶναι
2130 2788 2354 2854 ταύτην,

173 2889 223 2930 30
262 2872 429 2946 δῆλον
469 2876 546 2936 ὡς
583 2877 736 2944 τρεῖς
773 2873 840 2925 ἂν
868 2872 978 2925 εἷεν
1008 2871 1201 2944 φιλίαι
1226 2874 1511 2940 γεγονυῖαι
1537 2873 1595 2922 ἐν
1621 2873 1871 2938 τοσούτῳ
1907 2872 2107 2940 χρόνῳ,
2147 2871 2204 2920 ἐν
2241 2871 2354 2935 ὅσῳ

258 2959 560 3022 πλεονάκις
599 2961 666 3010 ἂν
706 2958 864 3010 εἴποι
902 2961 999 3009 τὸν
1036 2956 1196 3028 ἥλιον
1235 2954 1639 3008 ἐκλελοιπέναι.

402 3102 427 3143 8
458 3101 748 3156 πανδοχεῖον
776 3097 904 3143 UBH
1054 3100 1080 3140 9
1113 3094 1485 3154 οἰκοδομημένος
1512 3095 1563 3140 Μ
1710 3098 1756 3138 11
1797 3095 2006 3164 αἰδεῖσθε
2034 3092 2116 3138 UB
2147 3091 2359 3138 αἴδεσσαι

262 3169 441 3214 codices
470 3169 652 3213 Homeri
767 3167 817 3214 δέ
849 3183 902 3213 τε
928 3167 1058 3211 ΜΗΡ
1091 3166 1147 3212 cf.
1177 3165 1308 3212 Hom.
1337 3166 1390 3209 11.
1411 3165 1477 3209 IX
1507 3168 1589 3209 640
1710 3168 1761 3208 12
1792 3169 1873 3211 καὶ
1905 3166 2048 3218 οὗτος
2075 3164 2164 3221 μὲν
2194 3163 2274 3208 UB

262 3236 525 3298 ἀξιωτέραν
555 3239 760 3292 Geelius,
802 3234 938 3293 ἀξίαν
975 3238 1080 3283 libri
1257 3241 1305 3281 13
1339 3231 1513 3290 αὖτοὺς
1542 3236 1578 3280 Ρ
1618 3235 1756 3280 verba
1793 3232 1916 3296 ἤπερ
1947 3229 2120 3289 αὐτούς
2149 3238 2362 3291 suspecta

261 3310 606 3356 Wilamowitzio
695 3306 876 3367 ξύμπας
894 3306 932 3354 Β
1025 3312 1075 3353 16
1098 3310 1311 3367 σμικρῶν
1332 3307 1367 3350 Β
1460 3311 1508 3351 17
1533 3303 1665 3361 ἄξιος
1696 3301 1754 3352 ὂν
1769 3306 1808 3350 Β
1829 3302 1960 3361 ἄξιος
1981 3301 2051 3352 ὢν
2067 3306 2227 3360 (altera
2254 3316 2360 3362 pars

260 3384 442 3428 litterae
474 3401 512 3428 ω
543 3395 571 3427 a
601 3386 734 3434 corr.)
767 3380 807 3426 U
927 3383 978 3425 18
1010 3374 1242 3438 ἀλλήλους
1270 3378 1307 3423 P
1450 3380 1538 3424 τοῦ
1568 3371 1716 3424 αὐτοῦ
1744 3380 1832 3424 τοῦ
1859 3377 2026 3437 γένους
2053 3377 2095 3422 U
2123 3390 2180 3421 m.
2210 3389 2277 3433 pr.

266 3459 319 3501 19
350 3450 607 3514 γεγόνασιν
637 3456 882 3510 (superscr.
913 3455 1038 3508 -μεν)
1069 3451 1113 3495 Η
1231 3453 1281 3494 21
1317 3457 1419 3503 τοῖς
1448 3452 1481 3503 (ι
1512 3462 1541 3493 a
1570 3451 1705 3503 corr.)
1736 3447 1775 3493 U
1863 3452 1916 3493 23
1947 3450 2198 3505 δανίζοντα
2228 3446 2280 3492 Μ

265 3526 413 3580 πέλας
442 3525 668 3581 Reiskius,
698 3527 895 3576 πολλοῖς
924 3522 1029 3567 libri
1143 3525 1197 3565 24
1226 3519 1383 3578 μόνον
1411 3520 1501 3564 ΒΜ
1587 3522 1642 3564 25
1673 3519 1881 3565 lacunam
1909 3523 2016 3576 post
2045 3518 2367 3582 παραβαίνειν

265 3597 481 3644 indicavit
500 3596 715 3642 Reiskius
876 3598 928 3639 27
961 3597 1055 3648 πᾶς
1085 3593 1257 3650 scripsi,
1287 3595 1390 3646 πῶς
1417 3592 1523 3637 libri
1662 3591 1845 3651 λέγοιμι
1873 3591 2001 3637 UBH
2142 3586 2368 3651 ἡμιθέους

266 3669 431 3715 seclusi
584 3666 965 3728 θρυλλουμένους
995 3665 1120 3709 ΒΜΗ
1237 3667 1290 3708 28
1322 3663 1558 3721 περίθουν
1586 3662 1636 3706 Μ
1666 3664 1922 3722 πειρίθοον
1951 3662 1993 3706 Η
2108 3665 2160 3706 31
2196 3658 2302 3721 εἷ’πη
2332 3661 2367 3705 Ρ

269 3736 396 3786 εἴποι
425 3739 562 3785 ceteri
