2684 4140
0 0 122 223 ff

15 212 19 321 ξ
1082 251 1307 298 ORATIO
1335 250 1507 296 xxm.
2235 249 2337 296 275

15 352 18 418 3
241 416 387 466 μονα
427 398 573 451 εἶναι
614 396 751 469 φῄς,
793 396 863 448 οὗ
897 395 954 450 δὲ
994 399 1315 468 μοχθηρός,
1352 393 1732 461 κακοδαίμονα
1746 413 1766 457 ,·
1812 424 1882 433 -
1909 386 2123 463 Ἔγωγε.
2163 423 2233 431 --
2267 396 2336 446 A.

26 494 225 536 (515311)
240 485 502 550 Δαίμονα
543 482 601 535 δὲ
642 481 826 545 ἄλλως
864 483 1084 551 ἀγαθὸν
1125 481 1330 550 λέγεις,·
1366 508 1436 517 -
1471 471 1606 547 <’Ἠ>
1643 485 1769 541 πῶς
1805 496 1864 547 γε
1875 499 1895 543 ,·
1931 508 2002 515 -
2036 482 2104 531 A.
2120 471 2335 550 ‘nascaq

15 597 18 624 ι
241 570 573 639 ἄνθρωπον,
612 570 698 619 ἔτι
738 566 797 619 δὲ
823 565 1031 633 μᾶλλον
1056 568 1198 618 θεόν
1209 586 1229 629 ;
1265 568 1297 637 ἢ
1338 568 1470 627 τούς
1497 566 1689 629 θεούς,
1729 564 1892 635 εἴπερ
1932 562 2178 631 νομίζεις
2204 567 2339 633 ἀγα-

15 627 18 654 ⁹
237 654 386 715 θούς
422 653 584 716 εἶναι,
626 654 688 703 οὐ
730 650 981 714 δικαίους
1017 649 1262 718 νομίζεις
1298 653 1392 702 καὶ
1423 652 1733 721 φρονίμους
1768 652 1867 701 καὶ
1908 652 2209 721 σώφρονας
2245 652 2343 703 καὶ

16 734 17 741 ’
182 747 206 786 5
242 739 344 799 τὰς
392 735 566 797 ἄλλας
613 737 819 806 ἀρετὰς
867 738 1121 801 ἔχοντας,
1174 733 1314 786 ἀλλὰ
1364 733 1592 796 ἀδίκους
1627 737 1721 786 καὶ
1759 736 2033 806 ἀνοήτους
2079 738 2173 787 καὶ
2210 737 2339 786 ἀκο-

13 771 21 889 f
71 833 151 874 (278
171 832 223 873 Μ)
242 820 511 883 λάστους,·
559 847 624 855 —-
682 819 958 887 Οὐδαμῶς
1006 822 1191 888 ἔγωγε.
1241 849 1311 857 -
1356 822 1424 871 A.
1472 819 1683 871 Οὐκοῦν
1719 822 1813 871 καὶ
1857 818 2124 886 δαίμονα,
2175 819 2338 890 εἴπερ

15 950 18 975 1
234 907 361 957 τινὰ
401 906 621 973 ἀγαθὸν
657 909 788 975 ἡγῇ,
842 903 1008 976 δῆλον
1058 903 1392 984 ὡςμδίκαιον
1429 909 1534 975 ἡγῇ
1570 907 1665 956 καὶ
1695 907 1975 975 χρήσιμον
2011 907 2106 957 καὶ
2144 909 2338 976 φρόνι-

14 981 18 1093 i
231 1006 339 1056 μον
350 1009 370 1052 ;
406 1018 478 1025 -
514 991 652 1052 Πῶς
689 992 791 1060 γὰρ
835 991 928 1053 οὐ,·
964 1018 1036 1025 —-
1058 993 1126 1042 A.
1153 983 1223 1040 'H
1251 991 1355 1060 γὰρ
1396 991 1458 1041 ὃν
1494 993 1662 1041 κακόν
1695 1008 1820 1041 τινα
1863 987 2124 1056 νομίζεις,
2158 1007 2338 1061 ,πονη-

0 1081 1 1097 ³
235 1077 334 1144 ρὸν
374 1074 483 1125 οἴει
522 1078 618 1126 τὸν
660 1077 827 1126 αὐτὸν
867 1074 1013 1126 εἶναι
1049 1077 1143 1126 καὶ
1181 1073 1375 1126 ἄδικον
1400 1077 1494 1126 καὶ
1521 1077 1757 1145 ἀνόητον
1771 1094 1790 1138 ,·
1826 1068 2155 1146 -Ἀνάγκη
2196 1078 2337 1127 πάν-

149 1166 201 1210 10
236 1176 363 1220 τως,
403 1186 473 1194 -
508 1161 576 1210 A.
622 1161 695 1210 Τί
732 1158 858 1222 δαί,·
908 1161 970 1210 οὐ
1008 1166 1119 1210 τῶν
1166 1160 1493 1229 ἀνθρώπων
1541 1162 1775 1210 ἕκαστον
1822 1161 1964 1210 κατὰ
2014 1162 2110 1212 τὸν
2163 1163 2336 1212 αὑτοῦ
2371 1165 2402 1215 7

235 1241 479 1310 δαίμονα
517 1245 693 1311 βιοῦν,
733 1246 936 1306 ὁποῖος
973 1245 1040 1295 ἂν
1076 1228 1114 1313 ᾗ
1152 1260 1310 1307 ποτε,
1350 1241 1491 1294 ἀλλὰ
1520 1236 1664 1294 καθ’
1708 1246 1928 1312 ἕτερον,·
1962 1273 2029 1280 -
2062 1243 2339 1311 Οὐδαμῶς

232 1322 374 1380 καθ’
433 1332 637 1398 ἕτερον.
689 1356 760 1365 —-
805 1329 872 1381 A.
929 1328 1141 1380 Οὐκοῦν
1200 1330 1297 1379 τὸν
1345 1331 1581 1393 τυχόντα
1632 1329 1859 1395 ἀγαθοῦ
1918 1327 2188 1395 δαίμονος
2233 1334 2340 1399 ἡγῇ

237 1412 470 1475 δικαίως
508 1410 601 1485 ζῆν
638 1415 733 1465 καὶ
772 1415 1063 1484 φρονίμως
1099 1415 1194 1465 καὶ
1222 1416 1533 1484 σωφρόνως
1544 1432 1564 1476 ,·
1601 1418 1859 1464 τοιοῦτον
1901 1414 2005 1483 γάρ
2047 1411 2340 1480 ὁμολογεῖς

236 1498 384 1551 εἶναι
421 1501 517 1550 τὸν
567 1496 809 1564 δαίμονα
859 1499 1043 1549 αὐτοῦ.
1084 1525 1154 1532 -
1202 1499 1363 1549 Πάνυ
1412 1514 1488 1566 γε.
1541 1525 1611 1533 -
1657 1500 1725 1549 Δ.
1771 1500 1883 1550 Τὸν
1935 1497 1994 1550 δὲ
2043 1500 2343 1569 μοχθηροῦ

154 1592 203 1635 15
241 1582 509 1650 δαίμονος
547 1590 811 1655 πονηρῶς
846 1586 940 1635 καὶ
977 1585 1242 1654 ἀφρόνως
1278 1585 1373 1634 καὶ
1423 1585 1677 1654 ἀνοήτως
1723 1586 1818 1635 καὶ
1876 1581 2233 1646 ἀκολάστως,·
2271 1612 2342 1619 -

236 1671 514 1720 Φαίνεται
562 1675 737 1720 ταῦτα
787 1670 1112 1736 συμβαίνειν
1162 1671 1222 1720 ἐκ
1268 1675 1379 1720 τῶν
1442 1670 1747 1739 εἰρημένων
1806 1676 1917 1721 νῦν.
1971 1698 2040 1706 -
2086 1671 2153 1721 A.
2200 1654 2338 1739 Ἆρα

233 1757 392 1816 ὅστις
430 1755 745 1824 ἄνθρωπος
782 1761 911 1805 νοῦν
949 1756 1088 1820 ἔχων
1136 1755 1258 1805 ἐστὶ
1302 1756 1396 1805 καὶ
1447 1752 1664 1816 δίκαιος
1710 1757 1805 1806 καὶ
1848 1757 2121 1826 σώφρων,
2177 1754 2341 1816 οὗτος

235 1839 516 1906 εὐδαίμων
556 1841 708 1890 ἐστὶν
747 1839 950 1907 ἀγαθῷ
980 1837 1207 1905 δαίμονι
1236 1841 1442 1890 συνών·
1485 1842 1642 1901 ὅστις
1670 1838 1728 1890 δὲ
1758 1838 1996 1911 ἀσελγὴς
2019 1842 2114 1891 καὶ
2140 1842 2339 1910 ἄφρων

232 1927 330 1976 καὶ
371 1930 702 1994 πανοῦργος,
743 1926 947 1994 ἀνάγκη
986 1922 1368 1990 κακοδαίμονα
1410 1927 1649 1995 φάσκειν
1681 1927 1893 1976 ἐκεῖνον
1919 1924 2069 1993 κακῷ
2111 1923 2340 1991 δαίμονι

156 2018 205 2059 20
246 2006 666 2077 συνεζευγμένον
704 2012 798 2061 καὶ
837 2008 1174 2079 λατρεύοντα
1187 2029 1206 2072 ,·
1244 2038 1311 2045 -—
1342 2003 1602 2079 Ἀληθές.
1642 2037 1712 2046 -
1737 2012 1804 2061 A.
1836 2013 2028 2081 Σοφὸν
2069 2009 2127 2061 δὲ
2167 2008 2336 2061 ἄλλον
2376 2013 2407 2064 8

237 2097 361 2147 τινὰ
399 2092 588 2155 καλεῖς
624 2096 656 2164 ἢ
698 2096 794 2145 τὸν
835 2097 1111 2164 φρόνιμον
1150 2095 1463 2163 ἄνθρωπον
1510 2096 1605 2145 καὶ
1654 2092 1872 2146 δίκαιον
1923 2098 2017 2147 καὶ
2053 2098 2210 2148 ὅσιον
2247 2097 2341 2146 καὶ

235 2179 509 2250 ἀνδρεῖον,
552 2176 767 2249 φαῦλον
811 2177 869 2229 δὲ
908 2181 1004 2229 τὸν
1045 2177 1241 2230 ἄδικον
1278 2181 1371 2230 καὶ
1409 2180 1640 2230 ἀνόσιον
1676 2181 1771 2231 καὶ
1814 2177 2030 2242 δειλόν,·
2067 2207 2136 2215 -
2166 2181 2337 2249 Φημί.

232 2253 318 2302 ——⁹
341 2266 408 2315 A.
438 2265 538 2334 Μὴ
579 2264 766 2314 τοίνυν
806 2264 890 2314 ἔτι
927 2259 1189 2329 θαύμαζε
1227 2269 1338 2314 τῶν
1379 2260 1667 2331 λεγόντων,
1706 2266 1795 2315 ὅτι
1819 2267 1995 2330 μόνον
2020 2267 2114 2315 καὶ
2153 2267 2339 2315 πάντα

236 2351 379 2420 φασὶ
415 2350 512 2399 τὸν
553 2350 734 2418 σοφὸν
785 2346 1088 2414 εὐδαίμονα
1140 2347 1310 2411 εἶναι,
1361 2354 1472 2399 τῶν
1525 2346 1584 2399 δὲ
1627 2346 1858 2419 φαύλων
1913 2348 2110 2401 οὐδένα
2150 2353 2339 2401 ὅντινα

155 2443 202 2485 25
241 2436 302 2485 οὐ
339 2432 747 2504 κακοδαίμονα·
799 2431 997 2504 ἐπειδή
1036 2450 1096 2502 γε
1132 2435 1226 2485 καὶ
1267 2435 1358 2484 σοὶ
1393 2439 1568 2484 ταῦτα
1611 2431 1775 2485 δοκεῖ.
1820 2462 1881 2469 —-
1929 2436 2011 2486 Τὰ
2050 2437 2152 2501 μὲν
2190 2433 2331 2486 ἄλλα
2371 2437 2403 2486 9

236 2518 418 2581 δοκεῖς
453 2536 554 2586 μοι
593 2521 655 2569 οὐ
695 2520 851 2589 παρὰ
892 2516 1060 2582 δόξαν
1101 2517 1443 2584 διειλέχθαι·
1501 2522 1660 2581 ὅπως
1699 2518 1758 2570 δὲ
1805 2522 1908 2591 χρὴ
1954 2519 2246 2587 δαιμόνιόν
2284 2538 2341 2571 τι

234 2607 485 2675 πονηρὸν
521 2605 794 2673 ἡγεῖσθαι
830 2606 924 2655 καὶ
961 2602 1154 2655 ἄδικον
1192 2606 1285 2655 καὶ
1322 2605 1561 2675 ἀνόητον
1602 2606 1699 2655 οὐκ
1737 2606 1848 2670 ἔχω
1890 2607 2091 2657 εἰπεῖν.
2156 2603 2341 2666 ἄλλως

234 2707 293 2740 τε
336 2683 397 2740 οὗ
439 2691 584 2759 πρὸς
621 2691 776 2755 ὑμῶν
816 2695 926 2740 τῶν
967 2687 1304 2760 φιλοσόφων
1342 2691 1512 2753 ἐστίν,
1554 2689 1715 2758 εἴπερ
1756 2691 1923 2741 θεῖον
1953 2693 2015 2741 τὸ
2046 2688 2341 2755 δαιμόνιον

233 2776 485 2845 ἡγεῖσθε,
524 2782 782 2826 τοιοῦτον
820 2773 1258 2842 ὑπολαμβάνειν.
1286 2803 1356 2811 -
1380 2776 1448 2826 A.
1473 2768 1630 2825 Ἀλλ’
1674 2776 1780 2842 ἐγώ
1824 2781 1918 2825 νῦν
1960 2768 2022 2825 οὐ
2060 2776 2201 2825 κατὰ
2240 2776 2340 2844 τὴν
2390 2800 2392 2803 v

154 2866 203 2907 30
238 2861 484 2926 ἐμαυτοῦ
521 2857 687 2923 δόξαν
729 2858 1040 2928 διείλεγμαι
1076 2861 1146 2911 τὰ
1186 2858 1398 2923 πολλά,
1449 2858 1596 2929 πλήν
1633 2875 1693 2926 γε
1733 2853 1868 2910 αὐτὸ
1909 2866 2073 2910 τοῦτο
2113 2862 2201 2910 ὅτι
2237 2876 2338 2924 μοι

237 2942 401 2996 δοκεῖ
431 2952 546 3006 πᾶς
582 2947 676 2996 καὶ
700 2947 872 3011 μόνος
900 2938 1182 3011 εὐδαίμων
1211 2947 1241 2995 o‘
1270 2947 1478 3014 σοφός·
1518 2945 1587 2994 τὰ
1628 2942 1686 2994 δὲ
1727 2941 1869 2993 ἀλλα
1910 2945 2052 2994 κατὰ
2091 2946 2189 3014 τὴν
2227 2949 2338 2994 τῶν

237 3027 464 3080 πολλῶν
503 3031 847 3099 ἀνθρώπων,
887 3032 1045 3090 ὅπως
1082 3031 1156 3098 μὴ
1198 3027 1342 3079 δοκῶ
1381 3024 1691 3094 βιάζεσθαι
1729 3021 1946 3088 αὐτούς.
2011 3029 2139 3079 ἐπεὶ
2179 3031 2330 3097 φέρε,
2357 3028 2423 3078 10

386 3295 402 3334 1
441 3281 496 3337 οὗ
528 3289 576 3336 δὲ
605 3288 857 3350 μοχθηρὸς
897 3288 1054 3345 Emp.,
1093 3281 1202 3334 οὐδὲ
1237 3292 1492 3347 μοχθηρον
1529 3289 1579 3333 Μ
1609 3288 1698 3335 τὸν
1734 3288 1786 3335 δὲ
1823 3287 2079 3349 μοχθηρὸν
2114 3289 2198 3335 UB

241 3365 266 3405 2
300 3361 475 3406 malim:
507 3356 663 3414 ἄλλως
694 3358 859 3418 (πως>,
888 3361 940 3403 ut
969 3358 1133 3404 dicitur
1163 3355 1280 3406 ἄλλο
1311 3375 1356 3405 τι
1384 3355 1415 3418 ἢ
1525 3355 1587 3405 Ἢ
1609 3358 1710 3404 add.
1741 3358 1955 3405 Reiskius
2071 3363 2097 3404 3
2127 3350 2157 3418 ἦ
2184 3360 2224 3404 Β

237 3437 265 3477 4
297 3433 489 3485 δικαίως
518 3431 559 3476 U
676 3427 902 3488 ἄφρονας
931 3429 980 3473 Μ
1096 3433 1119 3472 7
1151 3423 1257 3488 ἡγεῖ
1283 3428 1333 3472 Μ
1362 3429 1504 3474 altero
1534 3429 1635 3474 loco
1753 3432 1778 3474 8
1809 3429 1854 3476 εἰ
1878 3446 1975 3490 γαρ
2004 3430 2054 3474 Μ
2170 3423 2227 3476 οὐ
2256 3441 2338 3485 pro

241 3497 299 3549 ὃν
318 3503 369 3547 Μ
460 3506 511 3546 10
541 3502 589 3547 τί
609 3498 660 3559 δὴ
684 3500 734 3545 Μ
825 3493 973 3546 αὐτοῦ
991 3499 1094 3544 libri
1180 3501 1232 3542 12
1262 3493 1368 3558 ἡγεῖ
1385 3499 1433 3543 Μ
1529 3502 1578 3544 16
1610 3502 1694 3547 νῦν
1715 3497 1812 3559 ἄρα
1836 3499 1926 3544 UM
2030 3504 2081 3544 17
2112 3502 2193 3546 καὶ
2213 3501 2338 3557 prius

22 3604 24 3627 z
239 3587 327 3621 om.
357 3574 438 3620 ΠΒ
558 3575 608 3616 19
638 3571 957 3627 κακοδαίμονι
987 3570 1036 3613 Μ
1181 3572 1234 3613 20
1265 3567 1439 3628 ἄληθες
1470 3569 1550 3615 UB
1581 3563 1735 3630 ἀληθῆ
1763 3571 1814 3615 Μ
1958 3574 2010 3615 21
2044 3571 2153 3617 τίνα
2183 3570 2225 3616 U

22 3629 24 3642 ⁵
240 3649 293 3690 25
329 3641 385 3692 σὺ
416 3645 467 3689 Μ
610 3639 761 3689 ταύτά
797 3641 877 3686 UB
1023 3644 1075 3685 29
1107 3636 1326 3699 ἡγεῖσθαι
1354 3640 1448 3687 UM
1607 3645 1657 3687 31
1691 3658 1744 3689 τε
1772 3654 1856 3699 pro
1887 3642 1936 3689 δὲ
1965 3641 2015 3685 Μ
2159 3644 2212 3685 32
2241 3638 2338 3686 ἐπί·

20 3654 25 3833 ¹
243 3732 363 3775 φερε
393 3715 443 3759 Μ

1907 3781 1994 3825 18*
