2684 4140
1027 283 1252 329 ORATIO
1282 282 1446 328 LXVI.
2183 278 2283 327 163

202 438 311 482 τῶν
339 432 654 500 ὀψοφάγων
680 433 915 496 γέγονεν,
955 430 1112 489 ὅστις
1138 428 1469 497 ἐπεθύμησε
1505 424 1728 486 λέοντος
1766 426 1960 494 ἀγρίου
1998 426 2030 494 ἢ
2070 427 2288 494 ταύρων

203 517 425 566 ἑκατόν·
478 516 534 564 οἱ
582 512 640 564 δὲ
679 518 800 575 τοῖς
839 510 1076 573 πολλοῖς
1114 513 1368 579 ἀρέσκειν
1419 509 1717 572 ἐθέλοντες
1767 511 1829 560 οὐ
1866 512 2038 575 μόνον
2075 511 2288 560 τούτων

28 609 178 652 (60711)
202 600 602 665 ἐπιθυμοῦσιν,
642 589 765 648 ἀλλ’
809 600 957 649 ὅσων
996 594 1122 647 οὐδὲ
1163 598 1346 647 εἰπεῖν
1385 597 1555 646 ἔστιν.
1622 595 1686 644 οὐ
1722 594 1825 662 γὰρ
1855 591 2066 662 ὀλίγοις
2094 591 2285 657 λίνοις,

204 685 407 753 φασίν,
457 684 488 752 ἢ
532 680 688 732 δυσὶν
724 682 757 751 ἢ
797 683 980 751 τρισὶν
1031 681 1284 748 ἑταίραις
1323 677 1450 730 οὐδὲ
1506 676 1634 730 δέκα
1673 679 1926 744 Λεσβίσι
1981 678 2289 748 θηρεύεται

144 776 168 815 5
206 765 340 830 δόξα
376 767 468 817 καὶ
506 763 680 835 δῆμος
717 762 846 825 ὅλος
884 766 965 825 εἰς
1003 764 1196 815 πειθὼ
1233 765 1328 814 καὶ
1368 761 1565 833 φιλίαν
1615 764 1835 830 ἄγεται,
1884 762 2097 830 μυρίων
2136 762 2287 812 ἀντι-

201 852 588 920 πραττόντων
642 845 782 898 ἀλλὰ
833 849 1036 917 ἀνάγκη
1088 845 1310 909 πόλεως
1361 845 1668 898 ἀκολασίαν
1717 848 1860 912 ἔχειν
1906 847 1999 896 καὶ
2039 842 2288 914 φιλωδὸν

15 944 175 984 51311)
197 937 290 986 καὶ
329 932 730 1004 φιλοχορευτὴν
765 934 860 982 καὶ
908 930 1230 1002 φιλοπότην
1278 933 1372 982 καὶ
1422 933 1726 1000 ὀψοφάγον
1776 930 1922 981 εἶναι
1967 930 2061 979 καὶ
2099 931 2284 979 πάντα

198 1017 262 1089 δὴ
302 1019 370 1068 τοὶ
408 1023 641 1068 τοιαῦτα
679 1018 752 1086 μὴ
806 1017 883 1077 ὡς
930 1019 1025 1066 ἕνα
1075 1013 1279 1084 ἄνδρα,
1331 1013 1472 1065 ἀλλὰ
1511 1016 1748 1084 μυρίους
1783 1016 1815 1084 ἢ
1860 1012 1944 1075 δὶς
1980 1014 2213 1082 μυρίους
2249 1003 2282 1082 ἢ

198 1102 431 1166 δεκάκις,
469 1099 662 1171 ἡλίκης
699 1102 766 1151 ἄν
793 1116 935 1150 ποτε
966 1101 1205 1169 ἐραστὴς
1241 1083 1337 1168 <ἧ>
1373 1097 1610 1159 πόλεως.
1677 1099 1765 1149 ἀεὶ
1803 1092 1858 1148 δ
1902 1099 1969 1148 ἂν
2008 1098 2163 1166 παρὰ
2202 1095 2281 1164 τῷ
2304 1103 2368 1154 10

122 1193 168 1235 10
202 1189 438 1254 τοιούτῳ
476 1184 818 1252 καταλάβοις

406 1269 589 1322 αὐλῶν
630 1272 901 1340 συρίγγων
939 1263 993 1320 τ’
1037 1270 1246 1338 ἐνοπὴν
1286 1265 1497 1334 ὅμαδόν
1534 1258 1587 1316 τ’
1634 1266 1977 1334 ἀνθρώπων.

194 1358 350 1427 παρὰ
391 1354 449 1407 δὲ
489 1353 783 1426 πλήθουσι
819 1349 1096 1420 τράπεζαι
1127 1354 1284 1404 σίτου
1322 1353 1416 1402 καὶ
1451 1356 1668 1421 κρειῶν,
1707 1350 1857 1416 μέθυ
1900 1342 1955 1399 δ’
1998 1350 2057 1399 ἐκ
2093 1352 2289 1420 κρητή-

195 1459 307 1511 ρων
346 1442 592 1505 οἰνοχόοι
637 1443 924 1510 φορέουσι.

407 1532 628 1596 κνισῆεν
668 1523 730 1575 δέ
765 1542 824 1575 τε
866 1522 1024 1590 δῶμα
1065 1517 1584 1592 περιστεναχίζεται
1622 1517 1762 1588 αὐλῇ

120 1616 165 1657 15
411 1612 614 1681 ἤματα,
653 1612 852 1672 νύκτας
891 1603 946 1660 δ’
990 1609 1120 1660 αὖτε
1160 1601 1302 1677 παρ’
1346 1604 1568 1674 αἰδοίῃς
1606 1601 1896 1669 ἀλόχοισιν

197 1688 482 1746 οὐδέποθ’
537 1694 822 1758 εὕδουσιν,
864 1687 985 1744 οὐδ’
1038 1695 1104 1744 ἂν
1154 1695 1301 1743 πάνυ
1352 1688 1599 1751 πολλοὺς
1644 1691 2145 1757 ὑποστορέσωνται
2194 1694 2289 1742 τά-

196 1795 395 1849 πητας.
472 1781 614 1830 ὥστε
652 1781 784 1840 τούς
829 1795 890 1846 γε
941 1775 1295 1849 φιλόπαιδας
1340 1777 1434 1826 καὶ
1483 1772 1704 1845 σφόδρα
1756 1773 1917 1839 οἶμαι
1961 1772 2286 1845 μακαρίζειν
2311 1782 2370 1831 11

198 1865 399 1924 αὐτοὺς
437 1866 559 1924 τοῖς
599 1860 928 1933 φιλοδόξοις
966 1858 1463 1931 παραβάλλοντας,
1514 1861 1647 1909 ὅταν
1699 1860 1858 1910 αὐτοὶ
1904 1861 2005 1925 μὲν
2056 1861 2289 1929 ὄρτυγας

199 1944 436 2017 ζητῶσιν
475 1939 508 2018 ἢ
548 1945 882 2016 ἀλεκτρυόνα
920 1937 954 2017 ἢ
993 1944 1285 2016 ἀηδόνιον,
1335 1949 1457 2006 τοῖς
1497 1942 1554 1994 δὲ
1595 1944 1802 2012 ὁρῶσιν
1840 1944 2078 2014 ἀνάγκην
2118 1945 2289 1997 οὖσαν

119 2038 169 2078 20
199 2025 464 2099 Ἀμοιβέα
490 2034 521 2102 ἢ
550 2030 754 2083 Πῶλον
782 2028 962 2101 ζητεῖν
993 2021 1026 2100 ἢ
1063 2036 1174 2081 τῶν
1205 2021 1550 2095 Ὀλυμπίασι
1580 2031 1942 2098 νενικηκότων
1970 2030 2094 2079 τινὰ
2122 2034 2289 2081 πέντε

198 2117 566 2181 μισθοῦσθαι
604 2113 906 2166 ταλάντων.
988 2116 1082 2165 καὶ
1120 2115 1279 2165 αὐτοὶ
1315 2116 1416 2179 μὲν
1454 2116 1548 2163 ἕνα
1587 2114 1683 2163 τὸν
1723 2111 2084 2180 παιδαγωγὸν
2122 2104 2155 2183 ἢ
2194 2118 2290 2166 τὸν

197 2198 511 2251 ἀκόλουθον
548 2203 908 2270 ἐγάστρισαν”
950 2201 1005 2249 οἱ
1044 2197 1101 2250 δὲ
1143 2200 1209 2250 ἂν
1235 2200 1308 2268 μὴ
1338 2195 1704 2262 τούλάχιστον
1733 2199 1929 2248 ἑκατὸν
1955 2205 2053 2268 τῆς
2078 2202 2289 2268 ἡμέρας

199 2283 521 2347 πολυτελῶς
558 2287 902 2336 ἑστιάσωσιν
943 2282 1102 2335 οὐδὲν
1141 2285 1333 2345 αὐτοῖς
1372 2280 1591 2353 ὄφελος.

319 2374 440 2431 τοῖς
455 2372 556 2436 μὲν
571 2371 665 2421 οὖν
677 2372 980 2435 κάμνουσιν
994 2371 1227 2439 ἡσυχίας
1245 2374 1586 2437 προνοοῦσιν
1607 2369 1662 2417 οἱ
1679 2367 2113 2436 θεραπεύοντες,
2132 2371 2290 2431 ὅπως

14 2448 87 2534 3)ss
111 2461 160 2502 25
194 2453 548 2506 καθεύδωσι’
570 2459 691 2516 τοῖς
705 2453 763 2505 δὲ
784 2452 1136 2518 δοξοκόποις,
1158 2456 1290 2504 ὅταν
1306 2454 1540 2523 ἡσυχίας
1552 2454 1881 2519 τυγχάνωσι,
1902 2455 2028 2503 τότε
2041 2451 2288 2518 μάλιστα

198 2541 374 2600 ὕπνος
396 2540 491 2589 οὐκ
510 2540 749 2590 ἔπεισιν.
801 2541 974 2604 οἱμὲν
997 2538 1092 2589 οὖν
1114 2539 1414 2608 χρημάτων
1440 2527 1473 2607 ἢ
1493 2541 1685 2604 γένους
1706 2540 2063 2602 ἐπιτυχόντες
2082 2529 2115 2607 ἢ
2135 2556 2288 2600 τινος
2310 2543 2372 2593 12

340 2751 364 2791 2
403 2743 568 2804 μόνων
607 2749 650 2792 Η
822 2751 846 2792 3
890 2740 1010 2794 ὅσον
1049 2748 1090 2793 U
1128 2762 1184 2791 m.
1223 2760 1292 2804 pr.
1467 2751 1495 2790 4
1531 2748 1718 2806 λεσβίσι
1748 2747 1879 2803 Wil.,
1918 2750 2130 2807 λεσβίοις
2160 2749 2289 2792 ΡΗΜ

99 2895 104 2897 ς
197 2847 410 2906 λεσβίαις
439 2846 517 2891 UB
632 2850 658 2890 6
689 2822 957 2900 ἀκολα(8ἰοῐ)
988 2847 1028 2891 Η
1174 2850 1198 2890 8
1229 2845 1509 2903 δυσμυρίους
1537 2845 1574 2889 P
1606 2847 1708 2897 (om.
1738 2843 1767 2902 ἤ
1796 2839 1997 2900 δεκάκις)
2111 2849 2285 2892 malim:

199 2912 306 2964 ἀλλ’
335 2912 457 2973 (ὡς)
485 2919 684 2976 μυρίους
802 2921 828 2961 9
857 2914 1023 2976 ἦδίκησ
1043 2914 1103 2963 ἀν
1124 2932 1244 2962 ποτε
1275 2910 1452 2973 (ἤδίκησ
1481 2927 1706 2971 superscr.
1740 2928 1767 2958 a
1797 2920 1927 2969 corr.)
1961 2917 1997 2961 U
2027 2912 2200 2975 ἠδίκεις
2229 2916 2290 2965 ἄν

199 3004 318 3034 ποτε
340 2988 375 3031 Β
405 2984 434 3045 ἢ
464 2984 660 3046 δίκησάν
689 3004 808 3034 ποτε
838 2988 932 3032 ΜΗ
962 2985 1154 3046 εἰδήκεις
1185 2984 1244 3033 ἄν
1275 3002 1395 3032 ποτε
1417 2986 1450 3028 Ρ
1471 2990 1596 3041 (mrg.
1619 2985 1677 3038 H)
1763 2983 1985 3042 ἐρασθεὶς
2003 2986 2040 3029 Ρ
2127 2980 2157 3045 ᾖ
2186 2989 2286 3033 add.

201 3100 316 3143 Seld.
467 3102 513 3143 11
548 3099 599 3142 11.
630 3099 672 3142 X
704 3103 755 3143 13
788 3099 868 3143 od.
891 3099 955 3142 IX
986 3102 1087 3153 8sq.
1122 3098 1205 3142 Od.
1226 3098 1270 3141 X
1293 3102 1343 3141 10
1362 3110 1428 3152 sq.
1578 3100 1626 3139 12
1657 3059 1873 3157 ἐκριξὲων
1902 3098 1936 3141 Ρ
2083 3102 2134 3142 14
2163 3117 2287 3153 κνισ-

200 3174 311 3228 σῆεν
340 3169 383 3212 Η
582 3171 1024 3227 περιστοναχίζεται
1061 3169 1136 3212 ΒΡ
1340 3166 1461 3225 αὐλῇ
1492 3167 1619 3211 Hom.
1652 3167 1734 3211 Od.
1766 3168 1809 3212 X
1832 3171 1882 3211 10
1929 3162 2044 3226 αὐλὴ
2076 3170 2208 3214 ΒΜΗ
2239 3175 2265 3216 δ
2276 3167 2287 3183 '

201 3234 315 3298 αὐλὴ
347 3240 425 3284 UP
543 3244 593 3284 15
624 3232 835 3298 ὕπερθεν
863 3253 946 3296 pro
975 3237 1134 3297 ἤματα
1156 3238 1234 3283 UB
1324 3238 1524 3292 αἰδοίοις
1553 3239 1634 3282 ΡΗ
1730 3242 1778 3281 16
1813 3231 2041 3285 οὐδέποτε
2072 3239 2201 3285 UBM

202 3315 251 3355 17
283 3312 666 3370 φιλοπαίγμονας
695 3324 802 3366 mrg.
826 3309 868 3353 H
959 3314 1011 3355 18
1044 3304 1215 3363 αὐτοὺς
1246 3309 1285 3354 U
1315 3323 1372 3356 m.
1403 3323 1468 3366 pr.
1502 3310 1539 3352 B
1629 3304 1780 3356 αὐτὸν
1809 3308 1897 3365 μὲν
1927 3309 1962 3352 Ρ
2052 3306 2230 3370 ὄρτυγα
2249 3330 2298 3357 ::.

196 3385 316 3435 (cum
345 3386 522 3432 rasura)
555 3381 591 3426 U
714 3385 764 3426 19
795 3379 1120 3439 ἀλεκτρυόνας
1150 3381 1190 3424 Η
1306 3375 1540 3439 ἀηδώνιον
1571 3381 1609 3426 U
1641 3395 1700 3425 m.
1731 3394 1797 3437 pr.
1831 3375 2010 3439 ἀηδόνα
2041 3381 2079 3425 Β
2186 3391 2287 3437 τοῖς

197 3453 245 3499 δὲ
274 3451 447 3512 ἐρῶσιν
475 3452 606 3497 UBM
637 3459 738 3505 τοῖς
768 3452 817 3498 δὲ
847 3449 981 3511 δόξης
1010 3450 1182 3511 ἐρῶσιν
1210 3451 1307 3507 ΡΗ,
1338 3464 1452 3497 corr.
1473 3451 1606 3508 Emp.
1722 3455 1776 3495 20
1806 3445 2025 3510 Ἀμοιβέα
2056 3447 2085 3510 ἢ
2113 3456 2288 3500 Πῶλον

200 3524 302 3567 Wil.
335 3524 435 3568 coll.
468 3523 587 3567 Plut.
621 3526 748 3568 Atat.
785 3526 849 3576 17,
883 3516 1147 3582 ἄμοιβαίαν
1178 3524 1343 3567 πῶλον
1371 3522 1474 3566 libri
1619 3525 1668 3567 21
1703 3517 1786 3569 ἕνα
1818 3517 1905 3567 τὸν
1934 3521 2111 3578 scripsi,
2141 3519 2207 3576 εἴς
2235 3541 2287 3570 τε

199 3589 287 3639 τὸν
314 3594 364 3638 Μ
393 3590 474 3651 ἤτε
505 3593 593 3640 τὸν
621 3595 659 3638 Β
690 3590 719 3652 ἢ
748 3590 836 3639 τὸν
865 3593 945 3637 ΡΗ
975 3589 1004 3651 ἢ
1032 3592 1121 3639 τὸν
1149 3593 1242 3647 (sed
1270 3589 1300 3650 ἦ
1329 3610 1356 3638 τ
1386 3605 1414 3637 a
1444 3596 1575 3647 corr.)
1604 3593 1648 3639 U
1734 3597 1787 3637 22
1817 3588 2135 3651 ἐγκάστρισαν
2164 3594 2212 3637 Μ

201 3667 254 3708 23
285 3659 417 3712 οὐδὲν
446 3690 499 3697 -
529 3664 789 3721 κάμνουσιν
819 3678 904 3710 om.
936 3664 976 3708 H
1006 3664 1169 3721 (suppl.
1201 3664 1248 3707 in
1277 3677 1385 3720 mrg.
1417 3677 1446 3708 a
1475 3668 1608 3718 corr.)
1738 3667 1790 3709 25
1821 3658 2105 3710 καθεύδουσι
2137 3665 2173 3707 Β

204 3738 256 3778 26
286 3751 412 3788 τινος
443 3748 526 3780 om.
561 3735 690 3780 UBM

1860 3808 1901 3849 11
1921 3807 1945 3833 *
