2684 4140
439 262 538 308 110
1150 250 1351 295 DIONIS
1383 248 1467 292 DE
1495 247 1757 293 HOMERO

435 401 752 468 λεγομένων,
801 398 856 445 οἱ
894 393 952 444 δὲ
992 394 1124 442 αὐτὸ
1163 398 1327 442 τοῦτο
1366 393 1464 462 τὴν
1506 390 1762 443 διάνοιαν
1799 390 2186 461 ἐξηγούμενοι,
2238 397 2300 445 ού
2338 399 2511 462 μόνον

425 478 787 551 Ἀρίσταρχος
824 479 917 528 καὶ
953 478 1182 544 Κράτης
1218 477 1312 526 καὶ
1349 478 1532 543 ἕτεροι
1568 474 1801 538 πλείους
1838 483 1949 528 τῶν
1986 479 2220 548 ὕστερον
2258 497 2510 548 γραμμα-

430 571 592 615 τικῶν
628 561 975 631 κληθέντων,
1026 561 1301 628 πρότερον
1341 557 1399 610 δὲ
1437 566 1712 629 κριτικῶν.
1797 563 1890 612 καὶ
1929 560 1992 632 δὴ
2031 563 2125 613 καὶ
2163 565 2330 627 αὐτὸς
2361 559 2509 636 Ἀρι-

431 645 716 716 στοτέλης,
767 638 874 714 ἀφ’
929 643 999 694 οὗ
1045 658 1190 714 φασι
1237 646 1335 714 τὴν
1382 647 1630 715 κριτικήν
1679 663 1739 696 τε
1785 648 1879 697 καὶ
1915 651 2300 720 γραμματικὴν
2339 652 2509 721 ἀρχὴν

428 729 630 797 λαβεῖν,
670 732 728 780 ἐν
753 727 990 790 πολλοῖς
1017 725 1303 795 διαλόγοις
1329 731 1461 798 περὶ
1486 736 1589 780 τοῦ
1622 737 1870 800 ποιητοῦ
1905 729 2157 797 διέξεισι,
2195 731 2504 800 θαυμάζων
2541 735 2566 789 5

426 817 590 867 αὐτὸν
639 816 715 874 ὡς
765 816 828 863 τὸ
879 811 1026 863 πολὺ
1073 815 1168 863 καὶ
1219 819 1423 879 τιμῶν,
1485 815 1570 866 ἔτι
1620 813 1678 866 δὲ
1723 809 2085 887 Ἡρακλείδης
2135 820 2166 868 0‘
2212 820 2508 882 Ποντικός.

359 899 391 948 2
425 902 635 951 τούτων
674 897 732 949 δὲ
771 901 1047 968 πρότερος
1083 895 1328 949 Πλάτων
1367 907 1659 965 πανταχοῦ
1690 905 1993 970 μέμνηται,
2034 905 2134 973 τὴν
2171 906 2272 969 μὲν
2309 902 2511 976 ἡδονὴν

423 986 514 1035 καὶ
544 985 707 1052 χάριν
744 984 842 1053 τὴν
881 989 992 1034 τῶν
1031 985 1186 1034 ἐπῶν
1225 982 1688 1054 ἐκπληττόμενος,
1728 985 2003 1049 πολλάκις
2039 1005 2099 1055 γε
2137 991 2245 1059 μὴν
2271 991 2511 1056 ἐπιμεμ-

425 1070 667 1138 φόμενος
703 1068 762 1117 ἐν
800 1071 922 1128 τοῖς
960 1069 1092 1137 περὶ
1129 1069 1284 1120 θεῶν
1322 1071 1536 1135 μύθοις
1575 1089 1635 1122 τε
1671 1074 1765 1123 καὶ
1813 1070 2028 1140 λόγοις,
2078 1075 2155 1136 ὡς
2196 1076 2258 1124 οὐ
2301 1079 2512 1146 συμφέ-

422 1169 588 1221 ροντα
627 1155 756 1213 τοῖς.
780 1152 1124 1221 ἀνθρώποις
1174 1152 1434 1220 οὐδαμῶς
1484 1157 1651 1207 αὐτὸν
1700 1158 1987 1228 εἰρηκότα,
2038 1157 2371 1223 πλεονεξίας
2416 1146 2509 1212 καὶ
2547 1154 2594 1212 1ὸ

424 1234 730 1303 ἐπιβουλὰς
765 1228 891 1287 κατ)
936 1235 1189 1308 ἀλλήλων
1236 1241 1330 1291 καὶ
1378 1243 1635 1306 μοιχείας
1683 1245 1777 1294 καὶ
1823 1241 2016 1312 ἐριδας
2061 1247 2156 1296 καὶ
2195 1243 2515 1316 φιλονικίας

424 1323 554 1389 περὶ
599 1322 754 1372 θεῶν
802 1319 1129 1384 ἐπεξιόντα·
1184 1326 1325 1389 μετὰ
1375 1332 1549 1376 ταῦτα
1609 1325 1668 1378 δὲ
1719 1329 1782 1378 οὐ
1829 1327 2168 1394 μεταδιδούς
2218 1321 2368 1398 αὐτῷ
2417 1338 2515 1401 τῆς
2538 1342 2666 1385 (2753

425 1408 595 1457 αὑτοῦ
629 1404 851 1468 πόλεώς
888 1425 948 1458 τε
984 1410 1078 1459 καὶ
1116 1407 1412 1472 πολιτείας
1441 1419 1625 1483 σοφῆς
1651 1414 1728 1474 ὡς
1756 1414 1923 1475 αὐτὸς
1948 1411 2199 1480 ἐνόμιζεν
2227 1417 2514 1485 ἐσομένης,

425 1494 515 1543 ἴνα
550 1493 687 1562 μήτε
725 1499 899 1542 ταῦτα
941 1494 1191 1545 ἀκούωσι
1229 1497 1364 1565 περὶ
1400 1497 1557 1548 θεῶν
1605 1502 1725 1548 νέοι
1775 1501 1928 1561 ὄντες
1977 1501 2072 1561 οὓς
2122 1502 2332 1561 ἐκεῖνος
2371 1501 2515 1550 ἀπο-

426 1579 616 1647 φαίνει
655 1574 906 1647 φύλακάς
944 1596 1003 1629 τε
1039 1581 1134 1630 καὶ
1170 1583 1444 1647 ἡγεμόνας
1481 1589 1581 1652 τῆς
1619 1581 1868 1647 πόλεως,
1917 1578 2054 1654 μηδ’
2110 1585 2183 1635 αὖ
2227 1587 2362 1654 περὶ
2398 1591 2509 1636 τῶν
2549 1593 2596 1636 15
2637 1595 2639 1597 ’

424 1665 480 1713 ἐν
519 1657 657 1731 ᾅδου
694 1659 868 1732 μηδὲν
909 1664 1254 1733 σκυθρωπὸν
1295 1662 1592 1732 λεγόμενον
1639 1665 2323 1738 μαλακωτέρουςαύτοὺς
2372 1673 2517 1738 πρός

424 1765 483 1798 τε
530 1749 592 1796 τὸ
640 1748 930 1813 μάχεσθαι
977 1749 1071 1799 καὶ
1118 1751 1182 1798 τὸ
1233 1741 1626 1819 ἀποθνῄσκειν
1676 1759 1819 1822 ποιῇ
1864 1751 2006 1823 μηδὲ
2053 1755 2246 1823 ὥσπερ
2286 1753 2514 1817 πώλους
2538 1766 2617 1806 (554
2638 1765 2684 1802 κο

360 1831 390 1880 3
427 1839 605 1894 κακῶς
642 1830 1044 1894 πωλευθέντας
1081 1831 1143 1896 ἐξ
1179 1834 1349 1905 ἀρχῆς
1386 1836 1684 1898 ὑπόπτους
1717 1839 1864 1907 πρὸς
1889 1839 1958 1888 τὰ
1984 1840 2057 1909 μὴ
2090 1841 2322 1908 φοβερά.
2387 1842 2520 1910 περὶ

424 1920 523 1983 μὲν
564 1915 627 1988 δὴ
667 1921 879 1969 τούτων
918 1922 1106 1987 ἕτερος
1145 1916 1308 1986 λόγος
1347 1917 1562 1972 πλείων
1587 1923 1681 1973 καὶ
1703 1925 2049 1993 μακρότερος
2069 1925 2168 1975 καὶ
2195 1925 2258 1975 οὐ
2296 1923 2513 1994 ῥᾴδιος,

427 2006 665 2073 πότερον
691 1997 934 2074 Ὅμηρος
970 2006 1182 2074 ἥμαρτε
1222 2007 1355 2074 περὶ
1391 2012 1566 2057 ταῦτα
1604 2008 1636 2077 ἢ
1679 2011 1952 2078 φυσικούς
1988 2027 2147 2071 τινας
2184 2011 2412 2072 ἐνόντας
2449 2012 2507 2061 ἐν
2544 2019 2594 2060 20

427 2093 546 2149 τοῖς
583 2089 794 2154 μύθοις
834 2086 1028 2156 λόγους
1064 2090 1204 2139 κατὰ
1243 2086 1342 2159 τὴν
1380 2093 1508 2142 τότε
1548 2093 1856 2162 συνήθειαν
1908 2092 2220 2163 παρεδίδου
2265 2099 2387 2157 τοῖς
2425 2096 2517 2146 άν-

427 2175 708 2242 θρώποις.
786 2175 847 2224 οὐ
885 2176 987 2244 γὰρ
1027 2173 1225 2244 ῥᾴδιον
1267 2173 1559 2246 διαιτῆσαι
1596 2179 1660 2228 τὸ
1709 2185 1996 2243 τοιοῦτον,
2046 2181 2314 2249 καθάπερ
2356 2179 2518 2246 οἶμαι

432 2257 530 2309 δύο
571 2256 750 2327 φίλων
778 2257 1008 2326 ἀνδρῶν,
1049 2261 1386 2331 ἀμφοτέρων
1417 2269 1649 2328 σεμνῶν,
1689 2271 1792 2315 τοῦ
1815 2268 2005 2334 ἑτέρου
2033 2263 2112 2332 τῴ
2151 2268 2319 2335 ἑτέρῳ
2361 2267 2516 2332 ἐγκα-

364 2345 396 2392 4
435 2341 675 2407 λοῦντος,
715 2347 837 2406 ε’νὸς
876 2347 1055 2396 αὐτῶν
1092 2353 1458 2413 καταγνῶναι.
1534 2352 1781 2420 γέγραφε
1820 2347 1878 2400 δὲ
1916 2351 2010 2400 καὶ
2045 2352 2241 2420 Ζήνων
2281 2352 2312 2400 o‘
2355 2348 2516 2421 φιλό-

434 2444 612 2499 σοφος
650 2428 730 2490 εἴς
767 2447 826 2480 τε
863 2427 960 2499 τὴν
975 2422 1197 2501 ιἸλιάδα
1235 2434 1329 2483 καὶ
1369 2429 1467 2503 τὴν
1499 2426 1856 2499 Ὀδύσσειαν,
1907 2437 2002 2486 καὶ
2038 2437 2172 2505 περὶ
2207 2442 2311 2486 τοῦ
2344 2437 2510 2505 Μαρ-
2547 2445 2598 2486 25

431 2516 584 2581 γίτου
626 2513 686 2565 δέ
700 2527 710 2537 ·
762 2513 919 2566 δοκεῖ
947 2517 1048 2585 γὰρ
1087 2519 1180 2568 καὶ
1217 2524 1382 2568 τοῦτο
1421 2521 1484 2569 τὸ
1524 2521 1747 2590 ποίημα
1795 2523 1909 2571 ὑπὸ
1942 2511 2183 2591 Ὁμήρου
2234 2525 2519 2588 γεγονέναι

432 2604 700 2669 νεωτέρου
748 2603 840 2652 καὶ
889 2603 1363 2672 ἀποπειρωμένου
1414 2612 1514 2676 τῆς
1577 2607 1751 2656 αὑτοῦ
1797 2609 2023 2677 φύσεως
2071 2607 2217 2675 πρὸς
2266 2607 2518 2675 ποίησιν.

434 2686 464 2734 ὁ
503 2683 560 2735 δὲ
600 2687 793 2755 Ζήνων
833 2685 990 2738 οὐδὲν
1029 2694 1138 2739 τῶν
1177 2683 1313 2758 [τοῦ]
1346 2680 1587 2761 Ὁμήρου
1627 2695 1822 2758 ψέγει,
1873 2693 1988 2757 ἅμα
2030 2689 2392 2759 διηγούμενος
2427 2693 2521 2742 καὶ
2543 2699 2671 2743 (2763

434 2767 709 2822 διδάσκων
747 2774 834 2822 ὅτι
871 2774 938 2822 τὰ
977 2775 1076 2838 μὲν
1114 2776 1254 2825 κατὰ
1296 2773 1481 2840 δόξαν,
1521 2777 1589 2826 τά
1631 2774 1689 2826 δὲ
1727 2776 1869 2826 κατὰ
1908 2772 2186 2845 ἀλήθειαν
2223 2780 2516 2846 γέγραφεν,

432 2857 587 2917 ὅπως
622 2853 696 2927 μὴ
726 2859 997 2927 φαίνηται
1023 2852 1191 2922 αὐτὸς
1218 2859 1367 2928 αὐτῷ
1393 2863 1707 2927 μαχόμενος
1733 2862 1791 2912 ἔν
1816 2875 1936 2912 τισι
1963 2858 2222 2911 δοκοῦσιν
2248 2862 2515 2922 ἐναντίως
2551 2869 2600 2910 30

368 2944 398 2992 5
436 2943 718 3011 εἰρῆσθαι.
795 2945 825 2992 ὁ
864 2941 921 2994 δὲ
964 2942 1126 3011 λόγος
1167 2944 1330 3007 οὗτος
1361 2939 1763 3008 Ἀντισθένους
1800 2947 1922 2997 ἐστὶ
1965 2939 2272 3015 πρότερον,
2323 2948 2411 2996 ὅτι
2448 2946 2517 2995 τὰ

575 3155 598 3193 2
628 3149 747 3196 καθ’
780 3164 861 3207 pro
900 3155 980 3198 καὶ
1009 3153 1059 3196 Μ
1236 3157 1260 3198 8
1303 3148 1391 3212 τὴν
1421 3167 1507 3199 om.
1539 3154 1621 3198 PH
1795 3148 2209 3212 άπομεμφόμενος
2251 3153 2380 3199 UBM
2411 3153 2523 3209 (ἐπι-

435 3233 548 3265 corr.
580 3220 636 3275 U)
751 3226 798 3266 11
831 3225 1023 3281 μοιχίας
1051 3224 1100 3267 Μ
1242 3226 1512 3283 φιλονικίας
1540 3225 1589 3268 Μ
1619 3227 1915 3284 φιλονεικίας
1945 3226 2086 3270 ceteri
2234 3228 2284 3270 12
2313 3225 2435 3283 μετὰ
2467 3252 2524 3260 -

437 3286 493 3338 οὗ
522 3304 606 3335 om.
637 3292 686 3335 M
715 3292 764 3338 δὲ
793 3306 876 3337 om.
907 3294 988 3338 UB
1135 3299 1184 3339 13
1217 3290 1366 3342 αὐτοῦ
1395 3296 1519 3341 UBH
1550 3294 1684 3359 αὐτῷ
1712 3296 1800 3340 ΜΡ
1941 3301 1990 3341 17
2022 3303 2157 3342 ποιεῖ
2181 3297 2218 3341 Ρ
2334 3295 2524 3351 πώλους

436 3365 595 3415 κακῶς
623 3364 952 3418 πωλευθέντας
984 3366 1031 3409 Μ
1060 3366 1270 3420 πολλοὺς
1297 3370 1460 3421 κακῶς
1490 3367 1862 3421 πολιτευθέντας
1892 3367 2034 3412 ceteri
2203 3367 2252 3410 18
2281 3359 2377 3412 ὑπὸ
2410 3362 2524 3418 τοὺς

438 3429 560 3491 πρὸς
588 3429 646 3479 τὰ
677 3429 739 3492 μὴ
770 3435 902 3492 φόρα
932 3436 1048 3491 libri,
1079 3450 1196 3482 corr.
1228 3438 1404 3484 Selden.
1522 3443 1577 3482 20
1606 3436 1784 3492 ἐόντας
1813 3439 1850 3482 P
1997 3440 2050 3482 22
2081 3437 2325 3495 διαστῆναι
2354 3433 2398 3478 H
2428 3438 2524 3480 δια-

438 3506 603 3560 στῆσαι
634 3505 785 3558 ceteri‚
817 3518 931 3550 corr.
964 3506 1139 3552 Selden.
1258 3511 1311 3551 25
1341 3511 1604 3569 μαργείτου
1632 3510 1683 3554 Μ
1798 3513 1852 3554 26
1883 3508 1933 3555 δὲ
1962 3522 2049 3554 om.
2080 3507 2161 3551 PH
2291 3508 2345 3549 27
2377 3502 2526 3551 αὐτοῦ

438 3571 558 3616 UHP
587 3585 646 3618 m.
676 3587 744 3630 pr.
889 3578 942 3620 28
972 3579 1070 3622 τῶν
1098 3590 1184 3622 om.
1216 3578 1344 3623 MBU
1376 3592 1433 3624 m.
1464 3592 1549 3636 pr„
1580 3583 1668 3627 τοῦ
1697 3579 1783 3625 del.
1813 3578 1922 3624 wil.
2076 3576 2199 3636 λέγει
2228 3575 2354 3629 libri,
2386 3574 2523 3634 ψέγει

439 3642 569 3699 Emp.
712 3639 829 3691 ἀλλὰ
861 3646 979 3702 libri,
1008 3639 1107 3703 ἅμα
1136 3647 1306 3694 Jacobs
1450 3654 1505 3694 30
1536 3645 1667 3711 αὐτῷ
1697 3651 1732 3695 Ρ
1761 3663 1819 3694 m.
1850 3663 1918 3707 pr.
2061 3643 2337 3707 μαχόμενος
2366 3658 2452 3689 om.
2483 3644 2526 3690 U

442 3724 498 3755 m.
528 3724 596 3767 pr.
711 3716 761 3758 31
796 3714 845 3761 δὲ
875 3729 961 3760 om.
990 3716 1039 3760 M
1069 3731 1139 3774 pr.
