2684 4140
1001 278 1226 324 ORATIO
1256 277 1460 322 LXVIII.
2182 281 2210 328 1
2219 279 2246 328 7
2256 281 2282 327 1

198 431 431 484 ἐπειδὰν
469 433 526 481 έν
564 432 684 489 τοῖς
724 427 863 477 ποσὶ
900 422 1080 492 βλέπῃ
1108 425 1206 494 τὴν
1235 424 1420 474 σκιὰν·
1462 422 1636 474 πάλιν
1678 422 1735 475 δὲ
1776 427 1908 494 περὶ
1936 423 2121 495 δείλην
2153 427 2284 477 ἀνα-

200 516 476 585 λαμβάνοι
514 516 580 565 ἂν
620 514 785 564 αὑτὸν
821 512 914 560 καὶ
951 511 1284 577 γαυρότερος
1323 501 1574 578 φαίνοιτ’
1619 511 1685 560 ἂν
1725 511 1813 560 ἀεὶ
1839 513 1983 577 πρὸς
2021 513 2282 578 ἑσπέραν.

197 631 264 637 ——
302 596 462 653 Hc'vv
499 615 600 665 μοι
639 596 820 657 δοκεῖς
858 597 1075 644 ἄτοπον
1116 591 1380 644 διάθεσιν
1417 595 1509 644 καὶ
1547 591 1721 661 ἄνδρα
1757 590 2124 645 διαπλάττειν
2163 593 2279 664 ἠλί-
2320 597 2350 647 6

197 686 348 735 θιον.
389 710 458 718 -
493 685 560 732 Δ.
607 673 818 732 Οὐκοῦν
857 682 887 729 ὁ
924 686 992 748 τῇ
1032 676 1162 746 δόξῃ
1203 682 1494 746 προσέχων
1535 671 1695 729 οὐδέν
1733 697 1789 729 τι
1826 677 2088 745 βελτίων,
2140 677 2280 730 ἀλλὰ

139 780 162 818 5
200 766 346 818 πολὺ
385 764 752 833 ἀθλιώτερος.
827 759 1102 823 πολλάκις
1138 763 1240 830 γὰρ
1282 763 1348 812 ἂν
1387 760 1618 824 πλείους
1654 762 1972 829 μεταβολὰς
2009 766 2066 814 ἑν
2103 768 2282 834 ἡμέρᾳ

195 850 302 919 μιᾷ
328 846 756 916 μεταβάλλοιτο,
795 842 1018 914 καί[τοι]
1047 840 1144 910 οὐχ
1172 847 1363 914 ὥσπερ
1391 848 1600 907 ἐκεῖνος
1625 849 1683 897 ἐν
1709 852 2070 914 τεταγμέναις
2110 849 2283 917 ὥραις

0 943 167 991 3(615M)
193 936 358 998 τισίν,
398 931 539 983 ἀλλὰ
576 934 670 983 καὶ
708 929 893 1000 δείλης
929 933 1022 981 καὶ
1060 932 1241 981 ἕωθεν
1269 923 1428 981 οὐδὲν
1457 924 1624 981 αὐτὸν
1649 930 1888 982 κωλύσει
1930 928 2043 1003 [μὴ]
2085 930 2281 983 δυστυ-

14 1031 171 1073 63311)
187 1023 459 1085 χέστατον
499 1017 825 1084 ἀνθρώπων
864 1014 1026 1078 εἶναι,
1065 1021 1158 1065 νῦν
1195 1017 1296 1079 μὲν
1337 1018 1645 1084 φερόμενον
1682 1018 1775 1067 καὶ
1802 1021 2110 1082 πετόμενον
2136 1019 2281 1087 ὑψη-

17 1195 157 1238 Ὶ’11)

18 3795 20 3831 ἱ

110 1621 157 1662 15

112 2507 159 2548 20

196 1102 420 1173 λότερον
446 1108 556 1152 τῶν
584 1106 787 1171 νεφῶν,
827 1101 894 1150 ἂν
921 1101 1131 1164 τύχωσι
1156 1101 1609 1168 μαρτυρήσαντες
1637 1102 1803 1151 αὐτόν
1829 1119 1977 1162 τινες
1999 1103 2093 1152 καὶ
2118 1104 2282 1152 εἴπαι-

192 1192 476 1250 νέσαντες,
515 1192 609 1237 νῦν
648 1183 707 1236 δὲ
749 1181 1183 1248 συστελλόμενον
1219 1185 1313 1234 καὶ
1349 1187 1815 1249 ταπεινούμενον,
1867 1185 2011 1236 πολὺ
2052 1185 2283 1248 πλείους

191 1270 450 1343 αὐξήσεις
475 1289 533 1322 τε
559 1272 653 1321 καὶ
680 1270 919 1340 φθίσεις
946 1275 1044 1338 τῆς
1071 1275 1253 1338 ψυχῆς
1281 1261 1456 1318 αὐτοῦ
1481 1266 1889 1339 λαμβανούσης,
1929 1273 2055 1336 ἐμοὶ
2083 1269 2280 1334 δοκεῖν,

187 1364 299 1409 τῶν
346 1365 444 1429 τῆς
496 1354 741 1426 σελήνης.
829 1348 923 1423 ἄρ’
980 1353 1075 1404 οὖν
1130 1354 1225 1403 οὐκ
1274 1350 1629 1420 ἀθλιώτερον
1678 1357 1897 1419 πότμον
1944 1357 2037 1405 καὶ
2078 1360 2282 1424 μοῖραν
2323 1359 2352 1406 7

189 1441 370 1513 εἴληχε
410 1439 555 1492 πολὺ
597 1439 1033 1508 δυστυχεστέραν
1059 1440 1093 1509 ἤ
1123 1452 1268 1508 φασι
1294 1436 1624 1505 Μελέαγρον
1661 1440 1758 1489 τὸν
1779 1431 2056 1501 Ἀλθαίας
2094 1458 2153 1490 τε
2190 1442 2283 1491 καὶ

195 1527 407 1589 Οἰνέως
445 1520 680 1595 [τυχεῖν],
720 1517 766 1593 ᾦ
792 1522 962 1576 δαλόν
991 1541 1116 1574 τινα
1147 1521 1370 1590 λέγουσι
1408 1526 1693 1589 ταμιεύειν
1731 1526 1827 1574 τὸν
1853 1531 1951 1594 τῆς
1978 1521 2121 1594 ζωῆς
2154 1528 2281 1594 χρό-

193 1625 314 1664 νον·
352 1614 446 1664 καὶ
484 1610 546 1682 δὴ
590 1609 912 1676 λάμποντος
951 1610 1124 1659 αὐτοῦ
1156 1611 1249 1659 καὶ
1285 1615 1388 1659 τοῦ
1424 1611 1602 1677 πυρὸς
1641 1610 1698 1658 ἑν
1740 1608 1890 1676 αὐτῷ
1919 1606 2281 1674 διαμένοντος

186 1695 280 1768 ζῆν
317 1715 376 1748 τε
413 1699 506 1748 καὶ
545 1692 809 1762 ἀκμάζειν
847 1698 1083 1757 ἐκεῖνον,
1132 1698 1546 1762 μαραινομένου
1600 1692 1658 1744 δὲ
1709 1701 1809 1743 τοῦ
1847 1692 2022 1744 δαλοῦ
2055 1696 2147 1744 καὶ
2184 1696 2280 1744 τὸν

185 1781 514 1853 Μελέαγρον
557 1783 789 1852 φθίνειν
826 1782 938 1831 ὑπὸ
981 1778 1160 1849 λύπης
1197 1797 1256 1829 τε
1293 1781 1386 1829 καὶ
1438 1777 1784 1844 δυσθυμίας
1838 1780 2181 1846 σβεσθέντος
2220 1777 2278 1830 δὲ

186 1868 451 1934 οἴχεσθαι
489 1868 878 1918 ἀποθανόντα.

613 2263 736 2327 (51)
783 2261 1037 2327 ΠΕΡΙ
1088 2259 1420 2327 ΔΟΞΗΣ
1468 2258 1856 2326 ΤΡΙΤΟΣ.

344 2501 416 2554 Οἱ
452 2500 656 2554 πολλοὶ
692 2504 999 2572 ἄνθρωποι
1037 2504 1224 2553 ὁπόσα
1263 2500 1694 2572 ἐπιτηδεύουσιν
1731 2503 1762 2571 ἢ
1804 2497 2079 2571 ζηλοῦσιν,
2121 2500 2279 2552 οὐδὲν
2321 2503 2344 2551 1

193 2587 373 2637 αὐτῶν
422 2584 634 2648 εἰδότες
684 2589 885 2637 ὁποῖόν
934 2589 1086 2637 ἐστιν
1137 2585 1263 2637 οὐδὲ
1325 2589 1519 2656 ἥντινα
1579 2588 1692 2651 ἔχει
1753 2584 2032 2655 ὠφέλειαν
2082 2588 2276 2655 ἐπιτη-

191 2667 461 2733 δεύουσιν,
489 2663 612 2721 ἀλλ’
645 2673 756 2722 ὑπὸ
787 2669 951 2741 δόξης
975 2673 1007 2741 ἢ
1035 2670 1238 2742 ἡδονῆς
1263 2673 1294 2741 ἢ
1322 2673 1628 2741 συνηθείας
1656 2673 1919 2738 ἀγόμενοι
1947 2673 2092 2739 πρὸς
2121 2672 2274 2720 αὐτά.

331 2883 348 2921 1
383 2877 534 2938 βλέπῃ
564 2896 649 2936 την
679 2874 817 2924 σκιὰν
847 2882 959 2938 πρὶν
986 2871 1015 2937 ἦ
1044 2879 1103 2932 (H
1134 2876 1293 2937 πρινὴ)
1333 2878 1383 2924 δὲ
1411 2880 1522 2938 περὶ
1552 2876 1655 2929 ΡΗ,
1695 2877 1802 2920 item
1834 2876 1999 2920 omisso
2030 2868 2060 2933 ἧ
2091 2876 2137 2917 Μ
2167 2874 2274 2933 βλέ-

186 2963 292 2994 πειν
321 2945 410 3008 τὴν
438 2946 577 2996 σκιὰν
605 2953 757 3009 παρῇ·
799 2953 907 3004 περὶ
938 2950 1042 3004 UB,
1081 2962 1196 2994 corr.
1226 2950 1357 3004 Emp.
1532 2949 1687 3005 δείλην
1726 2947 1775 2993 δὲ
1805 2946 1846 2991 U
1876 2938 2014 3003 δήλην
2044 2945 2093 2990 δὲ
2122 2945 2160 2988 Β

186 3021 211 3062 2
249 3014 398 3065 αὐτὸν
438 3020 567 3063 ΜΡΗ
711 3017 984 3082 πρᾳότερος
1022 3020 1101 3064 UB
1247 3012 1463 3076 φαίνοιτ’
1502 3014 1563 3063 ἄν
1601 3011 1675 3062 άεὶ
1717 3017 1794 3059 PH
1826 3017 2051 3074 φαίνοιτο
2083 3019 2165 3061 καὶ
2197 3010 2273 3061 ἀεὶ

184 3089 315 3134 UBM
430 3094 457 3133 4
489 3082 564 3136 ὅτι
594 3103 675 3146 pro
709 3085 734 3135 ὃ
767 3094 825 3148 τῇ
853 3090 901 3133 Μ
1017 3107 1061 3135 τι
1092 3103 1176 3133 om.
1208 3089 1245 3132 B
1387 3088 1580 3147 βέλτιον
1611 3086 1699 3131 MU
1836 3091 1859 3129 5
1892 3083 2179 3142 δολιώτερος
2209 3087 2275 3142 Μ,

186 3159 232 3201 in
262 3158 306 3202 H
335 3154 422 3206 άθ-
461 3160 508 3203 in
537 3171 699 3204 rasura
811 3160 982 3203 malim:
1017 3162 1182 3221 πολλῷ
1210 3154 1305 3218 γὰρ
1335 3154 1397 3204 ἄν
1426 3159 1619 3211 πλείους
1733 3160 1758 3200 6
1788 3153 2111 3216 μεταβάλοιτο
2143 3157 2274 3203 UBM

186 3228 389 3331 μεταβλιλ
420 3287 495 3317 τοι
533 3272 653 3323 (εἰοὲ)
683 3272 718 3315 Ρ
862 3245 984 3318 mxi?
1020 3266 1104 3330 οὐχ
1146 3263 1311 3330 ὥσπερ
1352 3271 1393 3314 H
1433 3275 1495 3316 (οι
1541 3273 1587 3315 et
1618 3287 1702 3328 ουχ
1733 3283 1762 3314 a
1792 3274 1923 3351 cqrr.)
2070 3265 2156 3328 οὐχ
2187 3283 2274 3316 om.

187 3384 236 3428 M
266 3398 322 3428 m.
354 3398 421 3441 pr.
596 3401 671 3431 τοι
701 3385 786 3429 del.
818 3385 924 3430 Wil.
1092 3379 1179 3430 οὐκ
1207 3382 1260 3430 ἐν
1289 3383 1331 3427 H
1360 3397 1419 3428 m.
1451 3397 1518 3440 pr.
1673 3388 1695 3428 7
1727 3357 1847 3430 κωλυ
1871 3382 1912 3426 H
2093 3382 2155 3441 μὴ
2188 3395 2274 3428 om.

187 3455 319 3500 MPH
433 3459 458 3500 9
488 3453 874 3516 μαρτυρήσαντες
903 3456 1116 3512 exemplis
1146 3459 1301 3500 tuetur
1330 3454 1434 3498 Wil.
1523 3450 1680 3502 αὐτῶν
1709 3470 1833 3507 τινες
1862 3454 1910 3497 Μ
2001 3457 2050 3497 10
2084 3457 2272 3499 συστελ·

186 3522 389 3582 λόμενος
416 3529 497 3572 καὶ
527 3523 898 3583 ταπεινούμενος
929 3527 967 3572 U
996 3540 1053 3571 m.
1085 3540 1153 3584 pr.
1187 3528 1221 3569 B
1341 3531 1387 3570 11
1422 3528 1638 3584 φθείσεις
1666 3525 1715 3569 Μ
1809 3528 1943 3571 δοκεῖ
1968 3524 2084 3576 libri,
2117 3528 2275 3571 δοκεῖν

188 3596 319 3642 Dind.
453 3601 504 3642 14
535 3606 692 3656 τυχεῖν
720 3599 804 3642 del.
839 3599 944 3643 Wil.
1062 3590 1148 3643 ὧδ’
1179 3594 1328 3644 ἄλλον
1357 3597 1405 3640 Μ
1537 3601 1586 3641 17
1617 3593 1711 3644 ὑπὸ
1744 3594 1888 3655 λύπης
1919 3612 1971 3642 τε
2000 3598 2081 3641 καὶ
2111 3599 2272 3642 δυσθυ-

188 3667 298 3721 μίας
325 3666 420 3721 ΡΗ,
448 3668 554 3712 item
585 3669 749 3713 omisso
779 3663 872 3715 ὑπὸ
906 3668 955 3711 Μ
985 3661 1106 3726 λύπῃ
1137 3684 1188 3714 τε
1216 3671 1296 3714 καὶ
1326 3669 1558 3729 δυσθυμία
1587 3667 1668 3713 UB
1830 3666 2095 3727 σβεθέντος
2125 3666 2159 3709 Ρ

192 3738 244 3778 20
275 3732 431 3784 αὐτῶν
459 3764 512 3770 -
546 3737 652 3787 οὐδὲ
683 3753 767 3784 om.
799 3740 835 3783 P
866 3742 990 3796 (mrg.
1022 3740 1156 3796 suppl
1201 3751 1342 3795 usque
1370 3740 1429 3783 ad
1450 3735 1644 3792 εἰδότες)
1732 3734 1844 3796 ἔχον
1864 3738 1904 3784 U
1992 3732 2204 3795 ὠφελίαν
2223 3735 2273 3780 Μ
