2684 4140
1080 232 1306 277 ORATIO
1336 231 1499 277 LXIV.
2215 231 2313 278 151

230 386 260 452 ἡ
300 378 569 431 θάλασσα
596 382 823 447 τέρπειν
853 377 977 427 οὔτε
1003 380 1033 446 ἡ
1061 383 1125 446 γῆ
1154 380 1380 447 τρέφειν
1407 375 1656 441 ἐδύνατο,
1696 378 1789 427 καὶ
1826 375 1951 428 οὐδὲ
1994 377 2056 426 τὸ
2087 378 2316 445 αἰσχρὸν

230 468 432 535 ἔφερον
470 469 571 514 τοῦ
607 464 951 531 πράγματος,
991 453 1114 511 ἀντ’
1158 465 1490 531 ἠπειρωτῶν
1528 468 1804 531 νησιῶται
1841 464 2155 529 γενόμενοι,
2198 459 2316 512 δεύ-

230 567 389 619 τερον
426 553 458 617 ή
508 550 638 616 τύχη
689 550 948 615 κρεῖσσον
997 543 1384 612 ἐβουλεύσατο.
1473 547 1639 615 σεμνὴ
1690 547 1790 611 μὲν
1839 546 1941 615 γὰρ
1981 547 2190 612 Εὔβοια
2239 548 2316 608 ὡς
2341 548 2403 599 13

232 632 492 704 ἀληθῶς·
542 630 681 682 ἀλλὰ
731 632 818 692 τίς
867 632 1020 696 ὑμῶν
1071 634 1263 700 φέρειν
1311 629 1550 701 ἠδύνατο
1589 638 1687 701 γῆν
1733 635 1996 699 τραχεῖαν
2045 637 2318 681 κατοικῶν

174 726 198 764 5
233 720 326 768 καὶ
361 715 627 784 θαλάσσῃ
670 723 833 784 στενῇ
871 721 1158 784 παροικῶν
1207 717 1300 765 καὶ
1348 713 1565 776 πολλὰς
1615 716 1944 780 ἀνεχόμενος
1993 721 2104 766 τῶν
2144 731 2319 784 πραγ-

148 837 151 839 >
227 805 419 867 μάτων
455 798 797 867 μεταβολάς,
847 805 957 850 τῶν
996 801 1053 850 έν
1091 797 1169 866 τῴ
1219 801 1454 868 ῥεύματι
1500 803 1838 866 γιγνομένων
1878 797 2176 861 πλείονας,·
2225 806 2320 850 νῦν

229 888 518 946 Βοιωτούς
556 883 671 936 ἔδει
711 889 901 954 φέρειν
938 886 1031 934 καὶ
1067 886 1165 954 τὴν
1208 883 1473 950 Θηβαίων
1524 885 1939 953 ἀναισθησίαν,
1989 882 2111 934 εἶτα
2145 876 2319 953 Ἀθη-

26 977 215 1019 [333R1D
232 973 449 1034 ναίους,
491 971 673 1020 οὐκέτι
711 971 788 1030 ὡς
826 970 1025 1019 παισὶν
1063 970 1219 1033 ὑμῖν,
1269 961 1395 1018 ἀλλ’
1440 971 1516 1030 ὡς
1557 966 1780 1028 δούλοις
1812 972 2147 1036 χρωμένους.
2225 966 2318 1018 διὰ

232 1062 396 1105 τοῦτο
437 1057 718 1122 ἀγαγοῦσα
757 1050 965 1103 ἐνθάδε
1006 1050 1211 1121 ἵδρυσε,
1250 1059 1319 1121 τῇ
1357 1055 1518 1121 ἑτέρᾳ
1554 1054 1655 1118 μὲν
1692 1058 1804 1102 τῶν
1834 1058 2037 1120 χειρῶν
2067 1070 2320 1122 μηχανω-

149 1148 196 1189 10
231 1144 367 1209 μένη
409 1157 466 1190 τε
505 1141 601 1189 τὸν
640 1136 817 1188 πλοῦν
853 1139 947 1187 καὶ
982 1138 1385 1199 κατιθύνουσα,
1425 1144 1494 1205 τῇ
1522 1135 1580 1186 δὲ
1608 1138 1739 1196 τούς
1764 1138 2016 1203 καρποὺς
2043 1138 2320 1206 ἀφθόνως

226 1222 459 1274 διδοῦσά
499 1240 557 1273 τε
582 1224 675 1272 καὶ
701 1220 1037 1289 δωρουμένη.
1090 1222 1188 1288 τὴν
1213 1222 1315 1285 μὲν
1345 1220 1439 1270 οὖν
1466 1226 1577 1270 τῶν
1607 1217 1823 1270 λοιπῶν
1849 1221 2070 1289 γνώμην
2098 1222 2321 1272 εἰκάσαι

219 1306 468 1372 χαλεπόν
506 1309 674 1357 ἐστιν.
762 1306 867 1372 ἐγὼ
921 1302 1008 1367 δέ,
1061 1302 1103 1353 ὦ
1145 1306 1306 1373 τύχη·
1359 1306 1503 1373 πρὸς
1545 1306 1605 1354 σὲ
1657 1305 1759 1372 γὰρ
1802 1301 2033 1365 δικαίως
2072 1305 2138 1354 ἂν
2179 1304 2317 1366 ἴσως
2342 1309 2406 1357 14

222 1393 427 1462 ῥηθείη
469 1393 500 1441 0‘
540 1388 725 1457 λόγος·
765 1388 824 1439 εἴ
853 1392 925 1454 μέ
960 1406 1048 1449 τις
1085 1386 1305 1457 ὑψηλὸν
1345 1390 1486 1457 ἄρας
1525 1390 1655 1456 ἄγοι
1692 1391 1973 1456 μετέωρον
2012 1390 2114 1439 ἐπί
2151 1407 2319 1440 τινων

219 1478 251 1546 ἢ
292 1478 562 1546 Πηγάσου
611 1476 802 1525 νώτων
850 1474 882 1543 ἢ
921 1470 1191 1535 Πέλοπος
1228 1467 1494 1543 [πτηνῶν]
1545 1474 1809 1543 ἁρμάτων
1857 1474 2170 1524 ὑποτείνων
2222 1476 2320 1544 τὴν

148 1569 194 1611 15
229 1569 328 1632 γῆν
366 1563 595 1611 ἅπασαν
631 1561 725 1610 καὶ
761 1559 862 1620 τὰς
907 1556 1131 1622 πόλεις,
1185 1560 1279 1608 οὐκ
1325 1560 1392 1609 ἂν
1443 1561 1541 1629 τὴν
1578 1555 1789 1609 Λυδῶν
1827 1556 2056 1628 ἑλοίμην
2105 1555 2321 1629 τρυφὴν

229 1639 349 1697 οὔτ’
401 1643 681 1696 εὐτέλειαν
733 1641 831 1713 τὴν
864 1637 1117 1710 Ἀττικὴν
1169 1638 1314 1711 [οὔτε
1368 1645 1565 1694 πενίαν
1603 1638 1958 1711 Λακωνικὴν]
2012 1644 2136 1694 οὔτε
2178 1646 2324 1712 Κρό-

68 1740 405 1784 (596Μ)τωνα·
446 1731 715 1778 πένονται
752 1728 886 1795 γάρ·
928 1726 1053 1775 οὔτε
1079 1726 1340 1794 Σύβαριν,
1381 1727 1470 1776 ὅτι
1504 1727 1565 1776 οὐ
1593 1734 1883 1792 πονοῦσιν,
1926 1729 2050 1779 οὔτε
2076 1730 2318 1804 Σκύθας,

226 1817 314 1864 ὅτι
353 1814 414 1862 ού
453 1818 807 1880 γεωργοῦσιν,
849 1811 974 1861 οὔτε
1005 1809 1379 1878 Αἰγυπτίους,
1420 1813 1508 1861 ὅτι
1546 1809 1741 1874 ἄλλοις
1777 1820 2143 1883 γεωργοῦσιν·

437 1899 530 1948 καὶ
566 1898 817 1966 Λιβύην,
857 1897 959 1947 ὅθι
997 1889 1048 1945 τ’
1093 1898 1256 1965 ἄρνες
1294 1897 1450 1966 ἄφαρ
1487 1898 1679 1965 κεραοὶ
1716 1895 2076 1949 τελέθουσιν·
2339 1904 2403 1953 15

20 1981 194 2065 &offlam
232 1983 451 2047 εὐτυχία
491 1985 792 2047 ποιμένων.
870 1982 933 2030 οὐ
976 1980 1168 2050 Θήβας
1205 1979 1551 2047 Αἰγυπτίας,

442 2060 572 2117 αἴθ’
617 2063 999 2131 ἑκατόμπυλοί
1035 2067 1164 2128 εἰσι,
1207 2063 1488 2134 διηκόσιοι
1528 2059 1582 2116 δ’
1628 2057 1721 2116 ἀν’
1768 2069 2002 2137 ἑκάστην

439 2153 630 2220 ἀνέρες
668 2148 974 2215 ἐξοιχνεῦσι
1017 2152 1114 2200 σὺν
1155 2151 1426 2200 ἵπποισιν
1463 2151 1556 2201 καὶ
1595 2152 1853 2220 ὄχεσφιν·

228 2239 564 2302 ἱπποκόμων
601 2236 726 2302 βίος
762 2237 856 2285 καὶ
894 2232 1184 2304 πυλωρῶν.

437 2318 603 2391 Δήλῳ
647 2318 711 2390 δή
752 2336 893 2370 ποτε
931 2323 1086 2370 τοῖον
1120 2313 1481 2380 Ἀπόλλωνος
1520 2320 1676 2388 παρὰ
1714 2319 1887 2388 βωμῷ

145 2417 193 2458 25
439 2401 727 2475 (φοίνικος
764 2409 888 2456 νέον
926 2406 1084 2474 ἔρνος
1123 2405 1486 2473 ἀνερχόμενον
1525 2400 1779 2474 ένόησα.>

227 2493 322 2542 οὐκ
360 2492 524 2559 ἀρκεῖ
550 2507 651 2556 μοι
687 2491 878 2557 βωμὸς
904 2491 1069 2541 θύειν
1098 2491 1193 2540 οὐκ
1219 2490 1418 2554 ἔχοντι,
1460 2490 1555 2539 οὐκ
1582 2491 1746 2558 ἀρκεῖ
1762 2507 1863 2555 μοι
1904 2491 2051 2560 φυτὰ
2090 2494 2317 2560 τρέφειν

224 2594 292 2643 με
329 2572 403 2645 μὴ
443 2573 731 2641 δυνάμενα.

369 2716 388 2755 1
421 2709 599 2770 ἐσχρὸν
618 2711 652 2754 Ρ
757 2715 781 2754 2
813 2711 997 2769 νησίται
1018 2710 1066 2753 Μ
1184 2714 1211 2754 4
1238 2705 1374 2769 ἡμῶν
1393 2710 1509 2763 libri,
1543 2723 1659 2754 corr.
1692 2710 1822 2765 Emp.
1909 2713 1997 2768 γῆν
2016 2709 2199 2764 Reiske,
2229 2708 2316 2767 τὴν

222 2783 327 2828 libri
410 2785 650 2828 κατοικῶν
677 2795 758 2838 pro
790 2785 1040 2841 παροικῶν
1069 2781 1112 2826 Η
1142 2794 1199 2824 m.
1231 2795 1299 2837 pr.
1390 2787 1413 2825 5
1444 2783 1525 2827 καὶ
1555 2781 1731 2837 scripsi,
1760 2776 1790 2838 ἢ
1818 2780 1919 2824 libri
1949 2783 2070 2833 (ante
2101 2783 2230 2833 θαλ.)

226 2859 249 2897 6
280 2853 548 2913 γινομένων
572 2853 674 2897 libri
705 2859 886 2908 praeter
916 2854 954 2897 B
1070 2853 1308 2905 πλείωνας
1338 2852 1373 2894 P
1491 2856 1512 2894 7
1544 2847 1751 2910 βιωτοὺς
1783 2850 1828 2892 Μ
1932 2854 1955 2894 8
1987 2846 2059 2895 διὰ
2091 2849 2139 2894 δὲ
2169 2852 2312 2895 τοῦτο

226 2925 259 2969 U
293 2938 348 2968 m.
379 2938 449 2980 pr.
480 2923 799 2983 (τετραμένων
829 2923 894 2975 M)
1067 2926 1092 2966 9
1120 2919 1281 2977 ἵδρυσε
1311 2921 1583 2977 τεταμένων
1613 2924 1710 2966 τῶν
1737 2921 1865 2973 libri,
1909 2920 2141 2976 praeclare
2170 2932 2315 2963 emen-

225 2995 344 3039 davit
372 2994 611 3039 Jacobsius
703 2998 753 3037 10
783 3009 836 3039 τε
867 2988 956 3039 τὸν
977 2993 1057 3037 UB
1085 2992 1174 3049 μὲν
1203 2988 1291 3038 τὸν
1314 2992 1361 3034 Μ
1390 3009 1444 3037 τε
1473 2995 1554 3037 καὶ
1585 2988 1674 3037 τὸν
1694 2991 1773 3034 ΡΗ
1802 2991 1898 3045 (sed
1926 2993 2006 3036 καὶ
2036 3003 2064 3034 a
2095 2993 2229 3043 corr.)

225 3068 306 3111 καὶ
335 3079 419 3110 om.
451 3065 529 3108 PH
644 3067 703 3122 τῇ
732 3063 957 3118 Valesius,
987 3067 1069 3121 τῆς
1097 3063 1201 3108 libri
1316 3056 1548 3120 ἀφθόνως
1576 3074 1661 3106 om.
1693 3061 1774 3106 PH
1910 3064 1960 3104 12
1991 3063 2072 3106 καὶ
2099 3056 2314 3119 χαλεπὸν

226 3136 266 3180 U
297 3149 355 3180 m.
386 3149 455 3191 pr.
487 3135 577 3179 ΒΜ
725 3139 776 3178 13
812 3129 838 3179 ὃ
870 3147 956 3178 om.
988 3133 1120 3179 UBM
1265 3130 1316 3179 εἷ’
1333 3133 1394 3188 μέ
1422 3149 1491 3187 τις
1520 3133 1569 3176 Μ
1600 3132 1644 3178 εἰ
1669 3131 1758 3189 μέν
1785 3149 1855 3185 τις
1885 3131 2024 3176 ceteri
2053 3135 2115 3186 (τι
2145 3131 2198 3184 Ρ)

228 3199 358 3267 ὥρας
387 3206 426 3251 U
456 3219 514 3251 m.
545 3220 610 3262 pr.
746 3203 858 3264 ἄγοι
888 3205 1062 3261 scripsi,
1095 3201 1195 3251 ἀνω
1226 3204 1329 3248 libri
1444 3206 1634 3262 πτηνῶν
1663 3215 1744 3260 pro
1776 3219 1919 3249 τινων
1947 3201 2029 3247 ΠΒ
2144 3200 2312 3249 ἐπιτεί-

227 3295 323 3324 νων
354 3278 402 3321 Μ
509 3282 557 3321 14
587 3279 777 3335 πτηνῶν
807 3275 890 3320 del.
920 3274 1156 3320 Jacobsius
1240 3270 1507 3322 ὑποτείνων
1539 3275 1668 3330 Emp.
1701 3274 1826 3329 dub„
1854 3268 2096 3319 ὑποκινῶν
2125 3273 2226 3318 libri

231 3352 281 3393 16
313 3344 398 3406 τὴν
428 3348 529 3392 add.
561 3347 692 3391 Dind.
812 3350 859 3390 17
891 3345 1117 3391 πένονται
1145 3344 1240 3404 γάρ
1271 3346 1392 3390 delet
1419 3345 1552 3390 Dind.
1672 3348 1724 3388 18
1755 3343 2002 3403 ἐγυπτίους
2031 3343 2066 3387 Ρ
2163 3359 2312 3402 γεωρ-

225 3422 390 3478 γοῦσιν
421 3422 464 3472 (ν
493 3423 683 3472 erasum)
714 3416 752 3461 U
782 3418 1047 3475 γεωργοῦσι
1077 3416 1117 3458 Η
1209 3420 1257 3459 19
1290 3413 1427 3474 λιβύη
1457 3416 1499 3459 Η
1530 3415 1589 3460 cf.
1622 3415 1749 3460 Hom.
1781 3415 1861 3461 Od.
1892 3415 1955 3460 IV
1987 3417 2039 3459 85
2134 3417 2187 3458 20
2210 3430 2311 3460 ποι-

222 3491 409 3547 μαίνων
438 3489 487 3533 Μ
659 3482 715 3534 οὗ
744 3484 899 3547 θήβας
930 3486 1191 3545 Αἰγυπτίας
1221 3499 1307 3531 om.
1338 3486 1469 3530 PHM
1501 3500 1554 3530 m.
1587 3500 1653 3543 pr.
1857 3489 1906 3529 21
1942 3483 2230 3532 ὲκατόπυλοι
2261 3484 2311 3537 Ρ,

227 3561 283 3605 cf.
315 3561 445 3605 Hom.
476 3560 527 3604 Il.
558 3559 622 3603 IX
654 3561 732 3603 383
851 3561 903 3601 ‘22
936 3553 1101 3617 ἀνέρες
1131 3553 1380 3604 ἱππεύουσι
1414 3556 1541 3602 UBM
1664 3553 1853 3603 ἵπποισι
1883 3556 2000 3601 UBP
2119 3559 2170 3600 23
2201 3558 2312 3616 βίος

228 3624 372 3686 αὗτος
400 3630 518 3676 UBP
665 3633 720 3674 24
750 3628 797 3675 δὲ
830 3629 862 3672 Ρ
893 3642 951 3673 m.
982 3641 1047 3684 pr.
1193 3630 1316 3673 θῦον
1345 3641 1426 3685 pro
1457 3635 1596 3674 τοῖον
1623 3627 1666 3671 Η
1824 3630 2094 3686 παραβολῶ
2123 3627 2172 3671 Μ
2202 3630 2311 3687 περὶ

226 3705 377 3765 βωμῷ
407 3702 486 3747 UB
517 3700 576 3746 cf.
610 3701 738 3745 Hom.
770 3699 853 3745 Od.
887 3698 948 3744 VI
983 3701 1061 3742 162
1179 3702 1232 3743 25
1264 3711 1324 3743 vs.
1357 3699 1548 3743 alterum
1578 3699 1726 3755 suppl,
1759 3698 1951 3743 Casaub.
