2684 4140
460 264 526 312 96
963 251 1113 297 DION
1113 251 1166 296 IS
1193 245 1531 293 RECUSATIO
1563 239 1994 287 MAGISTRATUS

451 403 544 455 δεῖ
544 422 565 464 ,·
601 404 767 451 ποῖον
807 396 864 447 δὲ
901 391 1108 462 <οὕτω>
1144 396 1457 458 πανοῦργον
1482 389 1575 438 καὶ
1605 383 1908 452 ἐπίβουλον
1946 385 2038 433 καὶ
2079 381 2419 451 προδοτικὸν
2448 388 2524 449 ὡς

447 484 643 553 ἡδοναί
677 499 735 532 τε
770 481 862 530 καὶ
887 477 1211 541 ἐπιθυμίαι,
1252 473 1327 523 ὧν
1356 473 1522 523 αὐτὸν
1555 469 1828 521 οὐδέποτε
1866 468 2156 538 ἡττᾶσθαι
2197 466 2291 519 δεῖ
2295 488 2314 531 ,·
2353 475 2522 523 ποῖον

445 566 503 618 δὲ
532 567 674 616 οὕτω
699 565 887 630 βίαιον
911 562 1003 610 καὶ
1037 555 1563 626 καταπληττόμενον
1607 557 1700 605 καὶ
1737 559 2040 604 ταπεινοῦν
2079 553 2180 614 τὰς
2218 555 2405 620 ψυχὰς
2443 558 2520 618 ὡς

443 650 612 720 φόβοι
650 664 708 697 τε
744 647 836 696 καὶ
874 643 1062 706 λῦπαι,
1103 643 1190 704 οἷς
1228 642 1435 692 οὔποτε
1464 641 1631 690 αὐτὸν
1660 643 1872 708 πρέπει
1897 639 2201 688 ὑπείκοντα
2231 639 2490 710 ὀφθῆναι
2501 659 2521 701 ,-

357 738 419 788 10
436 736 576 783 ποῖα
613 729 672 782 δὲ
709 727 872 791 ὅπλα,
912 732 1052 778 ποῖα
1092 725 1150 778 δὲ
1189 728 1436 794 ἐρύματα
1476 727 1620 795 πρὸς
1657 730 1830 774 ταῦτα
1871 720 2282 792 προβέβληται,
2324 712 2416 790 οἵα
2458 727 2519 776 οἵ
2549 735 2572 775 5

432 833 492 866 τε
534 811 787 881 βασιλεῖς
821 814 913 863 καὶ
965 812 1263 880 στρατηγοὶ
1310 807 1532 870 πόλεως
1581 810 1726 878 πρὸς
1762 809 1893 868 τούς
1932 804 2271 873 πολεμίους,·
2319 812 2516 873 ποίοις

435 897 492 950 δὲ
533 899 840 963 συμμάχοις
875 897 906 966 ἢ
949 894 1289 966 δορυφόροις
1326 896 1425 945 ἐπὶ
1462 900 1636 944 ταῦτα
1670 894 1927 964 χρῆσθαι
1960 890 2211 956 δυνατόν,
2253 895 2304 945 εἰ
2339 897 2414 965 μή
2454 912 2513 962 γε

430 988 549 1045 τοῖς
599 986 802 1052 σοφοῖς
847 983 941 1032 καὶ
990 982 1290 1051 φρονίμοις
1340 977 1556 1047 λόγοις,·
1613 980 1732 1030 τίσι
1794 976 1852 1029 δὲ
1903 975 2097 1039 ἄλλοις
2147 975 2516 1031 ἐντείλασθαι

431 1066 745 1140 φυλακάςῆ
803 1068 1116 1135 ἐπιτρέψαι
1167 1071 1458 1136 φρουρεῖν,
1507 1066 1539 1135 ἢ
1591 1066 1785 1126 ποίοις
1829 1064 2162 1134 χρήσασθαι
2202 1061 2515 1128 διακόνοις,
2538 1067 2684 1118 (2513]

429 1146 521 1222 ἆρ’
565 1153 659 1202 οὐκ
702 1152 868 1202 αὐτὸν
908 1149 1002 1202 δεῖ
1028 1153 1122 1202 καὶ
1157 1153 1367 1220 νύκτωρ
1405 1152 1498 1202 καὶ
1543 1143 1684 1215 μεθ’
1737 1153 1946 1219 ἡμέραν
1994 1145 2364 1220 φροντίζοντα
2411 1152 2505 1202 καὶ
2542 1159 2590 1202 10

426 1240 808 1307 ἀγρυπνοῦντα
847 1232 945 1306 τὴν
987 1233 1234 1306 φυλακὴν
1271 1238 1476 1306 ταύτην
1513 1237 1672 1301 ἔχειν,
1712 1238 1870 1296 ὅπως
1905 1237 1978 1306 μὴ
2011 1232 2161 1305 λάθῃ
2192 1236 2359 1286 αὑτὸν
2385 1237 2513 1306 ἤτοι

428 1322 792 1383 ἀνασεισθεὶς
811 1323 923 1372 ὑπὸ
950 1319 1217 1392 ἡδονῶνῆ
1244 1319 1623 1389 καταπλαγεὶς
1641 1323 1754 1372 ὑπὸ
1779 1321 2024 1391 φόβωνῆ
2050 1321 2512 1390 παρακρουσθεὶς

423 1409 533 1458 ὑπὸ
572 1407 889 1473 ἐπιθυμίας
926 1407 958 1476 ἢ
999 1408 1382 1468 ταπεινωθεὶς
1418 1408 1531 1457 ὑπὸ
1573 1404 1778 1476 λύπης,
1832 1407 1975 1457 ὥστε
2026 1408 2348 1476 ἀποστῆναι
2399 1412 2510 1456 τῶν

339 1496 398 1546 11
422 1490 725 1560 βελτίστων
761 1493 854 1542 καὶ
894 1489 1266 1543 δικαιοτάτων
1305 1493 1480 1562 ἔργων
1519 1490 1803 1562 προδότης
1843 1494 2016 1543 αὑτοῦ
2060 1495 2385 1560 γενόμενος,·
2430 1489 2509 1558 τῴ

418 1576 476 1629 δέ
525 1579 623 1647 τὴν
670 1577 840 1646 ἀρχὴν
887 1578 1093 1646 ταύτην
1145 1578 1384 1646 ἰσχυρῶς
1433 1579 1527 1628 καὶ
1573 1579 1852 1646 ἐγκρατῶς
1889 1579 2118 1646 ἄρχοντι
2157 1578 2218 1627 οὐ
2252 1574 2503 1642 χαλεπὸν
2543 1586 2588 1627 15

416 1661 518 1733 ἤδη
566 1663 659 1713 καὶ
709 1663 1048 1728 συμπάντων
1108 1663 1435 1730 ἀνθρώπων
1487 1663 1719 1731 κρείττω
1769 1663 2084 1730 γίγνεσθαι.
2184 1659 2398 1714 ὁπόταν
2450 1659 2507 1711 δὲ

415 1753 586 1797 ταῦτα
628 1744 816 1810 διεξίω
857 1749 989 1814 περὶ
1035 1753 1145 1797 τῶν
1197 1744 1563 1817 φιλοσόφων,
1613 1744 1812 1816 μηδείς
1847 1764 1917 1813 με
1965 1748 2220 1817 ἡγείσθω
2260 1749 2405 1816 πρὸς
2444 1748 2506 1796 τὸ

418 1840 596 1904 σχῆμα
635 1834 936 1903 ἀφορῶντα
977 1830 1154 1900 λέγειν
1202 1834 1294 1883 καὶ
1343 1834 1489 1902 πρὸς
1526 1835 1590 1882 τὸ
1631 1834 1821 1897 ὄνομα.
1912 1833 2037 1883 οὔτε
2075 1833 2178 1902 γὰρ
2218 1834 2314 1886 τὸν
2355 1830 2507 1882 οἶνον

415 1920 473 1968 ἐκ
509 1924 611 1968 τοῦ
642 1920 882 1986 κεράμου
918 1920 1202 1987 κρίνουσιν
1243 1919 1299 1968 οἱ
1335 1925 1464 1969 νοῦν
1501 1919 1745 1982 ἔχοντες·
1786 1915 2060 1979 πολλάκις
2096 1918 2199 1986 γὰρ
2251 1919 2505 1987 εὑρήσεις

415 2004 472 2054 ἐν
513 2001 800 2070 σπουδαίῳ
839 2005 1058 2073 κεράμῳ
1086 2005 1183 2054 τὸν
1209 2005 1268 2054 ἐκ
1293 2010 1404 2054 τῶν
1429 2000 1753 2073 καπηλείων
1781 2001 1934 2054 οἶνον
1971 2000 2332 2073 ἐξεστηκότα·
2374 2002 2499 2052 οὔτε
2536 2011 2584 2053 20

338 2091 400 2141 12
418 2090 513 2139 τὸν
568 2086 740 2158 ἄνδρα
788 2091 883 2139 τὸν
940 2086 1393 2155 πεπαιδευμένον
1452 2091 1511 2139 ἐκ
1559 2094 1661 2139 τοῦ
1719 2090 2014 2158 σχήματος.
2121 2090 2252 2150 τοὺς
2309 2091 2503 2154 μέντοι

419 2171 662 2235 πολλοὺς
711 2175 771 2223 οὐ
810 2170 1085 2240 θαυμάζω
1124 2171 1533 2237 ἐξαπατᾶσθαι
1579 2175 1691 2224 ὑπὸ
1742 2179 1844 2224 τοῦ
1891 2176 2168 2224 τοιούτου.
2254 2175 2351 2223 τὸν
2397 2173 2500 2240 γὰρ

412 2251 679 2310 Ὀδυσσέα
727 2261 819 2310 καὶ
866 2262 961 2310 τὸν
991 2243 1130 2329 ῒΙρον
1170 2261 1225 2310 οἱ
1260 2266 1571 2330 μνηστῆρες
1624 2257 1926 2327 συνέβαλον
1966 2257 2059 2310 διὰ
2098 2261 2162 2309 τὸ
2205 2266 2385 2330 σχῆμα
2425 2259 2502 2319 ὡς

418 2335 577 2416 οὐδὲν
617 2341 1003 2414 διαφέροντας.
1080 2345 1188 2414 ἔφη
1232 2341 1294 2394 δέ
1329 2361 1417 2405 τις
1454 2350 1566 2395 τῶν
1605 2342 1771 2412 ὀλίγῳ
1826 2342 2105 2414 πρότερον
2160 2337 2499 2414 φιλοσόφων

420 2420 482 2477 οὗ
521 2426 760 2498 φαῦλον,
799 2431 861 2479 τὸ
899 2422 1175 2499 Ἰσμηνίου
1215 2436 1380 2479 τοῦτο
1416 2427 1664 2495 μάλιστα
1704 2431 2048 2498 ἀγανακτεῖν,
2087 2431 2150 2480 τὸ
2192 2426 2501 2480 καλεῖσθαι
2537 2437 2584 2478 25

419 2506 658 2582 αὐλητὰς
694 2516 823 2575 τοὺς
859 2512 1193 2581 τυμβαύλας,
1236 2508 1297 2566 οὗ
1339 2513 1632 2577 παντελῶς
1669 2518 1866 2581 ὅμοιον
1905 2517 1981 2579 ὅν,
2022 2516 2150 2581 ἐμοὶ
2188 2512 2354 2565 δοκεῖ.
2433 2506 2496 2564 οὗ
2523 2526 2673 2568 ‹54011›

411 2599 513 2666 γὰρ
550 2596 894 2665 βλάπτουσιν
933 2593 1093 2651 οὐδὲν
1133 2602 1189 2650 οἱ
1225 2598 1540 2668 τυμβαῦλαι
1576 2603 1707 2663 τοὺς
1733 2603 1958 2671 νεκρούς
1987 2591 2110 2651 οὐδ’
2154 2597 2495 2665 ἐνοχλοῦσιν,
2519 2610 2675 2651 (2523]

411 2688 520 2732 τῶν
559 2680 617 2733 δὲ
657 2689 1160 2753 προσποιουμένων
1189 2683 1530 2756 φιλοσοφεῖν
1569 2687 1712 2737 ἔνιοι
1748 2689 1842 2738 καὶ
1867 2684 2053 2737 πολλὰ
2074 2683 2297 2751 χαλεπὰ
2335 2682 2494 2752 ἐργά-

335 2770 396 2820 13
418 2762 618 2829 ζονται.
692 2766 830 2819 ἀλλὰ
868 2777 969 2820 τοῦ
1002 2788 1061 2838 γε
1100 2773 1274 2833 ὅντως
1314 2769 1639 2842 φιλοσόφου
1678 2774 1741 2822 τὸ
1780 2773 1940 2841 ἔργον
1980 2766 2076 2836 οὐχ
2114 2769 2303 2839 ἕτερόν
2342 2772 2493 2820 ἐστιν

556 3006 572 3045 1
609 2995 733 3049 οὕτω
762 3005 862 3049 add.
892 3005 1058 3051 Reiske
1164 3013 1187 3052 3
1217 3007 1608 3068 καταπληκτικόν
1638 3008 1781 3063 Seld.;
1811 3005 2207 3068 καταπλήττομαι
2236 3008 2359 3052 haud
2388 3020 2491 3052 raro

413 3071 498 3114 vim
527 3074 715 3117 activam
744 3075 909 3119 habere
938 3077 1045 3121 dicit
1077 3079 1224 3136 Emp.,
1254 3080 1464 3124 traditam
1495 3080 1734 3124 lectionem
1766 3079 2012 3124 defendens
2131 3085 2154 3124 5
2189 3077 2300 3127 οὔτε
2331 3092 2413 3136 pro
2446 3077 2498 3126 οἵ

414 3156 466 3186 τε
496 3141 614 3211 IJBT
728 3148 753 3188 9
785 3144 993 3202 φυλακὰς
1024 3148 1231 3204 casaub„
1263 3155 1472 3209 φυλακῆς
1501 3150 1606 3195 libri
1747 3148 1988 3206 διακόνοις
2016 3146 2081 3205 ὡς
2109 3149 2311 3206 ἐκείνοις
2342 3153 2378 3195 Β

417 3213 469 3289 101)
500 3205 585 3270 ἄρ’
608 3213 694 3259 οὐκ
713 3214 835 3271 Wit,
866 3212 972 3263 ἀλλ’
1005 3217 1090 3265 οὐκ
1109 3221 1211 3264 libri
1326 3219 1512 3283 νύκτωρ
1532 3216 1653 3268 καθ’
1674 3218 1856 3282 ἡμέραν
1877 3223 1956 3266 ΒΤ
2072 3226 2143 3269 δεῖ
2162 3223 2386 3274 Reiskius‚
2416 3218 2492 3270 ἀεὶ

414 3277 532 3361 miri?
561 3282 676 3327 trad.
697 3282 928 3330 lectionem
949 3288 1145 3334 defendit
1160 3292 1289 3349 Emp.
1411 3297 1455 3337 11
1483 3289 1609 3352 λάθῃ
1632 3294 1750 3346 Wi1.‚
1781 3292 1926 3341 λάθοι
1946 3294 2051 3339 libri
2138 3290 2288 3340 αὑτὸν
2310 3294 2490 3349 Reiske,

415 3365 561 3403 avtog
589 3352 691 3395 fibri
862 3361 911 3400 14
942 3354 1088 3405 αὐτοῦ
1115 3361 1153 3404 Τ
1178 3383 1180 3386 >
1299 3367 1347 3406 15
1381 3360 1538 3423 ἔχοντι
1569 3365 1607 3409 Τ
1758 3369 1805 3410 16
1834 3367 2069 3425 κρείττων
2097 3366 2135 3409 Τ
2278 3365 2495 3425 γίνεσθαι

413 3418 544 3500 ΠῚΜΤ
659 3426 711 3466 20
740 3428 982 3480 καπηλίων
1011 3430 1058 3472 Μ
1144 3434 1197 3475 23
1227 3430 1333 3491 ἴρον
1353 3435 1433 3479 UT
1523 3436 1818 3496 συνέβαλλον
1847 3436 1897 3479 Μ
1984 3440 2038 3481 25
2069 3431 2265 3495 φαύλων
2285 3436 2406 3481 UBT

413 3504 501 3568 τον
528 3490 615 3533 ΜΤ
650 3557 665 3564 ·
728 3490 950 3550 Ἰσμηνίου
978 3499 1150 3556 scripsi,
1175 3499 1386 3562 ’Ἰσμηνον
1415 3507 1540 3563 libri3
1569 3504 1803 3566 Ἰσμηνίαν
1830 3507 2041 3553 Valesius
2144 3511 2197 3551 26
2231 3499 2405 3564 ὅμοιον
2436 3503 2495 3553 ὂν

413 3557 589 3613 Relske‚
620 3567 725 3608 οἱον
754 3560 798 3609 δ’
830 3562 887 3611 ὃν
916 3567 1034 3612 UBT
1066 3565 1171 3615 οἷον
1190 3567 1236 3617 ‹5'
1269 3570 1384 3620 ὄνον
1413 3576 1462 3621 Μ
1578 3581 1711 3625 δοκεῖ
1735 3576 1846 3635 ἐμοὶ
1875 3579 1978 3632 (hoc
2008 3578 2121 3632 ord.)
2152 3579 2190 3623 B
2306 3582 2358 3623 27
2390 3576 2493 3625 ἐνο-

410 3631 575 3744 ἔλιζῗσι
586 3699 624 3745 1]
656 3632 768 3745 Εω
806 3641 938 3691 eras.)
974 3637 1219 3697 ἐνοχλοῦσι
1256 3644 1292 3687 Τ
1436 3652 1488 3691 29
1528 3653 1615 3695 τοῦ
1652 3665 1706 3708 γε
1738 3649 1958 3703 Οαεαιὼ.,
1996 3645 2143 3695 τοῦτό
2181 3665 2236 3707 γε
2272 3648 2376 3693 libri

534 3715 556 3752 ς
703 3735 712 3746 .
744 3717 810 3760 pr.
