2684 4140
1074 274 1299 321 ORATIO
1327 275 1470 321 XVII.
2222 279 2323 327 245

242 419 384 485 δέον,
421 422 495 491 μὴ
535 423 730 486 μέντοι
768 421 1109 489 πράττωσιν.
1175 421 1236 470 οὐ
1262 423 1365 490 γάρ
1405 422 1528 471 ἐστι
1566 418 1725 483 τέλος
1753 423 1879 473 οὔτε
1903 427 2024 485 τοῖς
2047 425 2321 490 κάμνουσι
2359 426 2390 476 3

239 507 303 556 τὸ
341 511 549 573 γνῶναι
585 506 648 555 τὸ
691 507 975 573 συμφέρον
1015 505 1232 567 αὐτοῖς,
1284 497 1408 554 ἀλλ’
1453 503 1614 570 οἶμαι
1650 507 1712 556 τὸ
1748 508 2108 577 χρήσασθαι·
2158 515 2323 559 τοῦτο

238 591 342 660 γὰρ
383 591 574 650 αὐτοῖς
611 586 846 657 παρέξει
883 589 981 658 τὴν
1017 590 1257 655 ὑγίειαν·
1300 589 1425 639 οὔτε
1462 593 1584 650 τοῖς
1610 587 1804 652 ἄλλοις
1830 593 1894 642 τὸ
1920 593 2132 658 μαθεῖν
2168 608 2228 660 γε
2255 593 2324 643 τὰ

245 672 571 744 ὠφελοῦντα
608 674 701 723 καὶ
737 670 1062 738 βλάπτοντα
1090 674 1234 741 πρὸς
1260 674 1356 723 τὸν
1382 674 1523 739 βίον,
1564 671 1704 724 ἀλλὰ
1731 677 1794 725 τὸ
1820 678 1894 746 μὴ
1926 675 2323 746 διαμαρτάνειν

182 770 207 810 5
242 753 360 824 <ἐν>
378 756 448 826 τῇ
466 759 679 807 τούτων
701 758 930 823 αἱρέσει.
974 758 1239 826 καθάπερ
1260 757 1363 826 γὰρ
1385 758 1538 808 ἔστιν
1561 755 1701 809 ἰδεῖν
1720 761 1850 821 τοὺς
1878 759 2325 830 ὀφθαλμιῶντας

243 843 655 908 ἐπισταμένους
706 842 807 907 μὲν
857 843 945 892 ὅτι
996 839 1170 892 λυπεῖ
1207 844 1270 893 τὸ
1320 845 1628 912 προσάγειν
1676 848 1797 905 τοῖς
1847 843 2177 915 ὀφθαλμοῖς
2224 846 2325 906 τὰς

234 931 444 996 χεῖρας,
484 929 635 993 ὅμως
675 923 733 976 δὲ
776 927 871 976 οὐκ
908 924 1216 988 ἐθέλοντας
1255 928 1594 991 ἀπέχεσθαι,
1634 926 2052 998 παραπλησίως
2076 931 2170 980 καὶ
2195 930 2327 998 περὶ

237 1011 306 1061 τὰ
345 1008 486 1061 ἀλλα
526 1013 827 1080 πράγματα
869 1012 924 1060 οἱ
962 1009 1167 1061 πολλοὶ
1202 1013 1296 1062 καὶ
1334 1009 1458 1061 λίαν
1498 1009 1710 1073 εἰδότες
1749 1014 1825 1074 ὡς
1866 1014 1927 1062 οὐ
1957 1011 2240 1064 λυσιτελεῖ
2269 1030 2326 1063 τι

237 1100 443 1159 ποιεῖν,
485 1094 644 1146 οὐδὲν
680 1096 847 1166 ἦττον
885 1096 1270 1160 ἐμπίπτουσιν
1308 1097 1390 1156 εἰς
1429 1097 1578 1146 αὐτό.
1642 1097 1728 1156 τίς
1764 1103 1894 1163 γοῦν
1935 1099 2030 1148 οὐκ
2069 1096 2186 1148 οἶδε
2224 1099 2322 1168 τὴν
2361 1106 2394 1154 4

18 1188 202 1234 248Μ)10
239 1181 512 1250 ἀκρασίαν
550 1182 627 1241 ὡς
662 1184 803 1247 μέγα
842 1181 964 1231 ἐστὶ
999 1182 1165 1230 κακὸν
1203 1184 1325 1241 τοῖς
1351 1181 1572 1243 ἔχουσιν
1584 1199 1603 1241 ,·
1642 1174 1768 1230 ἀλλ’
1812 1184 1963 1246 ὅμως
1987 1183 2220 1250 μυρίους
2259 1183 2326 1232 ἄν

236 1282 325 1326 τις
364 1266 622 1334 ἀκρατεῖς
661 1266 829 1333 εὕροι.
903 1266 997 1314 καὶ
1034 1266 1095 1334 νὴ
1135 1265 1250 1314 Δία
1288 1279 1349 1330 γε
1387 1266 1484 1333 τὴν
1523 1265 1720 1332 ἀργίαν
1761 1266 2007 1325 ἅπαντες
2035 1264 2224 1316 ἴσασιν
2252 1267 2328 1327 ὡς

238 1349 301 1398 οὐ
338 1352 511 1414 μόνον
550 1350 646 1413 οὐχ
684 1350 776 1398 οἶα
815 1365 875 1398 τε
914 1344 1168 1417 πορίζειν
1206 1348 1274 1397 τὰ
1316 1346 1513 1398 δέοντα
1543 1350 1688 1416 πρὸς
1715 1350 1778 1398 τὸ
1808 1344 1917 1418 ζῆν,
1959 1341 2082 1398 ἀλλ’
2127 1350 2212 1399 ἔτι
2237 1351 2329 1400 καὶ

233 1434 302 1483 τά
342 1436 472 1485 ὄντα
512 1430 820 1483 ἀπόλλυσι·
869 1434 1057 1483 καίτοι
1094 1428 1354 1500 <σχεδ>όν
1403 1449 1459 1482 τι
1508 1429 1740 1493 πλείους
1791 1433 1944 1484 ἔστιν
1984 1435 2162 1503 εὑρεῖν
2199 1436 2330 1494 τους

23 1529 219 1575 (464311)
239 1518 442 1587 αργους
479 1523 589 1569 τῶν
638 1514 957 1568 ἐθελόντων
1005 1535 1062 1568 τι
1110 1519 1396 1586 πράττειν.
1481 1518 1619 1568 ὅθεν
1670 1516 1830 1583 οἶμαι
1877 1519 2150 1587 προσήκει
2197 1520 2327 1579 τούς
2366 1526 2396 1574 5

155 1610 203 1654 15
239 1604 469 1669 ἄμεινον
509 1610 856 1673 φρονοῦντας
895 1604 983 1654 ἀεὶ
1018 1604 1112 1653 καὶ
1151 1608 1390 1667 συνεχῶς
1426 1603 1568 1671 ὑπὲρ
1596 1604 1808 1653 τούτων
1838 1601 2029 1670 λέγειν,
2069 1605 2165 1654 ἐάν
2204 1619 2328 1664 πως

234 1691 461 1758 γένηται
514 1686 748 1740 δυνατὸν
797 1690 1150 1755 ἐπιστρέψαι
1197 1689 1291 1738 καὶ
1348 1687 1675 1753 βιάσασθαι
1735 1690 1880 1757 πρὸς
1939 1691 2002 1738 τὸ
2060 1692 2326 1758 κρεῖττον.

237 1773 429 1842 ὥσπερ
467 1773 572 1841 γὰρ
611 1775 670 1824 ἐν
707 1777 828 1834 τοῖς
865 1773 1198 1841 μυστηρίοις
1229 1773 1260 1820 ὁ
1288 1773 1626 1841 ἱεροφάντης
1655 1773 1750 1836 οὐχ
1777 1770 1932 1834 ἅπαξ
1958 1774 2329 1842 προαγορεύει

235 1861 357 1919 τοῖς
393 1861 730 1924 μυουμένοις
767 1860 999 1908 ἕκαστον
1040 1856 1115 1907 ὧν
1149 1858 1268 1926 χρή,
1307 1858 1404 1907 τὸν
1431 1856 1597 1906 αὐτὸν
1636 1850 1854 1925 τρόπον
1891 1859 1984 1907 καὶ
2019 1859 2149 1918 τοὺς
2186 1858 2328 1925 ὑπὲρ

237 1941 348 1993 τῶν
389 1940 789 2013 συμφερόντων
830 1940 1024 2009 λόγους
1075 1943 1266 2010 ὥσπερ
1316 1941 1442 1991 τινὰ
1481 1938 1795 2011 πρόρρησιν
1850 1942 2002 2011 ἱερὰν
2053 1938 2336 1992 λυσιτελεῖ

154 2038 204 2082 20
240 2025 530 2091 πολλάκις,
568 2026 776 2094 μᾶλλον
817 2026 875 2078 δὲ
915 2028 1002 2077 ἀεὶ
1030 2024 1315 2094 λέγεσθαι.
1379 2026 1448 2075 τὰ
1474 2032 1603 2092 γοῦν
1633 2024 2043 2096 φλεγμαίνοντα
2070 2025 2180 2076 τῶν
2222 2039 2326 2075 σω-
2367 2034 2398 2084 6

236 2115 429 2179 μάτων
470 2113 565 2163 οὐκ
603 2107 777 2174 εὐθὺς
814 2110 1046 2163 ἐνέδωκε
1086 2113 1230 2180 πρὸς
1267 2112 1365 2181 τὴν
1405 2112 1635 2180 πρώτην
1671 2105 2054 2180 καταιόνησιν,
2094 2103 2219 2160 ἀλλ’
2263 2100 2330 2159 ἂν

242 2196 482 2263 συνεχῶς
518 2204 683 2248 τοῦτο
723 2204 866 2267 ποιῇ
902 2215 1005 2260 τις,
1046 2194 1340 2265 ἐμαλάχθη
1367 2197 1462 2246 καὶ
1486 2193 1626 2263 ῥᾷον
1666 2195 1848 2259 ἔσχεν·
1891 2189 2084 2245 οὐκοῦν
2124 2195 2332 2259 ὁμοίως

235 2284 329 2333 καὶ
366 2284 464 2353 τὴν
503 2284 560 2333 ἐν
599 2289 667 2352 τῇ
704 2289 858 2352 ψυχῇ
895 2280 1006 2332 τῶν
1045 2278 1273 2331 πολλῶν
1326 2278 1639 2351 φλεγμονὴν
1692 2281 1982 2349 ἀγαπητὸν
2021 2278 2078 2329 εἴ
2115 2297 2203 2340 τις
2244 2276 2333 2329 δύ-

238 2383 398 2418 ναιτο
438 2367 689 2436 πραῦναι
729 2364 994 2436 διηνεκῶς
1031 2365 1112 2434 τῷ
1152 2363 1295 2433 λόγῳ
1330 2367 1633 2435 χρώμενος.

158 2476 206 2517 25
389 2468 543 2535 Φημὶ
592 2465 654 2537 δὴ
705 2468 800 2517 καὶ
847 2468 981 2535 περὶ
1026 2473 1124 2536 τῆς
1174 2463 1505 2528 πλεονεξίας
1554 2462 1766 2515 εἰδέναι
1813 2466 1914 2530 μὲν
1965 2466 2220 2524 ἅπαντας
2258 2465 2334 2523 ὡς

242 2551 367 2602 οὔτε
409 2555 695 2621 συμφέρον
735 2551 861 2602 οὔτε
896 2548 1066 2602 καλόν
1105 2553 1276 2614 ἐστιν,
1317 2547 1458 2600 ἀλλὰ
1484 2549 1595 2600 τῶν
1620 2551 1899 2617 μεγίστων
1924 2547 2105 2599 κακῶν
2134 2546 2333 2610 αἴτιον,

238 2638 311 2706 μὴ
364 2640 558 2701 μέντοι
607 2652 667 2703 γε
716 2637 1042 2701 ἀπέχεσθαι
1088 2633 1229 2705 μηδὲ
1279 2632 1502 2686 ἐθέλειν
1562 2632 1774 2704 μηδένα
1834 2635 2160 2704 ἀνθρώπων
2211 2632 2333 2683 ἴσον

241 2722 385 2787 ἔχειν
423 2719 502 2788 τῶ
542 2718 735 2783 πέλας.
799 2722 986 2772 καίτοι
1022 2723 1120 2792 τὴν
1157 2723 1258 2786 μὲν
1298 2721 1495 2790 ἀργίαν
1531 2721 1626 2770 καὶ
1662 2721 1761 2790 τὴν
1800 2720 2071 2788 ἀκρασίαν
2108 2719 2201 2768 καὶ
2235 2735 2329 2767 κα·
2370 2724 2400 2772 7

242 2803 424 2857 θόλου
465 2808 657 2868 πάσας
696 2804 894 2867 ἁπλῶς
930 2807 1031 2867 τὰς
1070 2803 1244 2866 ἄλλας
1290 2806 1487 2865 κακίας
1535 2805 1692 2873 εὕροι
1742 2821 1829 2864 τις
1879 2821 1946 2854 αν
1985 2795 2178 2862 αυτοῖς
2214 2805 2335 2861 τοῖς

161 2902 209 2943 30
248 2892 439 2956 ἔχουσι
475 2889 779 2961 βλαβεράς,
828 2893 921 2943 καὶ
957 2892 1264 2951 νουθεσίας
1300 2892 1401 2955 μὲν
1442 2887 1603 2954 οἶμαι
1638 2890 1732 2938 καὶ
1766 2888 2167 2953 καταγνώσεως
2203 2886 2334 2944 τοὺς

238 2978 296 3027 ἔν
335 2994 448 3028 τινι
486 2979 698 3027 τούτων
736 2978 1091 3046 ὑπάρχοντας
1142 2973 1372 3034 δικαίως
1420 2974 1814 3040 τυγχάνοντας,
1866 2963 1927 3020 οὗ
1984 2972 2092 3040 μὴν
2138 2981 2333 3034 μισου-

244 3064 446 3121 μένους
494 3076 553 3127 γε
600 3059 725 3111 οὐδὲ
773 3062 995 3122 κοινούς
1034 3062 1219 3110 ἅπασι
1257 3056 1556 3118 δοκοῦντας
1601 3057 1855 3125 ἐχθρούς.
1956 3059 1988 3122 ἡ
2038 3050 2334 3116 πλεονεξία

385 3299 410 3340 3
448 3290 611 3355 ὑγείαν
639 3295 758 3349 libri,
791 3308 907 3340 corr.
938 3295 1073 3341 Dind.
1161 3312 1217 3355 γε
1247 3291 1305 3342 τὰ
1337 3294 1514 3350 scripsi,
1546 3290 1604 3341 τά
1635 3309 1690 3352 γε
1719 3292 1845 3348 libri3
1875 3291 1935 3340 τά
1969 3307 2021 3339 τε
2050 3290 2262 3336 Reiskius

242 3374 266 3415 5
296 3367 349 3414 ἐν
378 3367 480 3412 add.
513 3367 618 3413 Wil
709 3370 791 3425 τῆς
819 3379 901 3423 pro
933 3370 993 3426 τῇ
1011 3367 1075 3423 Μ,
1105 3367 1224 3411 unde
1253 3369 1405 3424 τῆς-
1427 3364 1655 3425 αιρὲσεως
1686 3365 1802 3409 coni.
1822 3363 1954 3420 Emp.
1977 3362 2038 3417 (in
2059 3360 2251 3415 schedis)

241 3445 264 3484 7
302 3433 482 3498 ὅμοιως
501 3438 551 3481 Μ
642 3442 666 3483 8
699 3439 832 3485 λείαν
861 3438 910 3481 Μ
1001 3442 1050 3482 12
1084 3433 1161 3483 οἶα
1192 3454 1244 3484 τε
1274 3437 1310 3480 Β
1344 3433 1421 3483 οἱοί
1452 3453 1506 3483 τε
1535 3436 1576 3481 U
1691 3431 1759 3482 ε’τι
1788 3434 2016 3487 Reiskius,
2049 3425 2123 3479 ότι
2152 3431 2254 3476 libri

245 3516 297 3556 13
327 3512 488 3558 καίτοι
510 3507 682 3569 σχεδόν
713 3526 757 3555 τι
794 3508 955 3565 scripsi
981 3512 1062 3555 καὶ
1091 3511 1161 3570 τῷ
1193 3506 1296 3555 όντι
1325 3508 1441 3564 libri,
1471 3508 1631 3553 καίτοι
1660 3509 1730 3567 τῷ
1757 3509 1899 3552 παντὶ
1918 3506 2051 3562 Emp.
2083 3503 2202 3560 quod
2231 3500 2338 3546 mihi

243 3582 428 3627 nimium
447 3582 683 3626 videbatur
779 3583 829 3624 16
851 3579 1022 3624 malim:
1044 3577 1328 3638 ἐπιστρέψαι
1346 3574 1535 3637 (τινὰς)
1625 3580 1675 3622 19
1696 3574 2043 3636 τιναπόρρησιν
2062 3574 2102 3619 U
2117 3587 2175 3618 m.
2193 3586 2260 3630 pr.

246 3658 300 3698 22
331 3657 476 3701 τοῦτο
508 3666 593 3698 om.
625 3653 667 3698 U
847 3655 900 3696 28
931 3647 1021 3697 τὸν
1060 3651 1207 3704 πέλας
1243 3649 1321 3694 UB
1495 3647 1697 3710 ἀργείαν
1735 3647 1826 3693 MU
1864 3661 1922 3693 m.
1953 3660 2024 3704 pr.
2195 3641 2339 3700 ἀκρά-

249 3742 382 3772 τειαν
411 3725 459 3768 Μ
