2684 4140
401 239 504 287 220
1144 229 1350 275 DIONIS
1380 229 1464 274 DE
1494 229 1743 276 DIVITIIS

932 543 1059 609 (62)
1108 539 1373 607 ΠΕΡΙ
1417 511 1947 611 ΠΛΟΥΤΟΥ.
2523 566 2651 609 (43213

1353 687 1512 695 ———

330 791 354 840 1
543 787 690 854 Φέρε
739 787 887 855 πρὸς
934 785 1118 849 θεῶν,
1171 787 1271 837 ἐπὶ
1318 786 1432 837 τίνι
1479 783 1728 852 μάλιστα
1778 785 2096 855 θαυμάζειν
2145 793 2240 843 καὶ
2287 794 2387 845 ἐπὶ
2422 793 2502 862 τρῖ

389 870 531 934 μέγα
585 870 814 936 φρονεῖν
862 868 958 918 καὶ
1004 863 1332 936 μακαρίζειν
1382 865 1542 931 ἀξιον
1592 866 1763 920 πόλιν
1815 871 2057 922 ἀπασῶν
2106 877 2374 947 μεγίστην
2411 881 2506 931 καὶ

395 950 788 1022 δυνατωτάτην
800 971 820 1015 ;
858 954 1102 1022 πότερον
1140 954 1241 1004 ἐπὶ
1279 955 1467 1019 νόμων
1496 955 1666 1024 ἀρετῇ
1691 956 1786 1006 καὶ
1813 954 2066 1009 πολιτῶν
2093 960 2374 1031 ἐπιεικείᾳ
2410 966 2506 1015 καὶ

394 1039 732 1108 σωφροσύνῃ
773 1044 884 1089 τῶν
924 1039 1224 1108 ἀρχόντων,
1263 1040 1295 1110 ἢ
1324 1045 1500 1090 ταῦτα
1526 1041 1628 1106 μὲν
1653 1042 1825 1111 μικρὰ
1851 1043 1946 1093 καὶ
1974 1041 2200 1108 οὐδενὸς
2238 1044 2371 1110 ἀξια
2409 1051 2504 1101 καὶ

389 1120 563 1193 ῥᾴδια
601 1127 724 1186 τοῖς
749 1130 1027 1189 τυχοῦσιν,
1066 1126 1166 1176 ἐπὶ
1193 1122 1251 1176 δὲ
1279 1126 1609 1195 ἀνθρώπων
1636 1123 1856 1197 πλήθει
1878 1129 1973 1179 καὶ
1999 1130 2204 1233 ἀγορᾶς
2230 1133 2493 1203 ἀφθονία
2530 1146 2585 1186 5

387 1211 483 1261 καὶ
501 1217 570 1280 τῇ
590 1207 928 1279 πολυτελείᾳ
948 1216 1060 1262 τῶν
1082 1208 1549 1281 οἰκοδομημάτων
1581 1210 1675 1264 δεῖ
1695 1209 2022 1283 μακαρίζειν
2056 1216 2226 1287 αὐτὴν
2257 1219 2352 1269 καὶ
2382 1223 2504 1281 τοῖς

388 1297 585 1366 Σήρων
626 1297 721 1348 καὶ
757 1293 1138 1363 Βαβυλωνίων
1175 1298 1494 1367 ὑφάσμασι,
1533 1300 1628 1349 καὶ
1653 1301 1742 1350 ὅτι
1762 1298 1956 1368 χρυσῷ
1990 1301 2093 1363 τὰς
2121 1303 2304 1364 οἰκίας
2339 1305 2504 1373 ἐρέπ-

393 1394 583 1445 τουσι,
642 1382 737 1432 καὶ
783 1382 963 1447 μεστοὶ
1026 1384 1213 1433 πάντα
1277 1383 1516 1452 ἀργύρου
1577 1385 1672 1435 καὶ
1719 1381 1985 1455 ἠλέκτρου
2033 1389 2128 1438 καὶ
2176 1386 2503 1459 ἐλέφαντος,

394 1467 571 1518 ὁποῖα
621 1461 855 1537 Όμηρος
911 1466 1094 1537 εἴρηκε
1156 1468 1225 1518 τὰ
1270 1460 1558 1519 Ἀλκινόου
1609 1471 1704 1521 καὶ
1759 1471 1828 1520 τά
1877 1469 2176 1522 Μενελάου
2238 1471 2503 1540 βασίλεια

389 1550 760 1622 ὑπερβάλλων
798 1555 864 1603 τό
902 1570 962 1603 τε
1001 1550 1218 1623 ἀληθὲς
1254 1555 1348 1605 καὶ
1387 1557 1450 1605 τὸ
1493 1552 1728 1607 δυνατὸν
1770 1554 1992 1621 σχεδόν,
2046 1558 2225 1620 οὕτως
2264 1560 2496 1611 ἅπασαν
2533 1569 2581 1612 10

389 1641 703 1707 ἠσκημένην
741 1640 839 1708 τήν
880 1635 1078 1689 πόλιν·
1128 1640 1222 1689 καὶ
1269 1641 1332 1709 νὴ
1373 1641 1488 1690 Δία
1528 1641 1627 1691 ἐπὶ
1664 1645 1792 1703 ταῖς
1828 1646 2078 1712 γραφαῖς
2113 1645 2209 1694 καὶ
2245 1648 2367 1706 τοῖς
2406 1646 2500 1696 ἀν-

393 1720 648 1792 δριᾶσιν,
701 1722 777 1773 ὧν
817 1721 978 1774 οὐδὲν
1018 1724 1199 1793 ὤνησε
1237 1726 1370 1785 τοὺς
1412 1727 1690 1793 πρότερον
1748 1727 2004 1792 ἔχοντας,
2055 1725 2196 1779 ἀλλὰ
2237 1722 2379 1799 παρ’
2425 1730 2501 1782 ὧν

389 1810 571 1860 ἐκεῖνα
611 1810 921 1879 ἐκομίσθη,
972 1811 1207 1871 τούτους
1258 1807 1375 1860 ἴδοι
1412 1828 1500 1872 τις
1538 1811 1606 1861 ἂν
1648 1809 1882 1873 δούλους
1930 1814 2025 1863 καὶ
2061 1815 2367 1876 ταπεινοὺς
2403 1817 2498 1867 καὶ
2518 1829 2670 1872 (43332

319 1898 352 1947 2
392 1898 670 1964 πένητας,·
719 1897 770 1946 εἰ
806 1896 910 1963 γὰρ
949 1892 1015 1966 ἦν
1055 1893 1260 1966 ὄφελός
1298 1913 1355 1947 τι
1387 1893 1600 1961 χαλκοῦ
1632 1894 1818 1958 καλῶς
1853 1901 2190 1967 κεκραμένου
2238 1901 2333 1952 καὶ
2367 1918 2498 1971 κρα-

389 1981 574 2050 τήρων
611 1983 703 2032 καὶ
741 1982 948 2048 βωμῶν
985 1983 1080 2032 καὶ
1116 1982 1516 2051 θυμιατηρίων
1555 1989 1837 2051 περιττῶς
1876 1985 2273 2053 εἰργασμένων,
2312 1989 2344 2056 ή
2386 1988 2499 2037 Κο-
2541 1997 2585 2038 15
2600 1998 2673 2040 (664

389 2067 634 2134 ρινθίων
673 2065 843 2128 πόλις
882 2069 948 2118 ἂν
987 2066 1270 2133 εὐδαίμων
1307 2064 1374 2137 ἧν
1411 2069 1505 2118 καὶ
1542 2066 1724 2119 πολύν
1764 2061 1961 2136 ᾠκεῖτο
2013 2071 2081 2122 ἂν
2114 2073 2343 2140 χρόνον,
2395 2070 2502 2140 σῴ-

394 2147 566 2213 ζουσα
606 2155 738 2214 τούς
777 2157 978 2223 ἑαυτῆς
1019 2155 1316 2224 οἰκήτορας
1341 2155 1435 2204 καὶ
1461 2151 1730 2215 πολίτας·
1772 2155 1823 2204 εἰ
1864 2147 1917 2204 δ’
1950 2155 2023 2205 αὖ
2047 2152 2232 2207 λίθων
2259 2155 2502 2227 εὐχρόων

387 2239 483 2288 καὶ
531 2236 833 2302 ποικίλων,
883 2243 915 2309 ἡ
963 2240 1150 2309 Τηίων
1195 2240 1227 2309 ἢ
1268 2240 1607 2308 Καρυστίων
1659 2240 1756 2289 καί
1802 2232 2362 2308 τινων-Αἰγυπτίων
2408 2244 2503 2293 καὶ

395 2325 658 2393 Φρυγῶν,
710 2315 852 2393 παρ’
911 2324 997 2385 οἷς
1046 2326 1170 2375 ἐστι
1217 2325 1286 2375 τὰ
1339 2326 1436 2394 ὅρη
1488 2322 1749 2376 ποικίλα·
1814 2327 1998 2376 ἀκούω
2061 2319 2115 2377 δ’
2169 2327 2339 2395 ἔγωγε
2389 2333 2501 2379 τῶν

390 2410 536 2478 ὀρῶν
585 2410 687 2471 τὰς
746 2412 894 2461 πάνυ
957 2408 1210 2471 παλαιὰς
1269 2417 1368 2481 τῆς
1428 2411 1597 2481 αὐτῆς
1656 2410 1804 2462 εἶναι
1861 2415 2102 2479 πέτρας·
2161 2405 2288 2461 ἀλλ’
2342 2415 2493 2479 ὅμως
2530 2422 2579 2464 20
2648 2407 2650 2409 ’

396 2493 626 2557 οὐδενός
676 2498 790 2547 εἰσι
838 2493 1095 2563 βελτίους
1148 2489 1269 2546 οὐδ’
1326 2489 1711 2566 εὐτυχέστεροι
1759 2502 1871 2547 τῶν
1918 2499 2067 2547 πάνυ
2119 2503 2405 2549 ταπεινῶν
2441 2516 2503 2550 τε

325 2579 356 2630 3
393 2582 489 2632 καὶ
527 2578 766 2632 ἀθλίων.
832 2582 883 2631 εἰ
912 2579 973 2631 δέ
1009 2597 1069 2648 γε
1109 2578 1321 2652 ὠφέλει
1347 2583 1410 2631 τὸ
1437 2583 1751 2653 κεκτῆσθαι
1772 2584 2022 2652 χρυσίον,
2065 2576 2227 2634 οὐδὲν
2265 2581 2502 2635 ἐκώλυεν

394 2665 711 2728 Αἰθίοπας
749 2669 881 2728 τοὺς
920 2668 1035 2718 ἀνω
1075 2669 1542 2736 μακαριωτάτους
1581 2666 1730 2718 εἶναι
1770 2665 1969 2732 δοκεῖν,
2010 2670 2155 2719 ὅπου
2183 2670 2246 2718 τὸ
2269 2670 2502 2738 χρυσίον

393 2750 730 2822 ἀτιμότερον
755 2754 786 2822 ἢ
818 2746 962 2822 παρ’
994 2756 1127 2822 ἡμῖν
1156 2754 1187 2802 ὁ
1212 2750 1501 2819 μόλιβδος,
1541 2754 1640 2803 καί
1666 2766 1844 2822 φασιν
1873 2744 2086 2804 αὐτόθι
2112 2755 2244 2814 τοὺς
2269 2756 2501 2824 κακούρ-

389 2853 522 2904 γους
572 2839 631 2888 ἑν
691 2840 957 2903 παχείαις
1003 2835 1270 2908 (χρυσοῦ)
1325 2826 1602 2889 δεδέσθαι
1650 2836 1882 2903 πέδαις,
1935 2831 2061 2888 ἀλλ’
2119 2832 2279 2889 οὐδὲν
2325 2839 2492 2908 ἧττόν
2530 2851 2577 2892 25

392 2924 508 2974 εἰσι
559 2921 846 2989 δεσμῶται
893 2926 987 2975 καὶ
1036 2926 1278 2994 πονηροὶ
1322 2926 1417 2975 καὶ
1467 2923 1670 2975 ἄδικοι.
1768 2926 1832 2974 τὸ
1884 2921 1942 2974 δὲ
1991 2919 2318 2991 μακαρίζειν
2366 2925 2497 2983 τοὺς

388 3006 699 3071 πλουσίους
735 3012 830 3061 καὶ
866 3007 1051 3060 πολλὰ
1086 3012 1344 3080 χρήματα
1385 3011 1642 3075 ἔχοντας,
1691 3011 1760 3060 τὰ
1802 3007 1861 3060 δὲ
1901 3007 2044 3060 ἄλλα
2082 3006 2255 3079 μηδὲν
2296 3006 2494 3078 διαφέ-

537 3148 739 3194 Titulus:
771 3153 882 3207 περὶ
913 3146 1125 3197 πλούτου
1156 3152 1254 3196 τῶν
1283 3148 1337 3196 ἐν
1369 3150 1558 3213 Κιλικία
1588 3150 1627 3194 Β
1802 3153 1826 3194 2
1857 3153 2246 3210 μεγαλοφρονεῖν
2275 3148 2356 3194 UB

395 3223 420 3264 3
458 3218 662 3268 ἐπιεικέα
694 3221 743 3265 Μ
869 3226 895 3266 4
926 3218 1100 3281 σμικρὰ
1135 3223 1172 3266 Β
1276 3226 1298 3264 7
1333 3218 1509 3282 Σύρων
1536 3221 1654 3274 libri,
1687 3234 1804 3266 corr.
1836 3221 2004 3267 Reiske
2091 3220 2346 3281 ἐρεποῦσιν
2366 3219 2415 3263 Μ

394 3296 449 3335 10
485 3288 794 3351 ἱπερβάλλον
816 3293 852 3335 Β
971 3286 1169 3340 ἅπασαν
1209 3290 1456 3352 (πλάσας)
1487 3293 1683 3339 Casaub.
1720 3293 1839 3349 quod
1876 3306 1967 3338 non
2007 3293 2150 3350 probo
2182 3293 2238 3337 cf.
2271 3291 2353 3336 od.
2385 3290 2427 3335 V
2455 3289 2501 3333 II

394 3366 449 3408 84
468 3377 534 3421 sq.
688 3367 738 3407 13
772 3362 1006 3423 ἐκομίσθη
1035 3364 1182 3421 Emp.‚
1211 3362 1458 3424 ἐκοσμήθη
1488 3365 1592 3409 libri
1720 3368 1772 3408 14
1801 3360 1827 3423 ἢ
1860 3377 1943 3421 pro
1975 3364 2019 3411 εἰ
2045 3365 2083 3408 Β
2201 3367 2252 3407 18
2284 3358 2313 3421 ἢ
2347 3361 2500 3420 Τηίων

392 3434 512 3490 libri,
546 3446 662 3479 corr.
686 3434 879 3479 Casaub.
975 3439 1024 3479 19
1058 3437 1278 3495 φρυγίων
1297 3437 1346 3480 Μ
1435 3440 1488 3480 20
1523 3431 1656 3494 ὀρῶν
1684 3436 1885 3481 nondum
1907 3434 2189 3481 emendatum
2213 3433 2344 3492 ὁρῶν
2364 3432 2414 3475 Μ

396 3509 446 3548 21
486 3508 706 3552 παλαιῶν
748 3506 879 3560 libri,
917 3511 1159 3553 ταπεινῶν
1195 3507 1379 3562 Pfiugk,
1411 3503 1737 3567 ταλαιπώρων
1765 3507 1914 3564 Emp.‚
1953 3503 2150 3566 φαύλων
2190 3505 2383 3560 Selden.‚
2414 3504 2504 3548 alia

396 3575 474 3619 alii
590 3580 643 3620 22
672 3593 728 3635 γε
759 3589 845 3621 om.
879 3576 960 3621 ΠΒ
1124 3573 1270 3625 οὐθὲν
1299 3579 1342 3624 U
1474 3582 1529 3623 24
1558 3575 1803 3637 μόλυβδος
1832 3577 1968 3623 Dind.
2102 3581 2155 3621 25
2183 3579 2366 3636 χρυσοῦ
2394 3575 2495 3620 add.

398 3646 703 3703 Valckenaar,
735 3655 933 3707 χρυσαῖς
964 3647 1157 3693 Casaub.
1192 3648 1488 3710 παγχρύσοις
1515 3650 1636 3696 Weil
1665 3651 1821 3696 Revue
1851 3650 1906 3696 de
1935 3649 2050 3694 Phil.
2081 3648 2103 3692 I
2138 3651 2215 3692 197
2334 3651 2498 3701 παῖδες

403 3730 488 3774 pro
519 3718 681 3772 πέδαις
710 3718 758 3762 Μ
790 3717 847 3762 cf.
880 3717 1095 3763 Herodot.
1126 3718 1194 3762 III
1225 3722 1278 3763 23
