2684 4140
356 233 460 285 240
808 226 1013 272 DIONIS
1044 226 1130 271 DE
1161 222 1509 270 SERVITUTE
1541 223 1623 268 ET
1653 223 2013 271 LIBERTATE

358 377 417 426 οἱ
454 366 581 440 μετ’
625 373 827 431 αὐτούς
867 371 962 420 οὐκ
999 370 1067 419 ἂν
1115 367 1227 421 εἷεν
1277 369 1506 420 οἰκέται.
1580 370 1675 420 καὶ
1709 370 1813 439 γὰρ
1855 368 1918 441 δὴ
1960 372 2175 437 ὁρῶμεν
2213 373 2456 435 ἐκείνους

359 457 751 526 Μεσσηνίους,
803 447 881 506 δι’
936 447 1087 505 ὅσων
1139 455 1279 504 ἐτῶν
1320 453 1382 503 οὐ
1429 456 1602 520 μόνον
1640 457 1739 525 τὴν
1776 453 2134 526 ἐλευθερίαν,
2185 455 2326 508 ἀλλὰ
2362 460 2458 511 καὶ

273 546 338 597 28
360 544 458 612 τήν
491 542 680 609 χώραν
719 539 1054 604 ἐκομίσαντο
1092 540 1191 610 τὴν
1231 540 1430 590 αὑτῶν.
1502 541 1631 591 ἐπεὶ
1665 541 1768 610 γάρ
1807 543 2138 612 ἡττήθησαν
2177 544 2235 594 ἐν
2273 546 2455 595 Λεύκ-

355 642 512 695 τροις
558 626 671 677 ύπό
715 623 982 694 Θηβαίων
1019 622 1502 691 Λακεδαιμόνιοι,
1555 629 1994 695 στρατεύσαντες
2042 629 2125 690 εἰς
2160 627 2455 681 Πελοπόν-

355 724 525 780 νησον
568 709 815 780 Θηβαῖοι
861 710 1002 776 μετὰ
1051 716 1163 762 τῶν
1204 713 1507 777 συμμάχων
1547 714 1863 782 ἠνάγκασαν
1900 715 2000 784 τήν
2038 731 2097 764 τε
2130 715 2319 783 χώραν
2357 717 2456 786 τὴν
2493 727 2517 766 5

357 796 695 865 Μεσσηνίαν
745 793 1064 847 ἀποδοῦναι
1106 795 1604 864 Λακεδαιμονίους
1649 799 1744 849 καὶ
1790 801 1919 850 ὅσοι
1963 795 2107 869 ἦσαν
2156 791 2262 849 ἀπ’
2318 801 2456 851 ἐκεί-

356 898 466 931 νων
504 883 818 948 γεγονότες,
859 879 1228 944 δουλεύοντας
1265 885 1543 953 πρότερον
1589 885 1746 952 παρὰ
1784 881 2287 951 Λακεδαιμονίοις,
2327 887 2458 947 τούς

353 962 612 1027 Είλωτας
658 963 1005 1034 λεγομένους,
1042 960 1362 1036 κατῴκισαν
1409 967 1585 1021 πάλιν
1636 970 1718 1031 εἰς
1755 971 2079 1040 Μεσσήνην.
2152 972 2248 1022 καὶ
2283 988 2457 1021 ταυτα

358 1048 546 1113 οὐδείς
582 1066 758 1122 φησιν
795 1050 1006 1115 ἀδίκως
1043 1058 1422 1124 πεποιηκέναι
1458 1056 1591 1117 τούς
1632 1054 1936 1126 Θηβαίους,
1976 1053 2117 1106 ἀλλὰ
2157 1053 2459 1123 παγκάλως

353 1138 447 1188 καὶ
486 1135 733 1200 δικαίως.
813 1140 957 1190 ὥστε
996 1138 1158 1210 ειπερ
1201 1139 1364 1202 οὗτος
1403 1143 1434 1191 0‘
1472 1144 1687 1211 τρόπος
1716 1142 1778 1192 οὐ
1808 1139 2024 1203 δίκαιός
2049 1143 2173 1192 ἐστι
2198 1149 2296 1212 τῆς
2332 1144 2457 1213 κτή-
2498 1151 2684 1196 10(243ῡε

358 1235 527 1288 σεως,
577 1221 639 1287 ἐξ
687 1223 754 1274 οὗ
799 1227 1009 1287 πάντες
1055 1227 1110 1276 οἱ
1149 1223 1347 1278 λοιποὶ
1382 1228 1481 1298 τὴν
1517 1228 1691 1326 ἀρχὴν
1729 1228 1936 1292 ἔχουσι,
1974 1225 2282 1279 κινδυνεύει
2317 1225 2458 1297 μηδὲ

363 1305 535 1370 ἄλλος
558 1310 769 1379 μηθεὶς
796 1309 959 1375 εἶναι,
997 1309 1139 1382 μηδὲ
1178 1311 1258 1380 τῷ
1298 1314 1416 1364 ὄντι
1452 1306 1579 1364 κατ’
1623 1311 1902 1384 ἀλήθειαν
1943 1311 2142 1376 δοῦλος
2170 1310 2457 1381 λέγεσθαι.

268 1397 336 1449 29
501 1392 643 1445 ἀλλά
679 1398 753 1467 μή
796 1398 893 1462 οὐχ
932 1398 1110 1460 οὕτως
1145 1393 1178 1468 ᾖ
1223 1397 1517 1466 λεγόμενος
1543 1397 1605 1464 ἐξ
1629 1401 1800 1503 ἀρχῆς
1830 1401 1863 1450 ὁ
1890 1397 2105 1463 δοῦλος,
2144 1401 2287 1470 ὑπὲρ
2323 1402 2457 1451 ὅτου

355 1481 619 1574 ἀργύριόν
667 1499 755 1543 τις
803 1499 900 1533 του
954 1485 1216 1550 σώματος
1258 1482 1560 1552 κατέβαλεν
1597 1487 1629 1555 ἢ
1672 1485 1734 1547 ὂς
1772 1487 1839 1537 ἀν
1877 1487 1937 1536 ἐκ
1976 1483 2190 1536 δούλων
2230 1483 2453 1553 λεγομέ-
2478 1494 2666 1541 (4563113

354 1582 466 1616 νων
502 1549 541 1634 ᾗ
576 1569 832 1634 γεγονώς,
875 1569 1068 1638 ὥσπερ
1102 1571 1158 1619 οἱ
1190 1567 1397 1622 πολλοὶ
1420 1567 1729 1636 νομίζουσι,
1768 1568 1915 1621 πολὺ
1945 1569 2004 1622 δὲ
2030 1568 2239 1636 μᾶλλον
2277 1573 2455 1639 ὅσπερ
2497 1578 2541 1620 15

358 1649 732 1719 ἀνελεύθερος
779 1654 874 1704 καὶ
924 1651 1337 1725 δουλοπρεπής.
1421 1662 1532 1707 τῶν
1582 1658 1683 1721 μὲν
1730 1657 1834 1725 γάρ
1884 1654 2193 1723 λεγομένων
2245 1653 2459 1706 δούλων

361 1733 610 1798 πολλοὺς
649 1735 1071 1809 ὁμολογήσομεν
1119 1738 1303 1810 δήπου
1353 1739 1501 1792 εἶναι
1547 1740 1924 1809 ἐλευθερίους,
1964 1748 2076 1792 τῶν
2115 1739 2179 1792 δέ
2211 1756 2272 1808 γε
2311 1739 2460 1792 ἐλευ-

359 1823 552 1891 θέρων
602 1820 852 1886 πολλούς
900 1827 1049 1876 πάνυ
1101 1823 1533 1894 δουλοπρεπεῖς.
1608 1828 1732 1878 ἔστι
1782 1825 1841 1878 δὲ
1893 1829 1971 1888 ὡς
2009 1828 2141 1897 περὶ
2176 1828 2308 1888 τούς
2344 1842 2462 1894 γεν-

359 1908 554 1969 ναίους
590 1910 685 1959 καὶ
721 1911 853 1972 τούς
893 1911 1145 1978 εὐγενεῖς.
1210 1913 1444 1974 τούτους
1467 1913 1572 1982 γὰρ
1614 1914 1671 1963 οἱ
1707 1910 1768 1976 ἐξ
1795 1914 1965 1984 ἀρχῆς
1993 1914 2294 1979 ὠνόμασαν
2331 1913 2463 1973 τούς

359 1993 423 2044 εὖ
447 1997 748 2061 γεγονότας
768 1997 914 2065 πρὸς
941 1997 1158 2067 ἀρετήν,
1189 1995 1350 2048 οὐδὲν
1376 1995 1982 2068 πολυπραγμονοῦντες
2008 1999 2068 2049 ἐκ
2092 1999 2260 2049 τίνων
2288 1998 2459 2048 εἰσίν·
2498 2006 2546 2047 20

360 2081 595 2149 ὕστερον
635 2078 695 2131 δὲ
737 2082 793 2131 οἱ
829 2083 889 2132 ἐκ
925 2088 1037 2133 τῶν
1069 2080 1253 2133 πάλαι
1290 2081 1581 2135 πλουσίων
1606 2085 1701 2135 καὶ
1725 2090 1837 2135 τῶν
1863 2081 2105 2147 ἐνδόξων
2142 2085 2258 2134 ὑπό
2295 2099 2463 2133 τινων

273 2165 341 2216 30
364 2165 604 2232 εὐγενεῖς
640 2163 979 2236 ἐκλήθησαν,
1043 2170 1244 2219 τούτου
1287 2166 1345 2219 δὲ
1387 2173 1619 2238 σημεῖον
1649 2172 2035 2238 σαφέστατον
2074 2170 2174 2220 ἐπὶ
2209 2169 2312 2238 γὰρ
2352 2173 2464 2218 τῶν

364 2246 748 2320 ἀλεκτρυόνων
794 2253 889 2303 καὶ
935 2258 1046 2304 τῶν
1097 2254 1295 2304 ἵππων
1342 2256 1437 2305 καὶ
1484 2260 1595 2306 τῶν
1640 2261 1817 2306 κυνῶν
1867 2252 2110 2320 διέμεινε
2157 2256 2221 2305 τὸ
2267 2257 2462 2321 ὄνομα,

363 2336 556 2405 ὥσπερ
604 2338 700 2393 καὶ
746 2339 846 2389 ἐπὶ
891 2345 1004 2391 τῶν
1049 2340 1378 2408 ἀνθρώπων
1417 2339 1529 2405 εἶχε
1565 2342 1630 2391 τὸ
1671 2338 1935 2392 παλαιόν.
2012 2342 2042 2390 ὁ
2078 2340 2180 2408 γὰρ
2217 2337 2467 2407 <ἶππον>

359 2421 721 2487 θεασάμενος
758 2421 1038 2494 θυμοειδῆ
1084 2426 1180 2476 καὶ
1227 2431 1431 2494 γαῦρον
1469 2427 1563 2476 καὶ
1600 2427 1746 2494 πρὸς
1786 2423 1993 2495 δρόμον
2032 2425 2097 2475 εὖ
2131 2426 2352 2490 ἔχοντα,
2395 2427 2456 2475 οὐ
2495 2431 2542 2473 25

363 2507 696 2573 πυθόμενος
747 2507 861 2559 εἴτε
907 2506 969 2571 ἐξ
998 2500 1298 2579 Ἀρκαδίας
1347 2511 1379 2560 ὁ
1422 2512 1609 2581 πατήρ
1661 2511 1834 2560 αὐτοῦ
1881 2511 2068 2575 ἔτυχεν
2117 2511 2195 2561 ὢν
2243 2509 2357 2561 εἴτε
2405 2512 2466 2561 ἐκ

362 2590 600 2662 Μηδίας
648 2592 761 2645 εἴτε
814 2592 1122 2659 Θετταλός,
1183 2597 1355 2665 φησιν
1404 2596 1589 2667 εὐγενῆ
1639 2598 1736 2647 τὸν
1787 2596 1970 2647 ἵππον
2021 2596 2188 2647 αὐτὸν
2243 2596 2461 2665 κρίνων.

364 2680 578 2745 ὁμοίως
628 2677 686 2729 δὲ
737 2680 799 2741 ὃς
847 2681 914 2731 ἂν
952 2681 1224 2748 ἔμπειρος
1260 2665 1355 2750 <ᾗ>
1390 2687 1595 2745 κυνῶν,
1645 2682 1743 2732 ἐὰν
1792 2683 1928 2732 κύνα
1979 2679 2068 2749 ἴδῃ
2108 2685 2335 2746 ταχεῖαν
2371 2682 2466 2732 καὶ

364 2765 669 2833 πρόθυμον
706 2766 800 2816 καὶ
841 2767 1068 2836 συνετὴν
1107 2767 1241 2835 περὶ
1288 2768 1351 2816 τὸ
1388 2765 1569 2832 ἴχνος,
1621 2767 1793 2816 οὐθὲν
1819 2761 2096 2835 ,ἐπιζητεῖ
2124 2769 2367 2835 πότερον
2406 2767 2465 2816 ἐκ

361 2851 571 2919 Καρῶν
610 2852 674 2904 τὸ
713 2854 871 2918 γένος
908 2852 940 2920 ἢ
980 2853 1248 2902 Λάκαινα
1285 2853 1318 2921 ἢ
1360 2849 1677 2917 ἀλλαχόθεν
1715 2852 1931 2914 ποθέν,
1982 2847 2124 2901 ἀλλά
2167 2864 2311 2920 φησι
2347 2866 2464 2917 γεν-
2501 2857 2550 2899 30

363 2939 527 2988 ναίαν
554 2939 652 3008 τήν
689 2940 852 2989 κύνα·
893 2939 956 2987 τὸ
998 2938 1131 2988 αὐτὸ
1175 2935 1233 2988 δὲ
1261 2944 1426 2988 τοῦτο
1454 2931 1552 2988 ἐπ’
1597 2936 1961 3007 ἀλεκτρυόνος
1997 2937 2091 2987 καὶ
2127 2942 2239 2987 τῶν
2278 2933 2462 2986 ἄλλων

279 3028 340 3079 31
368 3021 542 3091 ζῴων.
608 3024 802 3076 οὐκοῦν
844 3021 1010 3095 δῆλον
1048 3025 1136 3074 ὅτι
1171 3025 1266 3075 καὶ
1303 3016 1398 3073 ἐπ’
1429 3017 1770 3093 ’ἀνθρώπων
1799 3024 1975 3086 οὕτως
2015 3023 2132 3088 ἔχοι
2170 3023 2253 3072 ἄν.
2319 3022 2462 3071 ὥστε
2489 3027 2684 3070 (457ΒΠ)

502 3225 527 3266 2
548 3224 832 3280 μεσσηνίους
852 3220 1065 3275 ἐκείνους
1083 3221 1188 3275 (hoc
1210 3219 1323 3273 ord.)
1341 3219 1381 3264 U
1468 3218 1534 3274 aig·
1553 3213 1615 3265 δι’
1640 3210 1771 3266 ὅσων
1792 3218 1901 3269 UB
1969 3220 1994 3261 3
2018 3211 2177 3263 αὐτῶν
2195 3216 2245 3259 Μ
2333 3220 2357 3259 5
2376 3210 2464 3272 ,τὴν

378 3293 664 3351 Μεσσηνίων
685 3292 721 3336 U
795 3295 820 3336 6
837 3292 1219 3348 λακεδαιμονίοις
1236 3291 1314 3335 UB
1392 3295 1414 3334 7
1434 3286 1740 3344 δουλεύοντες
1755 3289 1837 3334 UB
1913 3283 2047 3348 παρὰ
2062 3286 2463 3343 Λακεδαιμονίοις

369 3363 602 3418 Reiskius,
623 3360 718 3423 γὰρ
739 3359 1111 3420 Λακεδαιμόνιοι
1131 3363 1235 3407 libri
1327 3367 1373 3406 15
1396 3353 1562 3422 ω’σπερ
1580 3379 1606 3408 ο
1623 3359 1880 3421 ἐλεύθερος
1898 3359 2015 3414 libri,
2033 3371 2149 3404 corr.
2166 3356 2377 3402 Reiskius

374 3438 425 3478 18
459 3430 527 3481 ε’τι
559 3434 607 3481 δὲ
634 3425 801 3493 ω’σπερ
832 3430 945 3487 τοὺς
974 3433 1090 3487 libri,
1122 3446 1235 3480 corr.
1267 3433 1401 3490 Emp.
1550 3436 1603 3477 19
1635 3428 1888 3489 ὅνόμασαν
1914 3430 1958 3476 U
1985 3443 2045 3474 m.
2076 3442 2146 3486 pr.
2268 3430 2322 3470 20
2355 3420 2462 3472 οὐδὲ

368 3505 505 3551 UBM
538 3500 673 3552 οὐδὲν
702 3505 740 3549 Τ
857 3509 908 3549 21
942 3505 1067 3552 πάνυ
1095 3518 1178 3561 pro
1209 3503 1358 3552 πάλαι
1387 3503 1447 3562 U;
1478 3504 1650 3549 malim:
1683 3498 2086 3550 παλαιοπλούτων
2228 3494 2324 3542 24‘
2313 3494 2463 3544 ι’ππον

367 3575 472 3620 add.
505 3575 718 3621 Reiskius
854 3579 908 3621 26
939 3571 1197 3634 ἀρκαδείας
1226 3575 1267 3620 U
1298 3589 1355 3621 m.
1386 3588 1457 3632 pr.
1631 3577 1683 3618 27
1717 3576 1863 3633 φασὶν
1891 3572 1933 3618 U
2106 3562 2254 3616 αὐτοῦ
2281 3569 2462 3628 κρίνων

368 3646 515 3700 UBM,
547 3659 662 3691 corr.
695 3646 805 3693 editi
920 3650 973 3691 28
1006 3642 1204 3705 ἔμπιρος
1233 3647 1282 3690 Μ
1398 3639 1428 3706 ᾖ
1457 3647 1562 3691 add.
1592 3645 1727 3691 Dind.
1869 3639 1970 3702 ἥδηι
1999 3641 2042 3687 U
2186 3643 2240 3683 29
2270 3636 2349 3686 ἐπὶ
2380 3652 2462 3695 pro

371 3721 482 3776 περὶ
510 3719 549 3762 Β
670 3721 722 3762 30
754 3715 931 3766 λάκενα
962 3717 1011 3761 Μ
1128 3722 1182 3763 32
1211 3721 1293 3765 καὶ
1321 3723 1427 3775 post
1458 3710 1533 3765 ὅτι
1563 3730 1648 3762 om.
1679 3716 1728 3762 M
