2684 4140
1042 291 1269 339 ORATIO
1300 288 1399 336 LII.
2160 290 2259 337 109

183 445 276 494 καὶ
312 440 637 510 ἐλευθέρια,
688 443 752 491 τό
802 457 861 490 τε
898 445 1000 490 τοῦ
1029 432 1341 498 Ὀδυσσέως
1380 433 1525 486 πολὺ
1566 437 1880 504 πρᾳότερον
1917 437 2011 486 καὶ
2051 433 2262 486 ἁπλού-

188 541 382 597 στερον
429 528 461 596 ἢ
502 527 812 594 πεποίηκεν
851 526 881 574 ὁ
917 520 1257 592 Εὐριπίδης,
1307 524 1370 571 τό
1419 539 1480 572 τε
1516 527 1619 571 τοῦ
1652 517 2058 585 Νεοπτολέμου
2095 522 2264 589 ὑπερ-

184 608 391 677 βάλλον
429 607 709 678 ἁπλότητι
745 610 837 659 καὶ
874 609 1144 675 εὐγενείᾳ,
1195 611 1420 674 πρῶτον
1467 606 1568 670 μὲν
1616 606 1689 674 μὴ
1738 602 2078 671 βουλομένου
2119 602 2262 672 δόλῳ

187 695 282 744 καὶ
319 695 508 760 ἀπάτῃ
550 693 955 761 περιγενέσθαι
993 697 1095 741 τοῦ
1131 689 1505 760 Φιλοκτήτου,
1556 686 1696 739 ἀλλὰ
1748 690 1904 754 ἰσχύϊ
1943 691 2037 740 καὶ
2073 691 2132 740 ἐκ
2169 695 2272 740 τοῦ

129 785 154 826 5
193 782 466 846 φανεροῦ·
521 775 722 825 ἔπειτα
771 777 1039 837 πεισθεὶς
1084 777 1195 826 ὑπὸ
1254 782 1357 825 τοῦ
1394 768 1707 835 Ὀδυσσέως
1761 776 1854 825 καὶ
1908 772 2270 845 ἐξαπατήσας

186 860 353 910 αὐτὸν
389 860 483 909 καὶ
519 864 631 908 τῶν
668 855 846 921 τόξων
885 862 1150 929 ἐγκρατής
1186 863 1502 926 γενόμενος,
1544 859 1892 922 αἰσθομένου
1931 860 2140 910 ἐκείνου
2177 860 2272 910 καὶ

185 945 263 1005 ὡς
311 940 732 1013 ἐξηπατημένου
788 940 1207 1008 σχετλιάζοντος
1265 945 1358 994 καὶ
1416 945 1794 1003 ἀπαιτοῦντος
1852 944 1920 993 τὰ
1969 942 2145 1007 ὅπλα,
2208 944 2269 994 οὐ

182 1030 417 1093 κατέχει,
457 1021 582 1076 ἀλλ’
627 1027 748 1088 οἷός
784 1032 847 1078 τέ
882 1030 1036 1079 ἐστιν
1063 1026 1408 1079 ἀποδιδόναι
1434 1029 1591 1090 αὐτά,
1629 1029 1812 1078 καίτοι
1841 1033 1944 1077 τοῦ
1959 1020 2272 1089 Ὀδυσσέως

186 1115 562 1184 ἐπιφανέντος
603 1114 698 1163 καὶ
737 1110 1176 1176 διακωλύοντος,
1224 1115 1318 1163 καὶ
1355 1110 1514 1173 τέλος
1554 1110 1788 1162 δίδωσιν
1827 1112 1993 1161 αὐτά·
2043 1109 2174 1172 δοὺς
2214 1109 2272 1162 δὲ

107 1205 155 1250 10
189 1196 268 1266 τῷ
307 1195 447 1266 λόγῳ
496 1203 761 1266 πειρᾶται
810 1198 1042 1248 πείθειν
1091 1199 1287 1248 ἑκόντα
1337 1194 1729 1266 ἀκολουθῆσαι
1777 1196 1859 1257 εἰς
1907 1198 2006 1265 τὴν
2048 1197 2272 1263 Τροίαν.

186 1289 289 1334 τοῦ
341 1280 400 1334 δὲ
453 1279 799 1352 Φιλοκτήτου
857 1280 1068 1352 μηδένα
1128 1281 1343 1351 τρόπον
1402 1280 1650 1341 εἴκοντος
1704 1278 1844 1349 μηδὲ
1904 1280 2271 1345 πειθομένου,
2299 1283 2360 1333 17

187 1365 328 1420 ἀλλὰ
355 1365 620 1434 δεομένου
646 1374 749 1418 τοῦ
770 1365 1192 1433 Νεοπτολέμου,
1223 1368 1416 1436 ὥσπερ
1448 1367 1741 1431 ὑπέσχετο,
1769 1366 2082 1432 ἀπαγαγεῖν
2111 1363 2289 1414 αὐτὸν

191 1455 272 1516 εἰς
307 1454 404 1524 τὴν
434 1445 682 1516 Ἑλλάδα,
720 1454 1079 1518 ὑπισχνεῖται
1110 1454 1205 1504 καὶ
1241 1455 1467 1518 ἕτοιμός
1505 1453 1630 1502 ε’στι
1668 1455 1857 1502 ποιεῖν
1895 1456 2078 1514 τοῦτο,
2117 1452 2279 1518 μέχρι

191 1539 490 1608 ἐπιφανεὶς
519 1527 792 1608 Ἡρακλῆς
830 1539 1031 1589 πείθει
1067 1540 1164 1589 τὸν
1194 1535 1543 1608 Φιλοκτήτην
1584 1535 1780 1588 έκόντα
1822 1537 1903 1597 εἰς
1940 1537 2039 1606 τήν
2070 1536 2279 1604 Τροίαν

0 1633 161 1679 31015
195 1620 452 1674 πλεῦσαι.
694 1624 763 1672 τά
802 1640 861 1673 τε
897 1621 1035 1693 μέλη
1078 1624 1174 1673 οὐκ
1212 1624 1325 1688 ἔχει
1363 1620 1509 1673 πολύ
1548 1622 1927 1690 τιὸ-γνωμικὸν
1967 1617 2094 1671 οὐδὲ
2136 1620 2279 1688 πρὸς

199 1708 397 1779 ἀρετὴν
446 1704 829 1778 παράκλησιν,
882 1709 1075 1778 ὥσπερ
1121 1709 1191 1758 τὰ
1239 1715 1343 1759 τοῦ
1388 1699 1729 1777 Εὐριπίδου,
1780 1703 1981 1776 ἡδονὴν
2031 1701 2090 1755 δὲ
2136 1705 2279 1754 θαυ-

194 1794 413 1863 μαστήν
442 1793 536 1843 καὶ
561 1789 1072 1862 μεγαλοπρέπειαν,
1114 1794 1258 1846 ὥστε,
1295 1790 1370 1864 μὴ
1398 1795 1520 1863 εἰκῇ
1541 1798 1776 1844 τοιαῦτα
1817 1792 1949 1858 περὶ
1987 1783 2162 1841 αὐτοῦ
2185 1790 2280 1840 τὸν

191 1870 607 1948 Ἀριστοφάνην
652 1879 956 1947 εἰρηκέναι·

538 1963 570 2012 ὁ
607 1955 663 2013 δ’
706 1962 782 2013 αὖ
811 1960 1167 2033 Σοφοκλέους
1203 1969 1306 2013 τοῦ
1337 1960 1526 2029 μέλιτι
1561 1964 1920 2030 κεχρισμένου

116 2057 168 2100 2⁰
545 2048 737 2116 ὥσπερ
774 2046 1040 2099 καδίσκου
1079 2045 1392 2117 περιέλειχε
1429 2049 1492 2098 τὸ
1533 2045 1729 2112 στόμα.

14 2482 175 2566 jum>
568 2554 573 2558 ι
774 2468 895 2534 (36)
952 2466 1210 2535 ΠΕΡΙ
1265 2466 1734 2534 OMHPOY.

1162 2613 1327 2620 *—

338 2699 398 2758 Ὁ
422 2708 523 2772 μὲν
547 2709 902 2778 Δημόκριτος
927 2711 1059 2779 περὶ
1089 2700 1328 2781 Ὁμήρου
1358 2713 1529 2781 φησὶν
1559 2713 1762 2772 οὕτως·
1789 2704 2034 2780 Ὅμηρος
2063 2711 2307 2779 φύσεως·
2330 2712 2352 2760 1

208 2789 387 2857 λαχὼν
434 2788 752 2864 θεαζούσης
796 2796 980 2846 ἐπέων
1024 2798 1235 2861 κόσμον
1296 2798 1624 2866 ἐτεκτήνατο
1686 2797 2003 2860 παντοίων·
2064 2794 2140 2854 ὡς
2194 2793 2291 2842 οὐκ

206 2877 329 2927 ἐνὸν
367 2878 495 2927 ἄνευ
533 2878 703 2939 θείας
738 2880 831 2930 καὶ
869 2877 1166 2945 δαιμονίας
1206 2882 1431 2950 φύσεως
1469 2882 1647 2941 οὕτως
1684 2877 1826 2930 καλὰ
1853 2881 1947 2929 καὶ
1987 2877 2140 2947 σοφὰ
2180 2877 2289 2945 ἔπη

207 2962 578 3030 ἐργάσασθαι.
670 2961 874 3015 πολλοὶ
922 2962 981 3015 δὲ
1030 2966 1124 3015 καὶ
1170 2962 1335 3015 ἄλλοι
1381 2967 1728 3034 γεγράφασιν
1781 2964 1836 3013 οἱ
1885 2964 1985 3027 μὲν
2036 2963 2294 3030 ἄντικρυς

130 3057 181 3099 25
217 3042 647 3111 ἐγκωμιάζοντες
685 3050 780 3099 τὸν
818 3051 1060 3120 ποιητὴν
1099 3051 1213 3115 ἅμα
1251 3051 1344 3100 καὶ
1372 3047 1665 3119 δηλοῦντες
1691 3049 1812 3098 ἔνια
1840 3053 1950 3110 τῶν
1976 3038 2078 3096 ὑπ’
2125 3047 2297 3096 αὐτοῦ

355 3252 374 3291 1
407 3253 641 3306 exspecto:
672 3251 946 3315 πρᾳότερον
978 3249 1037 3299 ὂν
1151 3256 1175 3296 2
1209 3250 1238 3299 ὁ
1271 3266 1359 3298 om.
1390 3252 1431 3297 U
1546 3258 1573 3298 4
1604 3250 1752 3312 ἰσχύει
1781 3253 1830 3297 Μ
1943 3257 2024 3300 καὶ
2055 3266 2141 3300 om.
2174 3254 2211 3299 U

212 3322 237 3362 6
269 3319 622 3375 αἰσθανομένου
651 3321 691 3365 U
720 3323 824 3375 (litt.
856 3339 917 3368 αν
947 3326 1201 3379 expunctae
1229 3335 1258 3368 a
1288 3326 1420 3377 corr.)
1537 3328 1560 3367 7
1594 3318 1682 3371 οὐκ
1710 3320 1774 3371 ἄν
1803 3325 1946 3384 τείχει
1965 3324 2031 3378 Μ,
2061 3325 2181 3369 unde
2213 3320 2299 3372 οὐκ

211 3382 398 3447 ἀντέχει
429 3390 579 3435 Gasda
714 3395 738 3436 8
771 3387 889 3439 αὐτὰ
920 3405 1007 3438 om.
1039 3393 1074 3437 P
1220 3397 1272 3439 13
1303 3397 1448 3440 τοῦτο
1480 3402 1638 3441 ποιεῖν
1666 3395 1768 3449 (hoc
1798 3396 1913 3451 ord.)
1942 3395 2024 3440 PH
2136 3396 2300 3456 μέχρις

212 3459 333 3502 ΒΡΗ
362 3472 390 3502 a
420 3473 534 3504 corr.
654 3465 706 3506 14
736 3459 966 3522 ἐπιφανὴς
995 3463 1035 3508 U
1065 3477 1122 3508 m.
1153 3477 1222 3521 pr.
1350 3469 1400 3509 15
1434 3460 1542 3512 οὐδὲ
1570 3461 1698 3525 πρὸς
1728 3460 1907 3525 οἷρετὴν
1935 3466 2070 3511 UBM
2100 3462 2209 3514 οὐδὲ
2239 3463 2296 3514 τὸ

209 3525 335 3589 πρὸς
365 3524 536 3590 άρετῆς
565 3532 660 3587 ΡΗ,
690 3528 776 3591 τὴν
803 3538 910 3578 ante
940 3530 1065 3593 πρὸς
1094 3535 1196 3580 add.
1227 3534 1336 3580 editi
1486 3540 1538 3581 18
1569 3530 1868 3597 ἄριστοφάνη
1898 3537 1989 3583 UM
2150 3543 2201 3582 19
2232 3547 2302 3600 τῷ

209 3613 292 3656 pro
323 3605 409 3647 τοῦ
437 3601 494 3656 Η,
528 3615 643 3647 corr.
674 3603 713 3648 U
834 3605 1171 3665 κεχρισμένους
1199 3605 1243 3649 H
1270 3608 1406 3660 (corr.
1434 3610 1528 3662 ·ov)
1673 3606 1719 3654 οἱ
1748 3621 1830 3665 pro
1866 3605 1892 3655 ὃ
1925 3609 1961 3652 Β
2078 3612 2131 3654 20
2160 3625 2302 3656 κεκα-

210 3671 373 3718 δίσκου
402 3673 482 3717 ΡΗ
597 3677 650 3718 22
680 3673 963 3735 θειαζούσης
993 3676 1072 3720 PH
1203 3671 1258 3723 οὗ
1289 3672 1434 3724 κενὸν
1464 3678 1503 3723 U
1649 3682 1701 3724 23
1734 3671 1862 3726 οὕτω
1892 3674 1974 3724 ΡΗ
2117 3683 2170 3725 25
2203 3673 2301 3737 ἅμα

210 3740 260 3787 δὲ
288 3744 370 3788 καὶ
399 3743 478 3787 ΡΗ
591 3742 789 3792 ἐναντία
818 3750 915 3792 τῶν
942 3747 1073 3792 MBU
1105 3761 1161 3791 m.
1192 3760 1261 3804 pr.
