2684 4140
670 256 709 297 7.
756 251 1124 298 SCRIPTORES
1155 251 1399 298 POETAE
1431 252 1808 298 PHILOSOPHI.

224 379 503 436 Pythagoras
534 379 665 424 Samo
696 380 801 423 exul
829 383 1014 436 propter
1050 379 1250 436 tyranni-

288 449 388 493 dem
410 461 438 493 a
460 449 620 494 ceteris
641 448 910 504 hominibus,
939 449 1128 494 maxime
1150 461 1252 494 vero

288 520 335 563 in
365 519 497 564 Italia
526 521 579 563 ut
608 518 717 563 deus
751 518 914 563 colitur
941 518 986 562 11
1018 523 1086 574 82,
1119 523 1158 563 2.

228 589 515 645 Pythagorici
534 589 639 632 dum
659 589 795 633 urbes
815 588 1143 644 administrant,
1164 588 1256 632 Ita-

284 659 422 703 liotae
452 658 607 702 felices
637 658 680 700 11
712 661 782 714 95,
817 662 881 702 11.

229 755 453 800 Rhetores
483 755 741 810 tragoediae
771 759 817 800 et
848 755 1104 801 comoediae
1123 754 1260 799 Dioni

285 824 505 882 gratiores
551 829 657 870 sunt
701 837 835 882 quam
879 826 1110 872 rhetorum
1154 838 1256 870 ora-

286 896 453 951 tiones,
484 894 587 952 quia
616 894 642 953 ἦ
675 896 794 950 λέξις
825 889 913 942 οὐκ
943 890 1259 954 αὐτοσχέδιος,
1283 941 1286 945 ,

289 957 453 1025 ὥσπερ
491 961 518 1024 ἢ
557 968 655 1011 τῶν
696 962 917 1025 ῥητόρων
955 964 1007 1021 ἐξ
1047 963 1260 1025 ὑπογύου

289 1034 348 1082 τὰ
367 1034 520 1082 πολλοὶ
539 1035 847 1092 πειρωμένων
862 1035 1014 1095 λέγειν
1024 1036 1068 1079 ΙΙ
1082 1039 1257 1091 258,15.

231 1148 415 1204 Sappho
448 1150 517 1204 22,
542 1151 581 1193 4.
604 1173 661 1178 —
678 1147 806 1203 frgm.
825 1151 876 1192 32
893 1148 942 1191 P.
959 1148 1012 1193 L.
1029 1148 1097 1191 ΙΙΙ
1113 1162 1157 1204 p.
1180 1151 1259 1192 100

296 1218 364 1263 ed.
387 1222 414 1262 4
443 1217 487 1261 11
505 1221 573 1272 29,
591 1221 629 1261 3.

233 1288 383 1333 Scolia
409 1287 550 1332 attica
579 1288 627 1331 P.
650 1287 704 1331 L.
730 1287 828 1330 111⁴
849 1300 895 1343 p.
920 1290 1001 1331 649
1057 1291 1125 1340 30,
1151 1290 1190 1332 9.

2225 254 2326 303 365

1351 368 1499 437 pidem
1536 380 1581 423 11
1624 383 1728 435 108,
1764 384 1812 423 17
1853 380 2130 425 Philoctetes
2171 382 2327 426 fabula

1355 453 1592 495 enarratur
1631 462 1697 495 or.
1727 449 1813 494 LII
1843 451 1868 506 ξ
1894 455 2070 495 15-17.
2115 476 2168 483 -
2200 448 2326 511 πρὸς

1357 517 1592 578 Αἰσχύλον
1619 520 1730 566 νέου
1750 518 1874 580 πρὸς
1888 520 2092 580 γέροντα
2108 523 2187 567 καὶ
2204 518 2328 581 πρὸς

1357 584 1615 649 Εὐριπίδην
1663 591 1990 651 πρεσβυτέρου
2039 589 2166 649 πρὸς
2211 590 2325 639 νειό-

1357 677 1502 718 τερον
1537 654 1893 719 ἀγωνιζομένου
1930 661 2162 721 μετέσχον
2206 664 2328 717 τινές

1356 730 1404 773 ΙΙ
1429 733 1520 783 105,
1542 733 1583 773 9.
1615 755 1670 762 -
1701 731 1992 776 Trachiniae:
2025 733 2324 778 narrationem

1358 799 1413 843 de
1442 799 1587 844 Nesso
1618 800 1674 844 ab
1708 800 1899 845 Hercule
1930 803 2079 847 occiso
2115 806 2220 848 sunt
2250 805 2325 860 qui

1356 869 1623 925 vituperent,
1653 882 1754 915 cum
1774 870 1946 916 dicant:
1980 870 2076 932 πρὸ
2109 877 2196 919 τοῦ
2223 891 2323 919 και-

1361 943 1449 999 ροῦ
1469 940 1774 996 πεποιηκέναι
1806 937 1891 1000 τὴν
1912 944 2114 997 τοξείαν,
2146 947 2325 1004 διαβαι-

1359 1006 1547 1055 νόντων
1563 1004 1721 1056 αὐτῶν
1736 1006 1802 1057 ἔτι
1818 1012 2157 1068 τὸνποταμόν·
2178 1007 2328 1068 οὕτως

1358 1075 1452 1138 γὰρ
1469 1076 1529 1126 ἄν
1543 1082 1623 1125 καὶ
1639 1076 1723 1137 τὴν
1739 1075 2019 1140 Δηιάνειραν
2046 1078 2327 1137 α’πολέσθαι,

1361 1144 1566 1205 ἀφέντος
1604 1153 1689 1196 τοῦ
1728 1149 2006 1209 Κενταύρου
2043 1153 2087 1196 11
2122 1156 2226 1209 134,
2259 1157 2325 1198 18.

1360 1243 1415 1250 -
1433 1225 1533 1271 τοῖς
1550 1214 1641 1264 ὕπὸ
1662 1221 1971 1277 Σοφοκλέους
1995 1223 2061 1276 εἰς
2086 1218 2173 1268 τὸν
2188 1224 2327 1269 πλοῦ-

1361 1304 1447 1334 τον
1468 1289 1731 1348 εἰρημένοις
1751 1315 1803 1321 -
1827 1283 2076 1351 ἀντείρηκε
2092 1296 2190 1338 τῶν
2206 1289 2329 1339 πάνυ

231 1359 410 1416 Septem
441 1359 668 1415 sapientes
699 1360 796 1403 τῶν
827 1353 946 1402 ἑπτὰ
979 1360 1146 1414 σοφῶν
1176 1353 1284 1437 τὰς,
1361 1358 1645 1416 φιλοσόφων
1675 1375 1743 1413 τις
1773 1363 1960 1416 208,12.

286 1425 481 1488 γνώμας
523 1452 578 1460 -
622 1425 676 1472 ἐν
719 1429 925 1484 Δελφοῖς
972 1422 1283 1485 οἷνατεθῆναιῑ

291 1495 536 1557 πρότερον
563 1497 609 1540 11
641 1500 735 1551 187,
762 1500 826 1541 16.
1281 1504 1284 1576 5

232 1570 404 1626 Sibylla
442 1568 674 1613 oraculum
714 1567 769 1612 de
799 1567 1013 1612 Corintho
1044 1567 1089 1611 ΙΙ
1120 1571 1189 1623 20,
1225 1574 1284 1662 1.,

233 1640 484 1684 Simonides
500 1638 772 1695 epigramma
790 1638 837 1682 in
855 1637 1110 1682 Corinthios
1131 1651 1261 1694 proe-

289 1710 349 1754 lio
388 1709 627 1754 Salaminio
666 1710 865 1752 mortuos
903 1708 946 1751 Il
977 1710 1047 1762 21,
1077 1711 1129 1752 15
1168 1708 1262 1765 epi-

295 1792 494 1836 gramma
523 1780 568 1823 in
599 1778 889 1822 Adimantum
918 1778 1025 1822 ibid.
1060 1781 1128 1822 21.

239 1850 449 1895 Socrates
489 1862 602 1906 puer
647 1848 789 1905 patris
835 1852 977 1892 artem
1022 1847 1177 1893 didicit
1219 1849 1263 1891 II

301 1926 395 1975 115,
416 1923 480 1964 12.
499 1945 553 1952 -
570 1919 749 1976 quidam
766 1918 978 1963 Archelai
998 1918 1264 1974 discipulum

294 1991 435 2035 fuisse
466 1990 620 2034 dicunt
648 1989 694 2032 II
727 1993 820 2042 115,
855 1993 920 2032 17.
962 2013 1015 2020 —
1047 1989 1143 2033 eius
1173 1989 1266 2034 vita

297 2061 524 2106 coloribus
556 2060 734 2116 Cynicis
775 2059 1028 2115 depingitur
1065 2071 1129 2103 or.
1162 2058 1266 2104 LIV

298 2135 322 2184 ,δ
347 2135 458 2175 2-4
488 2130 533 2174 11
552 2133 647 2174 113.
668 2153 723 2162 —-
744 2142 792 2174 se
813 2129 923 2173 nihil
954 2130 1070 2173 scire
1098 2129 1268 2173 fatetur

302 2205 396 2255 158,
415 2204 483 2245 21.
507 2226 559 2232 —
581 2199 893 2257 philosophiae
912 2199 1131 2244 vocabulo
1163 2212 1266 2243 raro

299 2272 528 2326 utebatur,
558 2264 677 2317 ἄλλοι
699 2266 855 2327 μόνον
876 2271 1031 2328 ζητεῖν
1056 2268 1288 2327 ἐκέλευενῚ

300 2334 434 2395 ὅπως
463 2338 632 2400 ἄνδρες
662 2334 842 2399 α’γαθοὶ
872 2337 1062 2386 ἔσονται
1099 2343 1191 2394 187,
1228 2343 1267 2383 3.

299 2439 349 2445 —-
401 2412 520 2468 quod
564 2412 685 2456 solus
736 2410 1107 2467 philosophorum
1150 2409 1289 2455 domi'

300 2481 489 2538 mansit,
525 2481 876 2526 Atheniensibus
906 2494 998 2526 non
1027 2480 1199 2537 profuit
1227 2479 1290 2524 11·

302 2556 373 2608 82,
407 2557 471 2596 13.
502 2577 555 2584 —-
587 2551 664 2597 ἐπὶ
694 2553 890 2605 πολλοὶς
921 2546 1070 2597 αὑτὸν
1098 2549 1291 2608 {Mami-1

300 2626 423 2682 ριζε,
461 2625 541 2668 καὶ
580 2615 654 2668 ὅτι
691 2624 819 2683 ζῷον
854 2621 1050 2681 λογικὸν
1085 2626 1165 2669 καὶ
1197 2615 1272 2669 ὅτι

302 2687 550 2751 Ἀθηναῖος
578 2693 623 2736 11
655 2695 752 2747 152,
783 2696 852 2738 21.
891 2717 944 2725 —·
980 2687 1149 2752 Ἀνύτῳ
1186 2693 1274 2750 μὲν

307 2762 645 2823 διαλεγόμενος
682 2764 901 2821 βυρσέων
930 2761 1161 2821 ἐμέμνητο
1194 2765 1274 2808 καὶ

309 2830 647 2891 σκυτοτόμων,
691 2834 735 2880 εἰ
778 2834 827 2881 δὲ
864 2837 1087 2880 Λυσικλεῖ
1129 2833 1273 2878 διαλέ-

301 2921 462 2964 γοιτο,
500 2899 683 2962 οἷμνίων
719 2907 800 2950 καὶ
837 2905 1047 2950 κωδίων·
1086 2900 1293 2958 Λύκωνιξ

302 2975 351 3021 δὲ
382 2977 524 3020 δικῶν
551 2977 632 3020 καὶ
671 2972 1134 3032 συκοφαντημάτων,
1175 2971 1294 3053 Μέ-1

302 3060 414 3089 νωνι
453 3044 502 3090 δὲ
539 3047 609 3105 τῷ
648 3046 872 3105 Θετταλῷ
907 3045 1015 3099 περὶ
1058 3039 1275 3100 ἐραστῶν

301 3116 381 3158 καὶ
419 3112 672 3170 ἐρωμένων
711 3114 754 3156 ΙΙ
780 3116 874 3167 120,
902 3117 965 3157 15.
998 3137 1048 3142 -
1090 3114 1144 3156 Σ.
1178 3113 1274 3155 δια-

304 3185 522 3241 φθείρειν
551 3181 666 3235 τούς
695 3183 830 3235 νέους
866 3178 1072 3239 ἔφασαν,
1111 3180 1176 3233 εἰς
1214 3179 1268 3225 τὸ

308 3257 448 3299 θεῖον
477 3247 671 3311 ἀσεβεῖν
700 3255 783 3297 etc.
813 3252 859 3295 11
891 3255 985 3306 167,
1018 3254 1085 3294 27.

251 3323 471 3367 Socratici
501 3319 700 3381 χάριτος
730 3324 1039 3379 Σωκρατικῆς
1069 3318 1275 3376 ἄμοιρον

305 3394 350 3436 II
383 3397 479 3449 254,
502 3397 570 3437 20.
604 3417 652 3424 -
684 3391 845 3436 incerti
875 3391 1073 3447 dialogus
1109 3391 1164 3434 de
1193 3402 1274 3444 po-

308 3463 450 3508 tentia
489 3464 728 3507 Persarum
766 3461 883 3517 regis
923 3474 987 3506 or.
1029 3460 1096 3504 111
1126 3463 1151 3515 ς
1178 3463 1198 3504 1
1233 3463 1276 3503 et

252 3537 497 3661 Sossiiocigs’
517 3604 605 3647 fide
624 3603 781 3658 dignus
798 3602 843 3645 ΙΙ
863 3604 957 3656 162,
974 3603 1014 3644 8.
1032 3625 1085 3632 -
1103 3599 1274 3643 medius

310 3675 633 3731 quodammodo
655 3674 769 3718 inter
789 3669 1058 3727 Aeschylum
1079 3671 1124 3713 et
1143 3668 1274 3713 Euri-

1305 1428 1590 1473 Stesichorus
1622 1433 1690 1483 22,
1709 1434 1747 1472 5.
1768 1430 2025 1475 —Homeri
2056 1432 2256 1476 aemulus
2286 1432 2330 1475 ll

1368 1501 1541 1554 116,12.
1560 1524 1614 1531 —
1627 1498 1811 1544 Homeri
1826 1500 2023 1546 imitator
2041 1505 2107 1555 23,
2125 1506 2150 1545 4
2168 1501 2330 1546 Troiae

1362 1568 1581 1612 excidium
1629 1571 1854 1614 enarravit
1897 1571 2003 1616 ibid.
2050 1596 2107 1604 —
2150 1576 2332 1628 propter

1363 1650 1541 1683 carmen
1581 1639 1637 1682 ab
1676 1639 1848 1685 Helena
1890 1643 2100 1686 caecatus
2134 1645 2235 1697 125,
2279 1645 2330 1685 30

1362 1708 1593 1765 paIInodia
1636 1712 1735 1762 126,
1769 1713 1808 1753 2.
1842 1735 1893 1741 —
1936 1714 2004 1771 τῷ
2044 1715 2127 1757 Στ.
2161 1725 2330 1770 ψευσα-

1361 1778 1486 1834 μένῳ
1516 1777 1639 1824 κατὰ
1669 1782 1750 1836 τῆς
1772 1774 1953 1839 Ἑλένης
1974 1775 2030 1827 ού
2052 1778 2331 1839 συνήνεγκεν

1367 1852 1432 1904 19,
1464 1852 1505 1894 4.

1306 1961 1568 2006 Theodorus
1600 1960 1896 2017 (Gadareuus)
1928 1963 1971 2007 11
2003 1966 2098 2017 254,
2133 1967 2196 2006 13.

1309 2029 1536 2084 Theognis
1569 2035 1635 2087 17,
1658 2035 1701 2074 11
1723 2057 1775 2063 -—
1791 2047 1830 2076 v.
1849 2035 1931 2076 432
1978 2037 2017 2088 2,
2041 2038 2104 2078 10.

1310 2100 1628 2157 Theopompus
1668 2105 1766 2147 τῶν
1803 2102 2033 2160 δευτέρων
2062 2103 2105 2146 11
2136 2106 2231 2158 253,
2264 2107 2330 2145 23.

1311 2170 1597 2226 Thucydides
1628 2171 1672 2214 11
1706 2176 1807 2227 112,
1842 2177 1907 2216 14.
1949 2198 2000 2204 --
2044 2171 2214 2216 oratori
2251 2173 2330 2215 im-

1368 2240 1522 2296 primis
1553 2241 1765 2295 legendus
1795 2242 1839 2285 II
1872 2246 1967 2297 253,
1990 2246 2057 2286 23.

1313 2310 1491 2367 Tragici
1520 2311 1604 2367 frg.
1637 2311 1788 2367 adesp.
1823 2315 1875 2356 99
1897 2311 2059 2356 Nauck
2087 2312 2243 2366 11219‚
2268 2315 2333 2354 20.

1314 2381 1660 2436 Tragoediarum
1700 2387 1850 2437 partes
1895 2382 2110 2426 iambicae
2144 2384 2335 2435 tantum,

1370 2452 1544 2496 omissis
1562 2452 1761 2504 canticis,
1780 2452 1936 2496 Dionis
1958 2456 2102 2496 aetate
2119 2452 2161 2494 in
2172 2463 2333 2495 scaena

1371 2526 1566 2577 aguntur
1595 2523 1640 2566 ΙΙ
1670 2527 1767 2579 258,
1801 2526 1866 2567 19.

1288 2592 1535 2648 1Τ)ἰ·1ειθη3
1568 2596 1635 2648 22,
1670 2597 1735 2637 13.

1315 2704 1538 2760 Xenopho
1571 2705 1780 2748 exulabat
1810 2702 1882 2750 διὰ
1913 2699 1998 2761 τὴν
2025 2697 2145 2758 μετὰ
2183 2697 2337 2758 Κύρου

1374 2776 1643 2831 στρατείαν,
1661 2787 1761 2817 cum
1771 2772 1992 2827 Diogenes
2004 2772 2202 2814 Athenas
2219 2770 2337 2813 venit

1375 2849 1444 2899 95,
1462 2848 1529 2888 29.
1562 2868 1613 2874 -—
1638 2841 1807 2887 oratori
1836 2840 2108 2885 instituendo
2139 2840 2332 2883 omnium

1373 2912 1634 2956 utilissimus
1666 2925 1729 2956 or.
1745 2911 1896 2955 XVIII
1926 2912 2147 2965 §14—17.
2178 2910 2336 2964 11254,

1374 2986 1443 3027 25.
1479 3007 1529 3014 —
1559 2980 1804 3025 Memorab.
1835 2981 1895 3024 IV
1915 2984 1954 3036 4,
1974 2984 2072 3035 5sq.
2106 2983 2173 3035 38,
2190 2984 2229 3023 4.

1316 3110 1434 3153 Zeno
1467 3107 1704 3151 Cleanthes
1736 3106 2035 3162 Chrysippus,
2075 3117 2337 3161 quamquam

1373 3178 1427 3222 iis
1458 3177 1629 3233 placuit
1662 3168 1734 3222 ὅτι
1765 3179 1835 3221 δεῖ
1863 3173 1946 3234 τὴν
1966 3177 2169 3235 πατρίδα
2201 3178 2338 3230 τιμᾶν

1373 3251 1454 3294 καὶ
1482 3250 1590 3306 περὶ
1620 3248 1842 3292 πλείστου
1878 3250 2120 3292 ποιεῖσθαι
2149 3247 2229 3290 καὶ
2259 3237 2338 3289 ὅτι

1375 3314 1602 3377 πράττειν
1632 3313 1689 3363 τὰ
1719 3312 1856 3363 κοινὰ
1893 3319 1972 3362 καὶ
2009 3312 2338 3362 πολιτεύεσθαι

1375 3392 1443 3448 τῷ
1465 3384 1709 3448 ἀνθρώπῳ
1730 3386 1851 3434 κατα
1876 3383 2014 3443 φύσιν
2030 3385 2173 3439 ἐστίν,
2194 3389 2341 3427 tamen

1373 3457 1546 3514 patrias
1567 3458 1844 3513 reliquerunt
1859 3458 1903 3500 ΙΙ
1920 3461 1986 3514 81,
2007 3459 2045 3499 2.
2064 3480 2117 3487 —-
2137 3452 2340 3498 Citiensis

1374 3528 1585 3587 γέγραφε
1627 3527 1675 3574 δὲ
1713 3530 1792 3573 καὶ
1822 3532 1873 3573 Ζ.
1916 3522 1941 3572 ὃ
1982 3522 2248 3583 φιλόσοφος
2277 3518 2342 3574 εἴς

1375 3615 1426 3645 τε
1456 3594 1540 3656 την
1571 3591 1735 3644 Ἰλιάδα
1757 3599 1835 3643 καὶ
1855 3594 1940 3655 τὴν
1959 3591 2234 3647 Ὀδύσσειαν,
2262 3594 2339 3638 καὶ

1376 3671 1484 3726 περὶ
1523 3672 1610 3715 τοῦ
1651 3668 1905 3727 Μαργίτου
1943 3666 2008 3712 δέ.
2046 3690 2100 3699 -
2140 3660 2165 3710 ὃ
2205 3663 2253 3709 δὲ
2289 3665 2341 3706 Ζ.
