2684 4140
1026 297 1252 372 ORATIO
1281 297 1491 345 XXXVI.
2266 295 2296 343 5

217 448 310 497 καὶ
341 438 595 510 Ἀχιλλέα
635 449 868 495 τοιαῦτα
909 446 1186 505 εἰπόντος.
1263 446 1295 495 ὁ
1331 444 1432 510 μὲν
1468 444 1572 513 γὰρ
1610 443 1751 504 θεὸς
1786 447 1943 512 ήμῶν
1991 443 2171 504 ἐστιν,
2222 441 2299 502 ὡς

219 529 369 598 ὁρᾷς,
410 532 440 580 ὁ
479 527 537 580 δὲ
575 529 669 579 καὶ
697 524 890 593 σχεδόν
917 547 972 580 τι
996 530 1136 595 μετὰ
1175 530 1306 590 τούς
1342 529 1517 589 θεοὺς
1554 531 1801 593 τιμᾶται.
1861 527 2009 595 κάγὼ
2051 520 2299 595 πραῧναι

216 611 554 680 βουλόμενος
593 613 786 675 αὐτόν,
827 613 941 678 ἅμα
982 612 1040 664 δὲ
1081 614 1182 664 ἐπί
1217 631 1274 665 τι
1305 614 1580 683 χρήσιμον
1619 613 1860 679 ἀγαγεῖν,
1898 612 2300 681 Παραιτοῦμαί

223 711 308 758 σε,
359 697 551 761 εἶπον,
600 689 740 746 καθ’
781 690 1024 766 Ὅμηρον
1066 699 1386 766 συγγνώμην
1425 698 1568 761 ἔχειν
1604 712 1732 762 μοι,
1784 695 1879 756 »εἴ
1908 714 1965 747 τι
2001 697 2167 746 κακὸν
2206 702 2298 746 νῦν

159 791 183 832 5
219 780 491 851 εἴ“ρηται.
558 780 730 842 αὖθις
765 783 868 849 γάρ
908 797 1048 832 ποτε
1087 781 1513 847 ἐπαινεσόμεθα
1545 774 1801 845 Ἀχιλλέα
1839 798 1900 832 τε
1934 782 2029 832 καὶ
2053 774 2298 851 (Όμηρον
2376 787 2393 805 ⁸

0 912 6 957 ι
214 868 318 917 ὅσα
369 863 528 916 δοκεῖ
555 868 685 932 ἡμῖν
735 866 927 934 ὀρθῶς
966 863 1157 934 λέγειν.
1232 867 1295 915 τὸ
1347 863 1406 915 δὲ
1446 867 1630 934 παρὸν
1670 869 1939 917 σκεπτέον
1989 867 2056 916 ἂν
2105 865 2189 936 ειή
2230 867 2292 916 τὸ
2320 865 2384 916 15

215 957 318 1000 τοῦ
365 947 722 1001 Φωκυλίδου·
784 951 862 1011 ὡς
907 951 1034 1016 ἐμοὶ
1083 947 1242 1000 δοκεῖ
1284 947 1506 1019 σφόδρα
1554 946 1738 1010 καλῶς
1788 946 1963 1016 λέγειν
2010 951 2152 1019 ὑπὲρ
2202 957 2301 1020 τῆς

18 1047 53 1082 81
79 1046 114 1081 R
136 1045 188 1087 ΙΙ)
217 1032 454 1095 πόλεως.
529 1037 754 1095 Σκόπει,
793 1035 920 1104 ἔφη,
959 1034 1087 1085 ἐπεὶ
1120 1034 1214 1084 καὶ
1239 1031 1439 1084 τούσδε
1467 1031 1604 1102 ὁρᾷς
1629 1035 1849 1093 πάντας
1876 1034 2301 1099 ἐπιθυμοῦντας

219 1119 457 1169 ἀκοῦσαί
483 1132 582 1170 σου
609 1120 702 1170 καὶ
728 1117 822 1170 διὰ
849 1124 1013 1168 τοῦτο
1044 1119 1478 1186 συνερρυηκότας
1518 1115 1679 1185 δεῦρο
1719 1119 1864 1186 πρὸς
1901 1119 1997 1167 τὸν
2025 1121 2299 1183 ποταμόν,

138 1211 184 1254 10
218 1204 406 1254 καίτοι
444 1204 506 1253 οὐ
548 1201 769 1272 σφόδρα
808 1203 1111 1271 ἀθορύβως
1147 1202 1391 1266 ἔχοντας.
1455 1199 1634 1250 οἶσθα
1672 1201 1776 1270 γὰρ
1817 1198 1999 1270 δήπου
2039 1204 2127 1252 ὅτι
2158 1203 2302 1267 χθὲς

219 1290 273 1337 οἱ
308 1289 528 1339 Σκύθαι
566 1285 1019 1356 προσελάσαντες
1055 1285 1407 1354 μεσημβρίας
1444 1286 1576 1345 τούς
1612 1288 1714 1350 μέν
1765 1302 1923 1346 τινας
1967 1286 2301 1337 ἀπέκτειναν

215 1377 324 1422 τῶν
367 1376 591 1422 σκοπῶν
632 1372 694 1421 οὐ
733 1374 1142 1440 προσέχοντας,
1194 1370 1325 1430 τούς
1365 1367 1423 1419 δὲ
1463 1364 1837 1439 ἐζωγρήκασιν
1878 1368 2043 1431 ἴσως·
2096 1371 2158 1420 οὐ
2197 1372 2300 1440 γάρ

215 1472 306 1505 πω
356 1455 720 1521 ἐπιστάμεθα
773 1453 866 1505 διὰ
916 1457 979 1504 τὸ
1027 1458 1375 1524 μακροτέραν
1415 1455 1607 1516 αὐτοῖς
1644 1456 1916 1522 γενέσθαι
1965 1455 2065 1525 τὴν
2106 1454 2300 1523 φυγήν,

214 1541 316 1590 ἅτε
343 1540 405 1589 οὐ
433 1541 578 1609 πρὸς
603 1541 700 1610 τὴν
729 1537 897 1590 πόλιν
926 1542 1243 1610 φεύγουσιν.
1405 1536 1471 1609 ἦν
1512 1537 1571 1589 δὲ
1610 1538 1689 1607 τῴ
1730 1541 1848 1591 ὄντι
1886 1546 2061 1590 ταῦτα
2103 1540 2296 1605 οὕτως,
2324 1540 2387 1593 16

137 1634 181 1674 15
216 1625 308 1676 καὶ
346 1625 412 1675 αἵ
443 1641 503 1675 τε
540 1622 718 1676 πύλαι
758 1622 1134 1692 συγκέκλειντο
1172 1626 1352 1675 καὶτὸ
1383 1628 1614 1694 σημεῖον
1639 1622 1774 1695 ἦρτο
1814 1626 1913 1675 ἐπὶ
1949 1630 2053 1675 τοῦ
2085 1625 2302 1688 τείχους

215 1710 277 1759 τὸ
318 1706 639 1774 πολεμικόν.
725 1702 852 1759 ἀλλ’
904 1712 1056 1776 ὅμως
1106 1711 1283 1770 οὕτως
1331 1706 1473 1778 ἦσαν
1525 1707 1790 1779 φιλήκοοι
1837 1711 1931 1760 καὶ
1979 1707 2057 1776 τῴ
2107 1710 2300 1778 τρόπῳ

43 1805 122 1848 (442
142 1786 473 1862 Μ)Ἕλληνες,
515 1795 658 1845 ὥστε
694 1800 898 1863 μικροῦ
934 1792 1050 1845 δεῖν
1089 1796 1337 1855 ἅπαντες
1374 1802 1637 1864 παρῆσαν
1674 1796 1732 1845 ἐν
1770 1798 1892 1855 τοῖς
1918 1791 2136 1856 ὅπλοις,
2175 1794 2303 1860 βου-

218 1876 443 1944 λόμενοι
480 1879 716 1929 ἀκούειν.
779 1879 927 1945 κάγώ
969 1880 1243 1946 ἀγάμενος
1270 1879 1451 1930 αὐτῶν
1477 1881 1575 1950 τὴν
1603 1879 1951 1948 προθυμίαν,
1990 1875 2303 1941 Βούλεσθε,

218 1964 378 2033 ἔφην,
403 1958 781 2028 καθιζώμεθα
811 1964 990 2024 ἰόντες
1016 1979 1120 2014 ποι
1144 1971 1245 2034 τῆς
1272 1961 1493 2025 πόλεως
1504 1983 1523 2026 ,·
1560 1967 1723 2030 τυχὸν
1751 1966 1853 2034 γὰρ
1882 1970 1975 2015 νῦν
2005 1964 2067 2014 οὐ
2095 1965 2304 2023 πάντες

138 2055 185 2096 20
223 2049 432 2113 ὁμοίως
461 2048 757 2098 ἀκούουσιν
783 2049 840 2098 ἐν
867 2046 946 2115 τῷ
972 2045 1237 2115 βαδίζειν,
1266 2042 1394 2099 ἀλλ’
1428 2051 1483 2099 οἱ
1509 2050 1756 2100 ὄπισθεν
1784 2051 2086 2118 πράγματα
2115 2048 2305 2112 ἔχουσι
2390 2101 2392 2104 ,

216 2134 309 2183 καὶ
345 2136 655 2201 παρέχουσι
694 2137 815 2194 τοῖς
854 2134 964 2202 πρὸ
1006 2134 1203 2196 αὐτῶν,
1246 2131 1584 2195 σπεύδοντες
1622 2135 1893 2203 ἐγγυτέρω
1939 2130 2301 2203 προσελθεῖν.

217 2219 292 2278 ὡς
342 2214 399 2267 δὲ
448 2223 610 2266 τοῦτο
662 2216 851 2280 εἶπον,
910 2217 1083 2278 εὐθύς
1135 2219 1399 2288 ὥρμησαν
1449 2220 1697 2280 ἅπαντες
1755 2219 1837 2280 εἰς
1894 2220 1957 2269 τὸ
2009 2224 2112 2267 τοῦ
2157 2218 2299 2278 Διὸς
2323 2221 2388 2270 17

218 2303 391 2369 ἱερόν,
441 2299 614 2370 οὕπερ
660 2302 910 2353 εἰώθασι
958 2299 1352 2368 βουλεύεσθαι.
1427 2305 1522 2355 καὶ
1561 2305 1615 2354 οἱ
1651 2305 1753 2370 μὲν
1792 2304 2177 2373 πρεσβύτατοι
2212 2304 2306 2354 καὶ

217 2387 271 2435 οἱ
295 2387 720 2455 γνωριμώτατοι
738 2388 831 2438 καὶ
858 2389 914 2436 οἱ
939 2389 997 2438 ἐν
1023 2393 1149 2449 ταῖς
1175 2390 1372 2457 ἀρχαῖς
1389 2386 1566 2456 κύκλῳ
1594 2384 1899 2451 καθίζοντο
1921 2389 2020 2439 ἐπὶ
2036 2388 2302 2456 βάθρων·

135 2479 183 2520 25
219 2472 280 2520 τὸ
322 2468 380 2522 δὲ
423 2468 624 2521 λοιπὸν
664 2469 891 2542 πλῆθος
916 2474 1311 2543 ἐφεστήκεσαν.
1374 2471 1440 2543 ἦν
1477 2475 1580 2544 γὰρ
1622 2474 1928 2543 εὐρυχωρία
1968 2470 2147 2542 πολλὴ
2191 2474 2302 2540 πρὸ

214 2562 316 2605 τοῦ
361 2557 482 2606 νεώ.
568 2558 715 2607 πάνυ
768 2557 861 2608 οὖν
912 2559 979 2609 ἄν
1028 2576 1114 2620 τις
1161 2560 1315 2628 ἥσθη
1355 2567 1424 2628 τῇ
1464 2560 1600 2626 ὄψει
1642 2555 1964 2628 φιλόσοφος
2003 2559 2167 2627 ἀνήρ,
2217 2559 2305 2607 ὅτι

217 2642 463 2701 ἅπαντες
487 2638 629 2710 ἦσαν
655 2644 751 2693 τὸν
777 2643 1008 2711 ἀρχαῖον
1035 2645 1265 2712 τρόπον,
1307 2644 1382 2704 ὥς
1411 2656 1585 2713 φησιν
1601 2637 1847 2713 Ὅμηρος
1872 2637 2302 2712 τούςἝλληνας,

215 2730 493 2790 κομῶντες
528 2728 622 2777 καὶ
658 2727 726 2777 τὰ
765 2731 948 2794 γε’νεια
989 2730 1313 2798 ἀφεικότες,
1352 2728 1433 2789 εἷς
1475 2726 1532 2779 δὲ
1573 2730 1631 2780 ἐν
1672 2730 1864 2790 αὐτοῖς
1901 2731 2074 2795 μόνος
2112 2726 2303 2796 ἐξυρη-

213 2813 394 2874 μένος,
432 2811 525 2862 καὶ
562 2817 758 2862 τοῦτον
797 2810 1119 2882 ἐλοιδόρουν
1157 2830 1216 2863 τε
1254 2814 1347 2863 καὶ
1384 2814 1614 2879 ἐμίσουν
1656 2815 1917 2875 ἅπαντες.
1981 2811 2199 2880 ἐλέγετο
2241 2810 2299 2863 δὲ

30 2902 182 2947 RH)30
219 2895 314 2944 οὐκ
352 2892 534 2956 ἄλλως
580 2903 745 2947 τοῦτο
784 2895 1163 2967 ἐπιτηδεύειν,
1211 2894 1351 2947 ἀλλά
1389 2895 1702 2948 κολακεύων
1734 2891 2038 2963 Ῥωμαίους
2073 2899 2167 2948 καὶ
2202 2898 2301 2966 τὴν

217 2981 361 3048 πρὸς
400 2981 600 3041 αὐτούς
641 2979 836 3051 φιλίαν
863 2980 1343 3047 ἐπιδεικνύμενος·
1385 2983 1528 3033 ὥστε
1556 2980 1700 3033 εἶδεν
1741 2984 1807 3032 ἄν
1834 2999 1921 3042 τις
1946 2974 2045 3031 ἐπ’
2088 2983 2299 3032 ἐκείνου

217 3065 278 3112 τὸ
307 3065 535 3132 αἰσχρὸν
561 3071 663 3115 τοῦ
687 3068 1017 3135 πράγματος
1041 3069 1135 3118 καὶ
1163 3064 1379 3135 οὐδαμῇ
1407 3069 1629 3133 πρέπον
1657 3063 1941 3134 ἀνδράσιν.
2082 3068 2210 3118 ἐπεὶ
2237 3064 2295 3117 δὲ
2321 3069 2389 3122 18

217 3149 415 3214 ἡσυχία
436 3150 669 3214 ἐγένετο,
697 3149 860 3200 εἷπον
887 3153 974 3201 ὅτι
1002 3149 1231 3201 δοκοῦσί
1253 3166 1353 3215 μοι
1379 3150 1571 3219 ὀρθῶς
1597 3154 1802 3213 ποιεῖν,
1831 3147 1999 3201 πόλιν
2023 3153 2301 3212 οἰκοῦντες

362 3398 386 3438 3
417 3399 685 3455 παρακαλῶ
713 3412 767 3443 σε
797 3396 835 3439 Τ
949 3403 977 3444 4
1007 3395 1059 3445 εἴ
1078 3415 1122 3446 τι
1152 3402 1237 3444 etc.
1269 3402 1377 3443 sunt
1405 3397 1543 3443 verba
1570 3397 1703 3444 Hom.
1731 3399 1785 3445 Il.
1818 3403 1857 3446 A
1888 3403 1970 3446 362
2102 3405 2126 3446 6
2158 3416 2300 3448 σκεπ-

218 3473 356 3512 ταῑον
386 3465 435 3510 Μ
582 3470 633 3511 12
673 3470 898 3514 σκοπτῶν
925 3468 976 3513 Μ
1122 3473 1173 3513 15
1210 3466 1353 3528 ἤρετο
1385 3469 1434 3512 Μ
1581 3473 1632 3514 16
1671 3471 1881 3529 φιλίκοοι
1912 3471 1962 3515 Μ
2114 3475 2183 3534 τῷ
2213 3485 2301 3518 0111.

217 3537 340 3583 UBT
461 3542 509 3583 19
541 3534 618 3584 ἰόν
647 3538 699 3585 τέ
728 3555 811 3585 ποι
843 3539 881 3583 Τ
1026 3544 1079 3584 20
1110 3535 1339 3588 ἀκούουσι
1369 3540 1458 3585 ΒΜ
1601 3545 1651 3585 21
1686 3534 2038 3599 σπουδάζοντες
2066 3542 2188 3588 UBT

219 3612 271 3653 25
303 3605 427 3666 πρὸς
456 3612 544 3656 τοῦ
572 3609 612 3655 U
729 3614 782 3655 26
813 3606 874 3658 ἄν
903 3623 986 3656 0111.
1018 3611 1067 3654 M
1163 3616 1213 3656 27
1245 3608 1374 3672 ἦγων
1403 3625 1485 3669 pro
1515 3604 1637 3670 ἦσαν
1664 3612 1714 3656 Μ
1800 3617 1899 3660 τῶν
1929 3608 2148 3674 ἀρχαίων
2177 3613 2216 3658 Τ

218 3682 270 3724 28
301 3674 550 3739 ἀφηκότες,
573 3680 612 3726 U
641 3694 695 3725 m.
727 3694 794 3738 pr.
829 3681 929 3739 BT3
959 3679 1244 3737 καθεικότες
1275 3682 1471 3729 Cobetus
1597 3687 1650 3728 30
1684 3679 1740 3731 οὗ
1769 3689 1928 3740 καλῶς
1958 3684 2007 3728 Μ
2150 3688 2302 3732 κωλα-

215 3743 366 3798 κεύειν
397 3752 434 3797 U
551 3758 602 3796 32
633 3750 690 3799 τὸ
723 3749 925 3813 αἰσχρὸν
954 3765 1038 3798 om.
1068 3754 1149 3799 UT
1266 3757 1318 3799 33
1351 3753 1397 3801 οἳ
1425 3753 1566 3802 πόλιν
1594 3754 1715 3801 UBT
