2684 4140
1051 269 1278 314 ORATIO
1308 268 1516 314 LXXIII.
2227 267 2326 314 191

237 419 493 487 χρήματα
543 415 754 480 ἔχοντι,
806 415 868 476 ὃς
905 415 1047 484 ὑπὲρ
1099 407 1274 465 αὐτοῦ
1319 416 1417 485 τὴν
1467 409 1666 483 ζημίαν
1712 411 1982 481 κατέβαλε
2020 414 2088 463 τὰ
2129 414 2330 483 πεντή-

241 519 408 553 κοντα
457 497 717 550 τάλαντα.
799 500 986 550 καίτοι
1022 500 1221 565 Κίμων
1266 500 1497 567 ὕστερον
1530 491 1866 568 Ἀθηναίοις
1903 499 2138 567 Κύπρον
2177 499 2332 567 ἐκτή-

247 600 386 637 σατο
422 586 516 636 καὶ
553 580 693 654 πεζῇ
732 586 845 650 ἅμα
883 584 976 634 καὶ
1011 585 1204 635 ναυσὶν
1242 585 1460 653 ἐνίκησε
1497 585 1628 644 τοὺς
1653 584 1971 652 βαρβάρους
2009 584 2142 649 περὶ
2166 583 2329 648 Παμ-

243 668 478 740 φυλίαν·
517 660 639 718 ἀλλ’
684 670 836 734 ὅμως
871 670 968 718 τὸν
1005 674 1262 719 τοιοῦτον
1301 661 1470 719 αὐτὸν
1509 670 1640 719 ὄντα
1676 670 1770 719 καὶ
1807 670 2066 718 τοιούτου
2094 670 2328 732 πατρός,

15 816 16 822 ¹
183 765 206 804 5
245 755 296 805 εἰ
331 755 405 823 μὴ
440 755 741 822 χρημάτων
780 746 1117 822 εὐπόρησεν,
1167 754 1368 818 ἄτιμον
1405 750 1532 821 <ἂν>
1568 752 1698 804 εἴων
1736 755 1794 804 ἐν
1832 759 1900 822 τῇ
1939 750 2119 804 πόλει.
2199 756 2325 803 Φω·
2367 757 2396 806 7

15 824 17 894 F
238 839 412 888 κίωνα
453 834 511 886 δὲ
550 837 781 904 ὕστερον
820 839 915 886 τὸν
952 839 1094 906 ὑπὲρ
1135 834 1473 907 ὀγδοήκοντα
1514 838 1608 907 ἔτη
1648 838 1964 903 βιώσαντα,
2016 840 2228 888 τούτων
2270 836 2328 889 δὲ

239 922 308 971 τὰ
358 918 538 970 πλείω
591 922 1047 990 στρατηγήσαντα
1094 923 1188 971 καὶ
1236 924 1334 991 τὴν
1392 919 1563 972 πόλιν
1628 919 2051 991 διαφυλάξαντα
2101 923 2159 973 ἐν
2210 927 2332 982 τοῖς

0 886 6 1084 Ι
234 1003 663 1071 χαλεπωτάτοις
695 1008 915 1072 καιροῖς
938 1007 1032 1055 καὶ
1051 1007 1294 1074 χρηστὸν
1319 999 1425 1055 ὑπ’
1458 999 1640 1056 αὐτῶν
1667 1007 1890 1056 ἐκείνων
1919 1008 2331 1072 ὀνομασθέντα,

14 1148 16 1154 .
237 1095 435 1140 τοῦτον
463 1081 559 1138 οὐκ
583 1089 811 1157 ἤρκεσεν
834 1082 1026 1150 αὐτοῖς
1046 1090 1378 1140 ἀποκτεῖναι
1397 1093 1585 1154 μόνον,
1614 1081 1740 1139 ἀλλ’
1774 1084 1901 1140 οὐδὲ
1922 1093 2112 1160 νεκρὸν
2135 1091 2330 1142 εἴασαν

14 1160 144 1258 ἔωθῶΒ
160 1183 204 1226 10
240 1176 298 1225 ἐν
336 1180 404 1243 τῇ
431 1165 671 1242 Ἀττικῇ,
710 1167 837 1222 ἀλλ’
879 1174 1022 1241 ὑπὲρ
1061 1175 1191 1234 τοὺς
1229 1176 1392 1242 ὅρους
1418 1171 1698 1240 ἐξέβαλον.
1760 1176 1965 1235 Νικίας
2006 1173 2064 1225 δὲ
2104 1177 2134 1225 ὁ
2159 1178 2330 1245 Νικη-

14 1261 17 1346 Ι
240 1261 411 1329 ράτου
462 1252 575 1326 [διὰ
626 1259 689 1307 τὸ
729 1259 1113 1308 πιστεύεσθαι
1148 1259 1261 1308 ὑπὸ
1301 1264 1411 1309 τῶν
1461 1253 1759 1326 πολιτῶν],
1810 1260 2194 1324 ἐπιστάμενος
2232 1263 2331 1329 τὴν

18 1368 20 1371 ’
237 1348 295 1396 ἐν
331 1341 558 1411 Σικελίᾳ
600 1344 896 1411 στρατείαν
937 1344 1029 1392 οἵα
1068 1343 1258 1393 ἔσοιτο
1296 1345 1390 1393 καὶ
1427 1344 1544 1393 ἀπὸ
1584 1350 1686 1393 τοῦ
1732 1343 1880 1393 θεοῦ
1924 1345 2018 1394 καὶ
2067 1342 2145 1411 τῷ
2187 1341 2332 1410 λογί-

238 1423 467 1489 ζεσθαι,
518 1429 668 1492 ὅμως
714 1428 1042 1497 ἠναγκάσθη
1098 1429 1561 1497 στρατεύσασθαι
1610 1434 1791 1478 νοσῶν
1846 1426 1939 1478 διὰ
1988 1430 2086 1499 τὴν
2136 1430 2333 1479 πίστιν

237 1514 456 1581 ταύτην.
523 1514 616 1563 καὶ
654 1513 705 1562 εἰ
740 1514 841 1578 μὲν
881 1510 1189 1579 ἀποβαλών
1227 1515 1325 1584 τὴν
1367 1514 1635 1582 στρατιὰν
1672 1514 1704 1583 ἢ
1744 1517 1915 1582 μέρος
1955 1507 2127 1584 αὐτῆς
2166 1505 2334 1574 αὐτὸς

161 1607 207 1650 15
244 1603 374 1664 γοῦν
412 1598 635 1667 ἐσώθη,
687 1595 853 1668 δῆλον
891 1600 979 1648 ὅτι
1019 1597 1165 1649 οἴκοι
1203 1600 1545 1668 ἀφικόμενος
1593 1595 1882 1649 ἀπολώλει
1929 1600 2012 1649 ἂν.
2098 1600 2226 1649 ἐπεὶ
2275 1597 2332 1649 δὲ

238 1688 403 1732 τοῦτο
442 1680 609 1743 εἰδὼς
647 1680 1064 1752 προσελιπάρει
1100 1686 1287 1734 πάντα
1319 1687 1550 1753 τρόπον,
1592 1681 1837 1753 ληφθεὶς
1874 1684 1987 1733 ὑπὸ
2016 1689 2126 1734 τῶν
2167 1682 2333 1734 πολε-

236 1768 382 1832 μίων
419 1774 583 1817 τοῦτο
623 1768 860 1818 ἔπαθεν.
1004 1769 1098 1818 καὶ
1134 1774 1308 1818 ταῦτα
1346 1770 1472 1834 ἐμοὶ
1510 1770 1642 1838 περὶ
1677 1775 1812 1834 μιᾶς
1850 1765 2071 1828 πόλεως
2110 1767 2329 1838 εἴρηται
2368 1773 2399 1823 8

237 1854 331 1902 καὶ
366 1859 477 1903 τῶν
517 1855 574 1903 ἐν
611 1852 718 1921 μιᾷ
756 1851 924 1904 πόλει
950 1851 1419 1919 πολιτευομένων,
1461 1847 1587 1904 οὐδὲ
1615 1856 1828 1904 τούτων
1857 1855 2140 1903 ἁπάντων.
2205 1855 2336 1914 τούς

241 1936 298 1988 δὲ
340 1939 495 2007 παρὰ
533 1943 655 2000 τοῖς
693 1940 985 2007 τυράννοις
1024 1937 1324 2001 δοκοῦντας
1363 1942 1604 2001 πιστοὺς
1653 1941 1703 1990 εἰ
1753 1937 2041 2005 ἐπεξίοιμι
2094 1939 2228 1989 οἵων
2269 1936 2331 2008 δὴ

151 2034 201 2075 20
238 2025 583 2093 τετυχήκασι,
623 2022 850 2075 πολλῶν
889 2025 956 2075 ἂν
996 2024 1135 2086 ἴσως
1170 2041 1271 2090 μοι
1311 2023 1509 2094 δεήσαι
1536 2027 1683 2075 πάνυ
1709 2028 1944 2093 ήμερῶν.
2013 2022 2206 2088 σχεδὸν
2232 2024 2335 2092 γὰρ

71 2120 152 2162 (885
172 2121 222 2161 Μ)
239 2111 304 2158 τό
330 2123 389 2175 γε
434 2109 694 2178 σωθῆναι
721 2109 964 2170 ἐκείνους
1002 2106 1276 2159 ἀδύνατόν
1315 2111 1485 2159 ἐστιν.
1554 2110 1611 2159 οἳ
1633 2111 1733 2174 μὲν
1759 2109 1861 2177 γάρ
1891 2110 1956 2158 ἂν
1998 2110 2338 2176 παράσχωσι

237 2185 379 2242 καθ’
424 2194 604 2243 αὐτῶν
645 2194 860 2256 αἰτίαν,
913 2194 989 2254 ὡς
1040 2191 1435 2263 ἀδικήσαντες,
1491 2191 1584 2243 διὰ
1634 2199 1798 2243 τοῦτο
1851 2190 2198 2242 ἀπόλλυνται
2245 2194 2338 2242 καὶ

241 2271 340 2328 οὐκ
387 2279 541 2328 ἔστιν
591 2269 857 2344 οὐδεμιᾶς
908 2280 1231 2348 συγγνώμης
1279 2283 1490 2343 τυχεῖν·
1546 2280 1603 2328 οἳ
1652 2270 1704 2328 δ’
1761 2279 1827 2328 ἂν
1878 2275 2076 2348 ἄνδρες
2127 2278 2340 2345 ἀγαθοὶ

245 2369 471 2432 φανῶσι
506 2364 601 2414 καὶ
640 2361 1042 2433 διαφυλάττειν
1081 2361 1379 2429 δυνάμενοι
1424 2364 1493 2413 τὰ
1534 2364 1947 2426 πιστευθέντα,
1999 2366 2338 2429 παραχρῆμα

163 2458 213 2499 25
249 2450 349 2513 μὲν
387 2455 551 2518 τιμῆς
590 2464 742 2509 τινος
780 2449 986 2514 ἔτυχον,
1025 2440 1151 2515 μετ’
1197 2443 1259 2500 οὗ
1300 2446 1445 2499 πολὺ
1486 2447 1544 2499 δὲ
1577 2446 1924 2499 ἀπόλλυνται
1954 2447 2340 2518 φθονούμενοι

243 2534 337 2583 καὶ
373 2534 842 2598 ὑποπτευόμενοι.
907 2527 968 2584 οὗ
1009 2535 1112 2604 γὰρ
1155 2532 1313 2585 δοκεῖ
1334 2532 1639 2585 λυσιτελεῖν
1666 2538 1787 2595 τοῖς
1813 2535 2116 2602 μονάρχοις
2143 2521 2328 2579 οὐδέν’
2371 2538 2403 2588 9

246 2615 421 2686 ἄνδρα
471 2618 692 2684 ἀγαθὸν
741 2617 886 2669 εἶναι
934 2612 1076 2685 παρ’
1129 2613 1321 2681 αὐτοῖς
1371 2613 1494 2670 οὐδ’
1561 2612 1959 2684 εὐδοκιμοῦντα
2023 2614 2339 2686 φαίνεσθαι

247 2703 402 2772 παρὰ
440 2701 518 2769 τῴ
559 2699 790 2772 πλήθει.
962 2706 1023 2753 αἱ
1061 2702 1120 2754 δὲ
1160 2705 1315 2774 παρὰ
1354 2703 1464 2754 τῶν
1504 2701 1745 2754 ἰδιωτῶν
1785 2705 2013 2763 πίστεις
2049 2697 2338 2757 κινδύνους

244 2790 345 2853 μὲν
383 2789 583 2857 ἥττους
622 2786 761 2848 ἴσως
787 2788 1024 2853 ἔχουσιν,
1064 2792 1152 2840 ὅτι
1175 2790 1269 2840 καὶ
1294 2789 1362 2839 τὰ
1390 2791 1692 2857 πράγματα
1721 2785 1932 2837 ἐλάττω
1961 2786 2131 2847 ἐστίν,
2172 2785 2336 2846 ἀσχο-

0 2108 6 2143 ἸΙ

0 2155 7 2206 Ι

246 3102 270 3141 5
302 3093 364 3143 ἄν
392 3097 495 3142 add.
527 3097 676 3150 Dind.‚
707 3100 891 3141 secutus
920 3096 1155 3140 Reiskium
1326 3096 1583 3152 φωκείωνα
1613 3094 1663 3137 Μ
1836 3097 1861 3136 6
1890 3089 2129 3152 βιάσαντα
2160 3091 2196 3134 Ρ

243 3163 402 3213 τούτω
438 3167 472 3209 Β
561 3169 585 3210 8
613 3163 966 3224 χαλεποτάτοις
995 3166 1029 3209 Ρ
1120 3169 1168 3209 11
1203 3160 1277 3212 διὰ
1307 3161 1364 3211 τὸ
1398 3190 1450 3196 —-
1482 3166 1692 3210 πολιτῶν
1722 3163 1909 3208 seclusit
1927 3162 2060 3219 Emp.
2152 3165 2203 3205 12
2235 3178 2261 3206 ν
2292 3161 2337 3204 in

242 3237 506 3294 στρατείαν
535 3248 563 3279 a
591 3250 648 3280 m.
681 3249 772 3281 sec.
803 3236 839 3279 P
1017 3240 1066 3279 13
1098 3232 1479 3291 στρατεύσεσθαι
1509 3234 1544 3277 Ρ
1702 3235 1875 3292 πίστην
1905 3233 1944 3278 U
1976 3246 2037 3277 m.
2069 3246 2137 3289 pr.
2171 3232 2220 3274 M

250 3313 299 3352 14
332 3308 591 3366 στρατείαν
621 3306 702 3350 UB
820 3310 873 3350 15
901 3300 1153 3353 ἀπωλώλει
1183 3306 1225 3349 Η
1341 3310 1393 3350 16
1425 3302 1596 3364 φειδὼς
1626 3305 1676 3349 Μ
1805 3300 2176 3366 προσελειπάρει
2205 3303 2254 3347 Μ

250 3383 299 3424 17
333 3374 486 3424 ἔπαθε
515 3378 579 3431 Η,
616 3379 663 3421 in
706 3378 744 3422 U
775 3394 802 3423 ν
840 3390 1016 3422 erasum
1217 3374 1398 3436 εἴρηται
1433 3373 1622 3431 πόλεως
1658 3376 1759 3430 (hoc
1796 3376 1912 3428 ord.)
1950 3376 1992 3420 U
2165 3378 2217 3418 20
2257 3390 2340 3431 μοι

247 3463 331 3495 om.
362 3450 398 3493 P
542 3445 701 3506 δεήσοι
730 3448 810 3492 ΡΗ
952 3443 1142 3508 ἡμέρων
1170 3449 1209 3492 Β
1372 3451 1422 3492 21
1455 3464 1510 3507 γε
1541 3450 1757 3506 σωθῆναι
1786 3447 1894 3491 Wil.
1927 3446 2174 3503 praeclare,
2203 3463 2339 3505 γεγη-

247 3522 384 3568 θέναι
426 3521 529 3565 libri
698 3518 900 3574 ἐκείνοις
937 3519 1018 3563 PH
1204 3523 1257 3564 22
1296 3515 1418 3565 καθ’
1457 3514 1614 3566 αὑτῶν
1653 3519 1735 3563 ΡΗ
1770 3511 1883 3564 κατ’
1926 3510 2084 3564 αὐτῶν
2113 3517 2194 3562 UB
2224 3510 2337 3563 κατ’

250 3588 397 3638 αὐτὸν
427 3592 476 3635 Μ
647 3585 944 3637 ἀπώλλυνται
981 3590 1017 3635 Ρ
1190 3594 1242 3634 23
1284 3588 1330 3636 οἳ
1366 3584 1409 3635 δ’
1451 3587 1618 3650 ἄνδρες
1645 3593 1749 3643 (om.
1781 3585 1858 3642 ἄν)
1899 3589 1938 3634 U
1969 3602 2026 3632 m.
2058 3602 2127 3645 pr.
2161 3589 2198 3632 B

251 3666 304 3707 26
337 3658 471 3710 οὐδὲν
500 3662 630 3707 UBM
662 3657 828 3708 οὐδένα
858 3662 939 3706 ΡΗ
1055 3666 1106 3706 27
1141 3656 1251 3708 οὐδὲ
1281 3661 1324 3705 Η
1441 3665 1492 3705 29
1522 3660 1781 3720 γράμματα
1812 3665 1969 3717 (supra
1997 3660 2076 3704 lin.
2109 3655 2168 3706 τὰ
2192 3654 2341 3718 πράγ-

388 3029 414 3070 2
445 3027 666 3072 ἕκτίσατο
696 3025 747 3068 Μ
871 3022 1107 3084 ἐκτήσατο
1142 3050 1195 3057 -
1227 3028 1252 3068 3
1281 3029 1400 3083 βαρ·
1428 3036 1516 3068 om.
1547 3024 1590 3066 H
1622 3024 1684 3076 (in
1712 3035 1822 3078 mrg.
1854 3023 2002 3078 suppl.
2035 3034 2063 3065 a
2093 3024 2225 3075 corr.)

250 3736 396 3788 ματα)
424 3733 460 3776 Ρ
