2684 4140
395 277 498 332 2554
870 271 1078 318 DIONIS
1107 273 1194 318 DE
1223 271 1482 323 DIOENDI
1511 272 2019 324 EKERGITATIONE

391 422 571 487 τάρων
608 419 739 479 τοὺς
778 418 1043 486 ἀρίστους
1079 417 1167 477 τίς
1207 417 1303 472 οὐκ
1339 418 1662 482 ἐπίσταται,
1698 420 2080 494 Δημοσθένην
2118 425 2220 492 μὲν
2258 420 2491 490 δυνάμει

390 521 450 558 τε
499 496 846 569 ἀπαγγελίας
891 503 985 558 καὶ
1034 499 1316 571 δεινότητι
1367 500 1624 565 διανοίας
1666 507 1760 559 καὶ
1797 506 2015 578 πλήθει
2054 508 2232 578 λόγων
2270 509 2490 574 πάντας

389 589 524 648 τούς
561 588 804 656 ῥήτορας
840 583 1324 661 ὑπερβεβληκότα,
1370 590 1600 644 Λυσίαν
1641 587 1700 642 δὲ
1738 593 2044 664 βραχύτητι
2079 598 2174 647 καὶ
2211 594 2492 669 ἁπλότητι

387 673 480 727 καὶ
522 672 774 739 συνεχείᾳ
814 668 1072 732 διανοίας
1107 673 1202 727 καὶ
1238 670 1317 739 τῷ
1359 670 1664 743 λεληθέναι
1701 678 1800 747 τὴν
1840 675 2133 750 δεινότητα
2145 699 2165 743 ;
2208 678 2355 752 πλὴν
2394 682 2491 733 οὐκ

387 758 455 811 ἂν
501 758 609 823 ἐγώ
661 769 754 813 σοι
806 754 1286 823 συμβουλεύσαιμι
1333 759 1402 813 τὰ
1443 757 1627 814 πολλὰ
1666 764 1891 825 τούτοις
1929 761 2304 833 ἐντυγχάνειν,
2354 759 2481 818 ἀλλ’
2522 772 2546 813 5

379 835 667 909 Ὑπερείδῃ
706 858 766 896 τε
804 838 1018 907 μᾶλλον
1054 844 1150 896 καὶ
1186 842 1454 913 Αἰσχίνῃ.
1519 847 1737 902 τούτων
1762 848 1866 918 γὰρ
1906 847 2294 920 ἁπλούστεραί
2329 868 2388 905 τε
2430 853 2491 902 αἱ

387 923 653 992 δυνάμεις
688 927 782 983 καὶ
824 924 1234 997 εὐληπτότεραι
1274 930 1335 979 αἱ
1368 932 1708 986 κατασκευαὶ
1742 934 1836 987 καὶ
1873 936 1936 984 τὸ
1971 930 2175 997 κάλλος
2216 941 2328 989 τῶν
2369 937 2490 987 ὀνο-

382 1007 575 1079 μάτων
615 1009 775 1070 οὐδὲν
813 1014 1037 1069 ἐκείνων
1066 1011 1419 1079 λειπόμενον.
1500 1009 1642 1069 άλλά
1679 1018 1774 1073 καὶ
1797 1020 2108 1088 Λυκούργῳ
2151 1018 2487 1087 συμβουλεύ-
2509 1027 2588 1071 (257
2610 1028 2663 1072 Μ)

386 1090 548 1164 σαιμ’
591 1098 659 1155 ἂν
696 1093 1046 1165 ἐντυγχάνειν
1074 1111 1182 1162 σοι,
1224 1097 1585 1170 ἐλαφροτέρῳ
1615 1104 1831 1157 τούτων
1863 1105 1984 1157 ὄντι
2018 1107 2113 1159 καὶ
2149 1106 2488 1176 ἐμφαίνοντί

301 1180 364 1236 12
385 1200 512 1239 τινα
552 1178 609 1239 ἐν
646 1187 768 1244 τοῖς
807 1181 995 1252 λόγοις
1033 1182 1327 1255 ἁπλότητα
1359 1187 1454 1238 καὶ
1489 1185 1856 1258 γενναιότητα
1894 1196 1998 1242 τοῦ
2032 1186 2266 1260 τρόπου.
2402 1194 2486 1243 ἐν·
2524 1195 2571 1242 10

382 1268 572 1327 ταῦθα
614 1266 679 1338 δή
722 1287 870 1340 φημι
909 1267 1042 1334 δεῖν,
1080 1271 1181 1327 κᾶν
1221 1270 1281 1327 εἴ
1311 1289 1399 1333 τις
1431 1274 1670 1338 ἐντυχὼν
1707 1281 1777 1344 τῇ
1816 1280 2152 1345 παραινέσει
2189 1283 2300 1328 τῶν
2339 1273 2487 1329 πάνυ

383 1345 629 1422 ἀκριβῶν
657 1351 995 1419 αἰτιάσεται,
1033 1354 1174 1426 μηδὲ
1202 1362 1314 1408 τῶν
1341 1362 1628 1428 νεωτέρων
1653 1361 1747 1411 καὶ
1773 1358 1961 1428 ὀλίγον
1988 1364 2100 1431 πρὸ
2126 1365 2284 1432 ήμῶν
2321 1355 2484 1413 άπεί-
2501 1367 2677 1410 (480R11

382 1455 497 1507 ρως
524 1439 695 1504 ἔχειν·
737 1437 875 1508 λέγω
917 1439 975 1492 δὲ
1014 1447 1125 1493 τῶν
1164 1444 1298 1510 περὶ
1317 1433 1691 1513 Ἀντίπατρον
1717 1446 1811 1496 καὶ
1841 1444 2139 1516 Θεόδωρον
2165 1448 2259 1500 καὶ
2295 1445 2483 1500 Πλου-

382 1525 558 1581 τίωνα
595 1526 689 1576 καὶ
725 1526 964 1581 Κόνωνα
1001 1528 1094 1577 καὶ
1142 1529 1241 1597 τὴν
1279 1530 1545 1598 τοιαύτην
1593 1527 1742 1600 ὕλην.
1823 1533 1884 1586 αἱ
1924 1533 2028 1601 γὰρ
2067 1535 2281 1585 τούτων
2323 1530 2483 1585 δυνά-

379 1627 506 1674 μεις
552 1611 646 1661 καὶ
695 1612 867 1679 ταύτῃ
916 1612 983 1662 ἂν
1031 1610 1141 1669 εἶεν
1189 1616 1323 1682 ἡμῖν
1369 1611 1679 1683 ὠφέλιμοι,
1728 1608 1766 1685 ᾗ
1822 1617 1917 1667 οὐκ
1955 1618 2022 1668 ἂν
2060 1619 2484 1686 ἐντυγχάνοιμεν
2524 1621 2570 1667 15

382 1695 575 1755 αὐτοῖς
615 1692 1028 1761 δεδουλωμένοι
1064 1698 1164 1766 τὴν
1201 1700 1441 1768 γνώμην,
1484 1700 1676 1766 ὥσπερ
1716 1705 1838 1762 τοῖς
1876 1699 2165 1764 παλαιοῖς.
2229 1705 2342 1754 ὑπὸ
2381 1705 2484 1773 γὰρ

381 1785 484 1833 τοῦ
521 1777 810 1831 δύνασθαί
844 1798 901 1832 τι
937 1787 1048 1832 τῶν
1087 1783 1396 1852 εἰρημένων
1436 1786 1824 1841 αἰτιάσασθαι
1873 1784 2121 1852 μάλιστα
2159 1789 2485 1858 θαρροῦμεν

380 1865 527 1933 πρὸς
564 1866 628 1915 τὸ
668 1869 791 1927 τοῖς
830 1866 1022 1928 αὐτοῖς
1060 1868 1370 1936 ἐπιχειρεῖν
1420 1861 1493 1938 [ᾗ]
1540 1870 1634 1920 καὶ
1671 1867 1832 1939 ἥδιόν
1870 1889 1958 1932 τις
1996 1870 2353 1941 παραβάλλει
2393 1876 2486 1924 αύ-

381 1951 478 2001 τόν
508 1942 555 2017 ᾧ
580 1952 856 2009 πείθεται
886 1955 1313 2022 συγκρινόμενος
1340 1955 1403 2004 οὐ
1428 1952 1883 2025 καταδεέστερος,
1923 1958 2102 2008 ἐνίοτε
2143 1954 2202 2008 δὲ
2233 1959 2327 2010 καὶ
2362 1956 2486 2024 βελ-

296 2033 360 2084 13
381 2037 518 2087 τίων
554 2032 684 2103 (ἂν)
723 2038 1056 2106 φαίνεσθαι.
1203 2043 1493 2108 τρέψομαι
1533 2038 1591 2091 δὲ
1630 2038 1734 2110 ἤδη
1775 2043 1875 2097 ἐπὶ
1911 2043 2043 2104 τούς
2077 2044 2483 2112 Σωκρατικούς,
2523 2047 2572 2092 20

381 2122 478 2182 οὓς
518 2119 582 2191 δὴ
625 2123 1101 2189 ἀναγκαιοτάτους
1151 2124 1300 2177 εἷναί
1350 2142 1498 2195 φημι
1548 2127 1723 2177 παντὶ
1770 2125 1931 2196 ἀνδρὶ
1970 2125 2147 2195 λόγων
2185 2130 2483 2199 ἐφιεμένῳ.

382 2207 575 2275 ὥσπερ
614 2208 717 2274 γὰρ
761 2206 920 2259 οὐδὲν
961 2210 1110 2275 ὄψον
1138 2211 1268 2260 ἄνευ
1299 2207 1448 2260 ἁλῶν
1485 2212 1674 2277 γεύσει
1698 2216 2113 2281 κεχαρισμένον,
2156 2215 2333 2276 οὕτως
2363 2210 2484 2282 (λό-

378 2287 522 2358 γων)
571 2290 730 2344 οὐδὲν
780 2291 931 2355 εἶδος
978 2295 1168 2361 ἔμοιγε
1220 2292 1381 2346 δοκεῖ
1410 2296 1550 2365 ἀκοῇ
1595 2298 1878 2366 προσηνὲς
1917 2298 1984 2348 ἂν
2021 2298 2293 2364 γενέσθαι
2325 2300 2484 2368 χάρι-

380 2393 478 2438 τος
503 2380 858 2449 Σωκρατικῆς
890 2381 1144 2449 δίμοιρον.
1208 2382 1340 2441 τούς
1376 2382 1478 2446 μὲν
1519 2379 1581 2452 δὴ
1613 2379 1817 2443 ἄλλους
1841 2384 2053 2452 μακρὸν
2090 2383 2157 2434 ἂν
2196 2382 2280 2452 εἴη
2325 2384 2485 2452 ἔργον

295 2461 362 2511 14
382 2464 638 2514 ἐπαινεῖν
675 2466 769 2515 καὶ
806 2466 1152 2531 ἐντυγχάνειν
1181 2466 1373 2527 αὐτοῖς
1401 2467 1462 2517 οὐ
1502 2469 1565 2516 τὸ
1605 2469 1783 2531 τυχόν.
1845 2463 2191 2537 Ξενοφῶντα
2220 2465 2278 2517 δὲ
2306 2468 2477 2535 ἔγωγε
2514 2461 2672 2547 25(4ῗ11)

377 2552 621 2618 ἠγοῦμαι
670 2548 830 2619 ἀνδρὶ
879 2547 1155 2618 πολιτικῷ
1204 2552 1299 2602 καὶ
1347 2554 1519 2617 μόνον
1565 2558 1676 2603 τῶν
1728 2550 1990 2603 παλαιῶν
2029 2549 2279 2621 ἐξαρκεῖν
2320 2550 2480 2604 δύνα-

380 2634 551 2685 σθαι·
604 2633 715 2685 εἴτε
764 2637 822 2685 ἐν
871 2633 1100 2702 πολέμῳ
1153 2653 1241 2697 τις
1284 2643 1607 2707 στρατηγῶν
1658 2636 1771 2695 εἴτε
1811 2635 2033 2699 πόλεως
2072 2639 2480 2708 ἀφηγούμενος,

377 2717 490 2770 εἴτε
528 2721 586 2770 ἐν
627 2718 780 2789 δήμῳ
824 2718 996 2788 λέγων
1035 2720 1148 2774 εἴτε
1186 2723 1244 2772 ἐν
1288 2719 1695 2792 βουλευτηρίῳ,
1747 2721 1861 2774 εἴτε
1910 2724 2004 2779 καὶ
2041 2724 2100 2773 ἐν
2139 2721 2478 2793 δικαστηρίῳ

376 2806 448 2874 μὴ
493 2807 570 2866 ὡς
608 2807 793 2875 ῥήτωρ
833 2803 1032 2856 ἐθέλοι
1067 2809 1264 2872 μόνον,
1305 2804 1446 2857 ἀλλὰ
1484 2809 1579 2858 καὶ
1617 2809 1695 2869 ὡς
1735 2805 2030 2869 πολιτικὸς
2058 2809 2152 2859 καὶ
2188 2806 2482 2874 βασιλικὸς

377 2890 513 2959 ἀνὴρ
553 2891 621 2940 τοὶ
660 2889 738 2958 τῴ
778 2893 1016 2958 τοιούτῳ
1059 2893 1421 2961 προσήκοντα
1461 2894 1519 2943 ἐν
1561 2889 1681 2961 δίκῃ
1723 2894 1933 2943 εἰπεῖν·
1980 2894 2210 2942 πάντων
2249 2894 2482 2961 ἄριστος
2518 2900 2567 2941 30

377 2976 504 3039 ἐμοὶ
538 2971 753 3043 <δοκεῐ>
787 2978 882 3028 καὶ
921 2974 1386 3038 λυσιτελέστατος
1435 2979 1581 3046 πρὸς
1618 2984 1793 3029 ταῦτα
1833 2979 2019 3028 πάντα
2056 2973 2347 3049 Ξενοφῶν.
2412 2980 2480 3027 τά

519 3187 544 3227 6
574 3178 693 3242 ὑπὲρ
723 3180 820 3243 εἷ’δη
854 3184 901 3227 Μ
929 3181 1127 3245 ὑπερίδῃ
1159 3185 1197 3228 Β
1325 3181 1521 3245 αἰσχύνη
1563 3185 1613 3229 Μ
1759 3187 1935 3231 τοῦτον
1975 3183 2024 3226 Μ
2141 3187 2165 3227 8
2197 3180 2482 3243 συμβουλεύ-

377 3268 510 3310 σαιμι
539 3254 577 3296 Β
755 3259 793 3299 11
832 3252 925 3302 κᾶν
955 3253 1006 3309 εἴ
1032 3274 1103 3311 τις
1133 3257 1318 3313 scripsi,
1358 3259 1438 3305 καὶ
1477 3253 1619 3309 εἴτις
1649 3256 1751 3306 libri
1861 3318 1875 3325 ⁴
1927 3259 1978 3299 12
2009 3255 2249 3315 νεοτέρων
2279 3255 2369 3301 UM

379 3327 431 3367 13
462 3321 551 3369 τὸν
578 3337 662 3380 pro
692 3329 790 3372 τῶν
818 3327 860 3372 U
1052 3332 1101 3371 15
1133 3323 1164 3390 ἦ
1193 3341 1275 3389 pro
1307 3319 1336 3386 ᾗ
1367 3328 1415 3377 Μ
1591 3331 1643 3372 18
1675 3323 1705 3387 ἢ
1733 3328 1822 3373 ΒΜ
1852 3328 1881 3386 ᾖ
1910 3327 1976 3383 U,
2007 3326 2126 3372 delet
2155 3326 2338 3375 Geelius

377 3397 431 3437 20
463 3390 524 3441 ἄν
553 3395 702 3440 addidi
873 3401 927 3447 22
961 3394 1088 3457 ὅψος
1116 3398 1263 3453 ΠΒΜ,
1298 3395 1428 3460 ὄψον
1458 3398 1495 3442 Τ
1697 3396 1858 3457 λόγων
1886 3398 2073 3454 inserui,
2103 3397 2207 3454 qnia
2237 3393 2360 3449 εἶδος
2389 3409 2479 3440 non

375 3465 526 3522 potuit
564 3461 709 3524 ὄψοις
751 3469 940 3524 opponi,
979 3482 1170 3526 quorum
1208 3470 1350 3515 multa
1387 3471 1493 3515 sunt
1530 3466 1627 3529 εἷ’δη
1833 3473 1887 3519 24
1918 3465 2062 3527 ἔργον
2090 3468 2175 3518 del·
2206 3468 2339 3523 EmP·
2370 3478 2477 3523 Dra·

375 3549 478 3582 vum
509 3536 709 3581 codicem
738 3543 921 3583 secutus
952 3541 1028 3592 (cf.
1059 3540 1285 3590 Additam.
1316 3555 1360 3597 p.
1392 3544 1516 3594 827),
1554 3541 1663 3588 mihi
1704 3540 1882 3591 videtur
1917 3544 2022 3597 post
2059 3533 2224 3591 αὐτοῖς
2261 3541 2475 3594 transpo-

375 3606 573 3651 nendum
602 3619 702 3651 esse
835 3613 886 3652 27
920 3606 1015 3657 εἴτε
1046 3609 1199 3670 (γὰρ)
1228 3611 1459 3665 Reiskius‚
1493 3611 1566 3655 cui
1597 3611 1856 3668 obloquitur
1885 3611 2017 3672 Emp·
2050 3610 2111 3663 (in
2142 3607 2339 3660 schedis)
2369 3620 2475 3663 pro-

374 3677 496 3721 tasin
524 3676 641 3726 inter
670 3678 890 3734 duplicem
922 3682 1141 3737 apodosin
1171 3683 1355 3732 schema
1383 3683 1521 3728 Dioni
1550 3683 1768 3732 usitatum
1798 3693 1899 3727 esse
1926 3692 2112 3729 monens
2287 3681 2339 3722 28
2373 3675 2470 3726 εἴτε

373 3751 456 3795 καὶ
471 3746 523 3794 ἐν
537 3751 821 3811 δικαστηρίῳ
837 3764 919 3796 om.
937 3752 976 3796 U
1055 3756 1107 3796 29
1126 3751 1304 3812 ῥείτωρ
1322 3753 1360 3799 U
1377 3767 1434 3798 m.
1452 3767 1521 3810 pr.
1601 3756 1648 3798 31
1677 3757 1836 3801 δοκεῖν
1850 3751 1951 3797 add.
1970 3750 2168 3804 Geelius,
2191 3752 2325 3796 δοκεῖ
2338 3749 2475 3806 Emp.
