2684 4140
408 283 475 331 34
1014 276 1220 323 DIONIS
1250 275 1336 320 AD
1366 276 1407 321 Ν
1411 275 1870 322 IOOMEDIENSES

406 427 518 476 ὑπὸ
558 424 882 493 ἀφροσύνης
919 417 1157 488 ἄρξηται
1198 415 1520 482 στασιάζειν
1553 422 1699 490 πρὸς
1738 422 1969 483 αὐτούς,·
2006 425 2037 491 ή
2080 419 2138 472 δὲ
2179 420 2497 494 ἀδελφότης

324 518 388 568 16
411 510 469 559 τί
515 505 651 557 ἀλλο
700 506 852 556 ἐστὶν
888 505 920 573 ἢ
962 501 1224 574 ἀδελφῶν
1263 505 1531 570 ὁμόνοια,·
1577 509 1609 575 ή
1663 504 1721 557 δὲ
1764 505 1929 577 φιλία
1969 508 2025 557 τί
2062 504 2199 557 ἄλλο
2237 509 2269 578 ἢ
2313 506 2494 579 φίλων

407 594 675 657 ὁμόνοια,
722 589 817 639 καὶ
853 594 1028 638 ταῦτα
1068 590 1255 639 πάντα
1297 590 1359 639 οὐ
1397 592 1570 655 μόνον
1606 591 1803 659 ἀγαθά
1842 594 1965 642 ἐστι
2001 594 2095 643 καὶ
2129 590 2300 657 καλά,
2351 592 2492 645 ἀλλὰ
2524 605 2674 651 (47311)

401 677 494 726 καὶ
531 671 761 743 ἥδιστα·
801 673 869 722 τὰ
912 670 970 723 δὲ
1010 674 1235 724 ἐναντία
1274 676 1499 736 τούτοις
1539 677 1601 726 οὐ
1639 677 1778 727 κακοὶ
1805 680 1994 743 μόνον,
2035 674 2175 728 ἀλλά
2202 679 2296 729 καὶ
2322 677 2493 751 ἀηδῆ·

398 761 492 810 καὶ
529 761 680 824 ὅμως
719 758 859 808 αὐτὰ
899 755 1175 820 πολλάκις
1213 760 1337 811 ἀντὶ
1361 766 1472 811 τῶν
1499 759 1746 831 ἡδίστων
1773 764 2009 830 ἀγαθῶν
2037 764 2494 834 προαιρούμεθα.
2533 771 2558 813 5

399 845 530 905 τοὺς
567 845 668 909 μὲν
709 843 804 894 οὖν
853 840 1138 909 πολέμους
1184 842 1288 915 ἤδη
1339 847 1488 907 τινὲς
1538 847 1662 898 ἀντὶ
1710 855 1808 919 τῆς
1857 850 2079 919 εἰρήνης
2127 847 2495 900 ἐπανείλοντο

397 926 653 997 μεγάλων
702 929 876 979 ὄντων
924 934 1035 980 τῶν
1076 927 1396 1000 διαφόρων,
1451 932 1547 997 οὐχ
1598 933 1676 994 ὡς
1713 935 1776 984 τὸ
1815 935 2108 999 μάχεσθαι
2142 938 2394 1003 κρεῖττον
2435 936 2496 986 ὂν

397 1015 428 1084 ἢ
470 1011 630 1084 ἥδιον
666 1014 761 1065 καὶ
800 1010 1148 1085 δικαιότερον
1187 1022 1290 1066 τοῦ
1324 1018 1423 1087 τὴν
1462 1018 1684 1087 εἰρήνην
1722 1019 1904 1086 ἄγειν,
1951 1012 2076 1069 ἀλλ’
2121 1020 2177 1069 οἱ
2213 1021 2315 1085 μὲν
2351 1021 2495 1090 ὑπὲρ

397 1096 709 1165 βασιλείας,
751 1100 807 1150 οἱ
845 1096 904 1150 δὲ
942 1101 1084 1170 ὑπὲρ
1124 1097 1472 1171 ἐλευθερίας,
1515 1103 1570 1152 οἱ
1610 1099 1668 1153 δὲ
1707 1109 1806 1173 γῆν
1842 1105 2118 1169 κτώμενοι
2154 1106 2227 1175 μή
2259 1105 2494 1170 ἔχοντες,

400 1185 457 1234 οἱ
495 1181 554 1235 δὲ
591 1182 887 1237 θάλατταν
925 1188 1424 1255 περιποιούμενοι·
1462 1188 1556 1239 καὶ
1592 1185 1934 1257 τηλικούτων
1961 1191 2112 1255 ὅμως
2149 1195 2261 1241 τῶν
2291 1188 2490 1242 ἄθλων
2529 1195 2576 1239 1ο

398 1274 668 1336 κειμένων
706 1272 765 1322 ἐν
803 1269 881 1339 τῷ
919 1275 1073 1338 μέσῳ
1128 1269 1335 1323 πολλοὶ
1382 1274 1690 1324 κατέθεντο
1741 1276 1838 1325 τὸν
1889 1272 2139 1341 πόλεμον
2179 1276 2256 1336 ὡς
2295 1276 2391 1326 οὐκ
2429 1277 2496 1327 ἂν

318 1364 380 1414 17
404 1358 535 1407 ὄντα
576 1354 702 1408 οὐδὲ
743 1358 867 1409 ἀντὶ
903 1363 1015 1408 τῶν
1052 1358 1331 1425 μεγίστων
1372 1360 1677 1430 αἱρεθῆναί
1715 1374 1915 1430 σφισιν
1953 1358 2128 1424 ἄξιον.
2203 1362 2266 1412 τὸ
2309 1359 2367 1412 δὲ
2405 1363 2499 1412 καὶ

393 1444 567 1512 χωρὶς
590 1443 932 1504 ὑποθέσεως
957 1440 1228 1509 πολεμεῖν
1253 1445 1348 1495 καὶ
1371 1446 1662 1510 μάχεσθαι
1688 1447 1746 1497 τί
1770 1444 1907 1497 ἄλλο
1946 1448 1977 1517 ἢ
2016 1449 2190 1513 μανία
2219 1444 2499 1516 παντελής

398 1530 523 1579 ἑστι
558 1529 652 1579 καὶ
692 1526 785 1579 διὰ
826 1530 1031 1598 ταύτην
1068 1535 1251 1579 κακῶν
1277 1530 1597 1596 ἐπιθυμία,·
1635 1531 1831 1597 τὰμὲν
1860 1531 1955 1583 οὖν
1981 1533 2163 1602 θηρία
2203 1529 2296 1582 διὰ
2328 1538 2494 1582 τοῦτο

399 1610 646 1677 μάλιστα
688 1614 744 1663 οἱ
792 1613 1102 1682 ἄνθρωποι
1150 1620 1454 1679 μισοῦμεν,
1506 1617 1595 1666 ὅτι
1644 1613 1894 1682 πόλεμος
1941 1620 2072 1684 ἡμῖν
2124 1614 2497 1679 ἀδιάλλακτος
2536 1624 2583 1666 15

400 1699 547 1767 πρὸς
584 1699 760 1748 ταῦτά
799 1699 954 1748 ἐστιν
993 1699 1098 1748 ἀεί.
1164 1695 1372 1749 πολλοὶ
1413 1696 1472 1749 δὲ
1509 1701 1606 1750 καί
1629 1717 1778 1762 τινες
1814 1704 1969 1768 ἡμῶν
1994 1703 2087 1752 καὶ
2124 1707 2246 1764 τοῖς
2272 1703 2496 1772 ἀνθρώ-

400 1797 536 1843 ποις
577 1783 654 1844 ὡς
691 1783 925 1853 θηρίοις
958 1784 1240 1851 χρώμενοι
1273 1784 1539 1848 χαίρουσι
1577 1791 1646 1854 τῇ
1694 1787 1840 1854 πρὸς
1887 1788 1951 1836 τὸ
1991 1785 2280 1856 ὁμόφυλον
2316 1804 2497 1855 γιγνο-

398 1871 534 1936 μένῃ
573 1869 738 1936 μάχῃ.
822 1869 916 1919 καὶ
955 1865 1082 1919 οὐδὲ
1121 1873 1232 1919 τῶν
1274 1869 1519 1938 σημείων
1560 1869 1968 1936 αἰσθανόμεθα
2007 1877 2118 1922 τῶν
2156 1872 2351 1931 θείων,
2391 1875 2496 1923 ὅσα

317 1958 380 2011 18
406 1949 766 2020 διδάσκοντες
803 1956 946 2023 ημᾶς
988 1954 1246 2019 ὁμονοεῖν
1286 1955 1478 2015 αὐτοῖς
1515 1955 1895 2025 ἐπεφήμισαν.
1979 1957 2073 2007 καὶ
2120 1957 2222 2026 γὰρ
2270 1958 2500 2027 κήρυκές

398 2055 546 2100 τινες
584 2039 644 2088 ἐκ
680 2044 791 2089 τῶν
829 2039 984 2089 θεῶν
1023 2037 1170 2090 εἶναι
1210 2036 1492 2107 λέγονται,
1541 2041 1636 2091 καὶ
1685 2038 1779 2091 διὰ
1829 2047 1995 2092 τοῦτο
2043 2044 2138 2093 καὶ
2175 2036 2318 2111 παρ’
2359 2047 2493 2114 ήμῖν
2531 2049 2579 2091 20

399 2125 586 2193 εἰρήνη
614 2125 715 2189 μὲν
741 2125 1200 2193 ἐπικηρύσσεται,
1228 2122 1473 2190 πόλεμοι
1500 2122 1559 2175 δὲ
1588 2126 1664 2186 ὡς
1685 2127 1785 2176 ἐπὶ
1809 2128 1872 2176 τὸ
1900 2123 2171 2178 πλεῖστον
2198 2128 2497 2198 ἀκήρυκτοι

397 2210 697 2276 γίγνονται.
772 2210 866 2260 καὶ
890 2210 1087 2276 γυμνοὶ
1125 2210 1535 2278 πρεσβεύουσιν
1575 2211 1657 2272 εἰς
1683 2207 2076 2277 ὡπλισμένους
2101 2213 2244 2282 ὑπὲρ
2273 2215 2495 2284 εἰρήνης

397 2296 491 2345 καὶ
529 2292 796 2365 ἀδικῆσαι
835 2295 931 2344 οὐκ
968 2292 1184 2357 ἔξεστιν
1235 2296 1416 2346 αὐτῶν
1468 2293 1692 2356 οὐδένα,
1743 2297 1820 2357 ὡς
1870 2303 1980 2347 τῶν
2029 2297 2184 2348 θεῶν
2237 2299 2496 2361 ἅπαντας

399 2381 530 2441 τοὺς
578 2381 721 2448 ὑπὲρ
772 2377 970 2449 φιλίας
1018 2377 1296 2447 ἀγγέλους.
1391 2381 1484 2431 καὶ
1533 2382 1666 2431 ὅταν
1719 2385 2133 2450 συνερχομένων
2185 2385 2266 2445 εἰς
2313 2386 2493 2454 μάχην

402 2471 655 2534 στρατῶν
691 2466 723 2534 ἢ
767 2462 1036 2534 διοσημία
1077 2471 1228 2535 φανῇ
1268 2463 1558 2536 αἰφνίδιος
1606 2466 1638 2535 ἢ
1692 2473 1790 2537 τῆς
1826 2474 1925 2537 γῆς
1961 2471 2189 2537 γένηται
2240 2472 2488 2535 σεισμός,
2527 2475 2576 2517 25

401 2552 869 2620 ἀποστρέφονται
895 2550 1068 2611 εὐθὺς
1098 2552 1153 2600 οἱ
1179 2551 1488 2620 ἄνθρωποι
1525 2552 1619 2602 καὶ
1645 2552 2043 2622 ἀποχωροῦσιν
2073 2544 2179 2603 ἀπ’
2224 2551 2495 2624 ἀλλήλων,

319 2641 383 2692 19
405 2638 482 2698 ὡς
508 2642 619 2687 τῶν
645 2636 800 2686 θεῶν
830 2636 892 2686 οὐ
917 2633 1272 2702 βουλομένων
1301 2637 1503 2698 αὐτοὺς
1527 2637 1833 2702 μάχεσθαι.
1895 2635 2147 2703 πολέμου
2177 2636 2236 2690 δὲ
2267 2643 2498 2709 σημεῖον

403 2719 563 2772 οὐδὲν
600 2722 766 2772 θεῖόν
804 2723 958 2772 ἐστιν
996 2718 1427 2790 ὑπειλημμένον.
1502 2723 1597 2773 καὶ
1645 2724 1749 2772 ὅσα
1801 2720 1860 2773 δὲ
1912 2721 1974 2792 δή
2026 2720 2230 2793 ἥδιστά
2279 2741 2340 2775 τε
2376 2728 2500 2785 τοῖς

401 2808 740 2876 ἀνθρώποις
751 2808 845 2858 καὶ
865 2803 1227 2872 εὐδαιμονίας
1250 2803 1520 2873 σύμβολα,
1541 2813 1715 2857 ταῦτα
1738 2809 1924 2858 πάντα
1948 2814 2238 2874 ποιοῦμεν,
2261 2806 2498 2859 ἐπειδὰν

402 2894 589 2963 εἰρήνη
630 2897 873 2962 γένηται,
910 2894 1004 2943 καὶ
1044 2892 1484 2962 στεφανούμεθα
1521 2893 1615 2943 καὶ
1651 2893 1868 2957 θύομεν
1894 2894 1987 2944 καὶ
2024 2888 2384 2962 ἑορτάζομεν·
2423 2893 2492 2943 τὰ
2530 2900 2578 2942 30

404 2976 463 3028 δὲ
502 2979 727 3029 ἐναντία
768 2980 954 3028 πάντα
994 2979 1052 3028 έν
1088 2981 1210 3039 τοῖς
1249 2975 1552 3043 πολέμοις,
1603 2978 1795 3046 ὥσπερ
1835 2979 1893 3029 ἐν
1932 2982 2053 3039 τοῖς
2092 2978 2367 3041 πένθεσι,
2405 2980 2498 3029 καὶ
2526 2985 2675 3030 (47411)

405 3061 815 3131 συγκλειόμεθα
855 3064 967 3114 ἔσω
1008 3059 1201 3113 πυλῶν
1239 3064 1332 3113 καὶ
1371 3060 1697 3129 δεδοίκαμεν
1737 3064 1922 3113 πάντα
1971 3064 2064 3114 καὶ
2115 3059 2501 3128 ἀπελπίζομεν

405 3151 665 3210 ἑαυτούς·
711 3150 805 3200 καὶ
844 3149 905 3199 αἱ
941 3153 1193 3216 γυναῖκες
1244 3151 1370 3199 τότε
1418 3149 1560 3218 ὑπὲρ
1614 3153 1724 3199 τῶν
1763 3145 1980 3218 ἀνδρῶν
2017 3145 2278 3199 κλαίουσι
2313 3149 2408 3199 καὶ
2447 3149 2504 3198 οἱ

2606 1597 2680 1677 “ff

547 3330 572 3370 2
602 3322 629 3385 ἡ
661 3327 710 3374 δὲ
739 3329 1021 3385 φιλαδελφία
1053 3327 1174 3373 UBT
1291 3323 1409 3375 ἀλλο
1441 3325 1570 3373 ἐστὶν
1600 3327 1639 3371 Β
1783 3331 1808 3371 6
1838 3325 2155 3374 ἐπανείλαντο
2189 3327 2237 3372 Μ
2353 3331 2375 3370 7
2409 3331 2502 3373 δια-

406 3400 576 3456 φορῶν
605 3397 722 3451 libri,
754 3410 870 3443 corr.
903 3398 1073 3443 Reiske
1187 3390 1246 3457 ἦν
1274 3411 1356 3456 pro
1390 3394 1449 3444 ὂν
1478 3397 1600 3443 UBT
1746 3401 1770 3442 8
1803 3394 1832 3455 ἢ
1861 3395 1982 3445 ἴδιον
2012 3398 2051 3442 Τ
2180 3399 2331 3443 malim
2360 3393 2390 3455 ἢ
2418 3411 2503 3454 pro

405 3470 485 3514 καὶ
631 3472 679 3512 11
715 3464 780 3522 ὡς
810 3462 898 3515 οὐκ
927 3465 990 3516 ἄν
1021 3466 1139 3516 ὄντα
1171 3469 1304 3526 Emp.
1336 3465 1403 3523 ὥς
1435 3463 1492 3516 οὐ
1520 3465 1738 3515 κακὸντα
1769 3468 1818 3512 Μ
1849 3464 1915 3523 ὡς
1945 3463 2001 3515 οὖ
2029 3463 2187 3515 κακὸν
2217 3466 2337 3515 ὄντα
2367 3469 2405 3512 Β
2438 3463 2504 3522 ὡς

404 3537 561 3585 κακὸν
594 3535 711 3585 ὄντα
742 3539 821 3584 UT
942 3544 992 3584 12
1025 3539 1278 3601 αἱρεθῆναί
1307 3555 1429 3587 τισιν
1458 3540 1577 3592 libri,
1609 3552 1726 3585 corr.
1761 3539 2002 3596 Emporias
2123 3532 2321 3594 ἀνάξιον
2350 3539 2388 3582 Β

410 3613 459 3654 14
490 3608 618 3656 ἐστιν
648 3609 687 3653 Τ
806 3614 858 3655 19
889 3605 1052 3664 αὐτοῖς
1083 3611 1214 3657 MUT
1346 3615 1400 3656 23
1433 3607 1582 3665 ὄντας
1610 3623 1694 3667 pro
1726 3601 1946 3663 ἅπαντας
1975 3609 2072 3665 UT,
2105 3605 2252 3662 ὄντας
2282 3601 2502 3663 ἅπαντας

407 3681 549 3726 dubit.
579 3680 711 3737 Emp.
830 3685 881 3725 25
913 3677 939 3740 ἢ
970 3682 1052 3728 UT
1171 3686 1417 3742 διοσημεῖα
1450 3681 1488 3726 U
1605 3677 1848 3740 αἰφνήδιος
1877 3680 1926 3724 Μ
2089 3683 2141 3725 27
2175 3679 2505 3739 βουλομένους

405 3751 528 3797 UBT
644 3754 697 3795 28
728 3746 1063 3808 ὕπειλιμμένον
1092 3753 1139 3796 Μ
1257 3757 1310 3797 32
1343 3748 1663 3812 συγκειόμεθα
1693 3751 1744 3796 Μ
1860 3753 1913 3796 33
1943 3749 2133 3797 κλέουσι
2164 3750 2202 3794 Τ
