2684 4140
924 213 1336 261 CORINTHIACA
1363 212 1593 259 XXXVII.
2245 209 2311 256 23

229 364 648 425 κατοικούντων,
689 363 765 422 ὡς
803 361 867 412 εὖ
901 362 995 411 τὸν
1034 358 1208 430 ἄνδρα
1246 360 1339 410 καὶ
1379 355 1697 429 φιλοκάλως
1743 357 2128 424 ἀμειψάμενοι
2164 356 2306 424 ὑπὲρ

230 455 332 499 τοῦ
364 452 554 516 γένους
590 453 693 497 τοῦ
725 447 1010 515 Δωρικοῦ,
1063 443 1132 496 οὗ
1175 447 1272 515 τὴν
1323 446 1513 514 φωνὴν
1558 443 1861 513 ἐπησκήκει
1909 443 2037 510 ἄχρι
2084 446 2187 491 τοῦ
2219 442 2313 491 καὶ

237 530 411 600 λέγειν
452 530 683 594 δυνατὸς
721 530 881 582 εἶναι.
958 533 1008 581 εἰ
1047 528 1109 581 δέ
1144 548 1231 591 τις
1271 531 1332 579 οὐ
1370 531 1661 590 Λευκανὸς
1700 529 1802 591 ὤν,
1849 523 1989 577 ἀλλὰ
2022 519 2308 592 Ῥωμαῖος,
2332 527 2398 576 25

236 615 361 668 οὐδὲ
400 623 502 667 τοῦ
536 614 810 687 πλήθους,
849 613 988 666 ἀλλά
1026 621 1137 666 τῶν
1175 616 1570 684 ἱπποτρόφων,
1613 610 1738 663 οὐδὲ
1776 613 1874 682 τὴν
1915 613 2105 681 φωνὴν
2142 613 2313 676 μόνον

177 710 201 751 5
239 699 379 752 ἀλλὰ
415 703 508 753 καὶ
544 703 641 772 τὴν
676 702 896 770 γνώμην
931 702 1024 751 καὶ
1060 701 1158 770 τὴν
1198 697 1418 750 δίαιταν
1454 700 1547 750 καὶ
1584 700 1646 748 τὸ
1689 703 1868 766 σχῆμα
1906 702 2016 747 τῶν
2048 687 2315 766 Ἑλλήνων
2350 704 2353 708 ’

232 783 533 856 ἐζηλωκώς,
570 787 663 836 καὶ
699 779 872 836 ταῦθ’
916 786 1092 846 οὕτως
1118 787 1394 854 ἐγκρατῶς
1418 785 1511 834 καὶ
1537 787 1884 852 περιφανῶς,
1925 783 2002 843 ὡς
2041 782 2166 832 οὔτε
2204 786 2315 831 τῶν

233 873 345 941 πρὸ
400 873 573 922 αὑτοῦ
611 862 894 936 Ῥωμαίων
948 871 1072 920 οὔτε
1122 875 1232 920 τῶν
1281 863 1421 919 καθ’
1477 870 1644 919 αὐτὸν
1684 860 1952 936 Ἑλλήνων
2012 867 2317 936 (εἰρήσεται

233 955 356 1023 γάρ)
396 953 522 1006 οὐδὲ
572 955 678 1016 εἷς·
727 960 837 1005 τῶν
884 956 985 1020 μὲν
1033 954 1136 1023 γὰρ
1170 949 1435 1023 Ἑλλήνων
1480 954 1611 1013 τούς
1660 952 1924 1019 ἀρίστους
1973 952 2126 1001 ἔστιν
2177 947 2318 1001 ἰδεῖν

235 1042 412 1092 ἐκεῖσε
461 1042 605 1109 πρὸς
652 1040 720 1090 τὰ
769 1045 878 1090 τῶν
919 1029 1204 1104 Ῥωμαίων
1254 1039 1556 1107 πράγματα
1618 1033 2051 1097 ἀποκλίνοντας,
2114 1036 2208 1084 τὸν
2260 1031 2317 1084 δὲ

159 1131 205 1173 10
243 1119 603 1194 [προστάτην]
641 1126 785 1193 πρὸς
823 1124 891 1174 τοὶ
918 1128 1028 1173 τῶν
1048 1116 1314 1192 Ἑλλήνων
1339 1123 1432 1172 καὶ
1457 1123 1670 1171 τούτων
1697 1123 1852 1171 ἕνεκα
1878 1121 1972 1170 καὶ
1997 1120 2123 1214 τὴν1
2123 1119 2319 1168 οὐσίαν

234 1211 328 1261 καὶ
365 1212 427 1260 τὸ
469 1207 761 1260 πολιτικὸν
799 1205 1019 1272 ἀξίωμα
1057 1209 1151 1258 καὶ
1189 1200 1373 1257 πάνθ’
1417 1203 1616 1267 ἁπλῶς
1654 1208 2007 1273 προῑ,έμενον
2050 1195 2123 1254 ἵν
2170 1201 2319 1270 αὐτῷ

0 1303 211 1346 (114311)
238 1301 408 1364 περιῇ
445 1295 502 1344 ἒν
542 1295 666 1344 ἀντὶ
702 1295 929 1343 πάντων
955 1286 1177 1362 Ἕλληνι
1227 1289 1408 1342 δοκεῖν
1446 1308 1507 1342 τε
1542 1291 1637 1341 καὶ
1674 1288 1821 1341 εἶναι
1858 1317 1924 1325 -—
1965 1285 2086 1339 εἶτα
2125 1291 2321 1336 τοῦτον

240 1380 335 1429 οὐκ
383 1380 543 1448 ἐχρῆν
592 1394 708 1446 παρ
774 1378 903 1442 ὑμῖν
943 1379 1175 1428 ἑστάναι
1207 1374 1476 1441 χαλκοῦν,·
1522 1377 1615 1426 καὶ
1660 1379 1801 1425 κατὰ
1842 1371 2010 1425 πόλιν
2047 1384 2133 1440 γε·
2174 1363 2314 1438 παρ’
2342 1372 2408 1421 26

239 1465 367 1529 ὑμῖν
402 1466 520 1528 μέν,
559 1464 648 1513 ὅτι
679 1455 949 1527 Ῥωμαῖος
987 1464 1064 1512 ὢν
1103 1459 1536 1532 ἀφηλληνίσθη,
1578 1461 1770 1529 ὥσπερ
1809 1463 1840 1530 ἠ
1883 1459 2089 1526 πατρὶς
2125 1459 2156 1526 ἡ
2196 1456 2324 1521 ὑμε-

161 1553 207 1596 15
232 1551 380 1614 τέρα,
420 1548 576 1617 παρὰ
607 1539 943 1616 Ἀθηναίοις
970 1544 1045 1611 δέ,
1086 1550 1172 1598 ὅτι
1211 1543 1479 1610 ἀττικίζει
1515 1553 1584 1616 τῆ
1624 1552 1802 1616 φωνῇ,
1842 1545 1999 1614 παρὰ
2037 1538 2325 1593 Λακεδαι-

236 1633 457 1698 μονίοις
497 1630 584 1695 δέ,
633 1635 722 1683 ὅτι
761 1630 1215 1703 φιλογυμναστεῖ,
1257 1633 1412 1702 παρὰ
1453 1637 1596 1682 πασι
1633 1629 1719 1694 δέ,
1758 1632 1846 1681 ὅτι
1887 1627 2206 1700 φιλοσοφεῖ
2234 1627 2327 1676 καὶ

239 1714 486 1779 πολλοὺς
521 1719 622 1782 μὲν
659 1715 764 1787 ἤδη
804 1710 1213 1787 τῶνἙλλήνων
1252 1719 1426 1787 ἐπῆρε
1468 1713 1977 1786 συμφιλοσοφῆσαι
2016 1710 2191 1780 αυτῷ,
2232 1711 2327 1761 οὐκ

239 1799 459 1869 ὀλίγους
498 1799 556 1852 δὲ
594 1803 687 1853 καὶ
723 1807 834 1852 τῶν
870 1802 1169 1871 βαρβάρων
1207 1803 1595 1852 ἐπεσπάσατο.
1682 1793 1780 1850 ἐπ’
1837 1800 1970 1850 αὐτὸ
2009 1798 2112 1866 γὰρ
2151 1801 2315 1846 τοῦτο
2341 1796 2407 1847 27

238 1887 331 1937 καὶ
367 1884 550 1937 ἐδόκει
585 1888 697 1937 ὑπὸ
738 1892 848 1938 τῶν
885 1887 1041 1937 θεῶν
1081 1886 1201 1937 οἷον
1239 1884 1565 1956 ἐξεπίτηδες
1601 1884 2069 1942 κατεσκευάσθαι,
2099 1874 2328 1950 Ἕλλησι

162 1978 210 2021 20
244 1974 370 2036 μέν,
423 1972 512 2022 ἵνα
552 1972 753 2037 ἔχωσιν
794 1973 849 2022 οἱ
885 1973 1185 2041 ἐπιχώριοι
1221 1979 1319 2043 τῆς
1350 1965 1608 2032 Ἑλλάδος
1646 1967 2004 2039 παράδειγμα
2055 1969 2131 2029 ὡς
2171 1960 2329 2017 οὐδὲν

239 2057 302 2106 τὸ
343 2054 729 2126 παιδευθῆναι
766 2063 868 2107 τοῦ
904 2063 1076 2126 φῦναι
1115 2058 1259 2125 πρὸς
1297 2058 1360 2106 τὸ
1391 2054 1572 2107 δοκεῖν
1601 2054 1892 2125 διαφέρει·
1926 2049 2222 2118 Ρωμαίοις
2251 2049 2328 2113 δέ,

0 2184 1 2198 ³
242 2141 330 2191 ἵνα
367 2134 504 2209 μηδ
549 2142 604 2191 οἱ
641 2143 703 2191 τὸ
745 2139 891 2192 ίδιον
918 2138 1139 2206 ἀξίωμα
1168 2139 1639 2210 περιβεβλημένοι
1666 2142 1729 2190 τὸ
1759 2137 2146 2190 παιδεύεσθαι
2185 2139 2330 2205 πρὸς

0 2233 1 2278 l
65 2233 216 2277 (46211)
239 2226 302 2275 τὸ
343 2222 562 2291 ἀξίωμα
602 2232 926 2295 παρορῶσι’
967 2223 1206 2287 Κελτοῖς
1245 2223 1322 2289 δέ,
1364 2227 1453 2276 ἵνα
1491 2222 1631 2295 μηδὲ
1668 2231 1782 2275 τῶν
1808 2224 2108 2293 βαρβάρων
2134 2219 2329 2291 μηδεὶς

239 2311 628 2379 ἀπογιγνώσκη
668 2318 766 2381 τῆς
798 2301 1110 2381 Ἑλληνικῆς
1148 2308 1431 2374 παιδείας,
1471 2308 1698 2377 βλέπων
1738 2311 1819 2371 εἰς
1856 2315 2070 2359 τοῦτον.

159 2401 205 2442 25
382 2396 599 2465 ἐστάθη
639 2398 740 2462 μὲν
780 2396 875 2446 οὖν
903 2394 996 2447 διὰ
1023 2398 1290 2458 τοιαύτας
1315 2396 1473 2457 τινὰς
1499 2398 1824 2465 προφάσεις
1851 2391 1965 2462 (ἵνα
1993 2395 2064 2462 μὴ
2099 2390 2330 2454 πλείους

241 2474 410 2543 λέγων
451 2474 593 2527 δοκῶ
634 2479 903 2546 προάγειν
940 2479 1180 2543 ἐμαυτὸν
1219 2478 1300 2538 εἰς
1338 2475 1691 2542 ἀπέχθειαν),
1733 2477 1856 2527 ἔστι
1895 2470 1949 2527 δ’
1994 2471 2092 2543 οὐχ
2130 2480 2324 2543 ὅμοιον
2349 2475 2414 2526 28

23 2572 218 2616 (u5R11)
241 2562 382 2630 ὑπὲρ
422 2562 784 2623 ἀναστάσεως
822 2563 1035 2623 εἰκόνος
1071 2559 1451 2629 βουλεύεσθαι
1487 2563 1581 2612 καὶ
1617 2562 2024 2630 καθαιρέσεως.
2110 2561 2203 2614 διὰ
2243 2565 2300 2613 τί
2312 2588 2330 2631 ,-

240 2647 327 2697 ὅτι
374 2649 605 2707 ἕκαστος
651 2648 863 2697 τούτων
907 2653 1018 2697 τῶν
1075 2640 1216 2714 παρ’
1268 2648 1398 2712 ὑμῖν
1446 2648 1850 2712 ἀνακειμένων,
1902 2646 2014 2698 εἴτε
2065 2642 2329 2714 (βελτίων

382 2899 407 2940 6
438 2892 504 2950 ὡς
532 2907 618 2941 om.
649 2894 699 2937 Μ
815 2898 838 2938 7
872 2889 1021 2941 αὐτοῦ
1048 2894 1087 2939 U
1119 2889 1266 2942 αὑτοῦ
1295 2896 1385 2940 ΒΜ
1513 2900 1537 2942 8
1567 2896 1699 2953 vulgo
1729 2896 1844 2940 haec
1871 2895 1938 2939 ita
1970 2895 2185 2940 eduntur:
2219 2893 2330 2950 τοὺς

241 2961 466 3026 ἀρίστους
495 2963 655 3013 ἔπεισε
684 2965 810 3026 πρὸς
837 2968 940 3020 (om.
972 2962 1099 3012 ἔστιν
1128 2966 1286 3023 ἰδεῖν),·
1322 2967 1532 3023 speciosa
1573 2978 1682 3011 sane
1721 2966 1879 3020 lectio,
1921 2977 2035 3022 quae
2068 2970 2218 3010 tamen
2248 2979 2331 3012 nec

241 3037 456 3083 librorum
484 3038 755 3082 auctoritate
783 3036 972 3082 fulcitur
1001 3049 1086 3082 nec
1117 3037 1310 3082 conexui
1340 3042 1450 3094 apta
1481 3040 1550 3082 est
1674 3041 1700 3081 9
1732 3031 2112 3090 άποκλείνοντας
2140 3036 2189 3079 Μ

249 3111 297 3151 10
329 3107 604 3166 προστάτην
633 3108 810 3162 seclusi,
840 3107 1187 3164 dittographiam
1216 3119 1317 3153 esse
1347 3111 1475 3153 ratus
1623 3111 1673 3152 11
1707 3107 1996 3165 προϊέμενον
2024 3106 2143 3161 libri,
2174 3108 2333 3166 προϊέ-

243 3193 388 3233 μενος
417 3177 628 3222 Reiskius
808 3180 857 3221 12
888 3173 940 3222 ἓν
969 3176 1076 3223 ἀντὶ
1105 3174 1301 3223 πάντων
1331 3178 1562 3232 ValesiuS,
1600 3175 1823 3224 ἐναντίον
1861 3174 2058 3224 πάντων
2086 3177 2191 3222 libri

250 3251 300 3290 17
331 3247 764 3306 συμφιλοσοφήσειν
781 3247 898 3302 libri,
922 3260 1036 3292 corr.
1060 3247 1239 3292 Geelius
1336 3252 1384 3293 18
1415 3242 1498 3294 ἐπ’
1521 3243 1638 3295 αὐτὸ
1662 3248 1854 3303 8ο1ᾶεη.,
1884 3247 2125 3295 ἐπέπαυτο
2142 3248 2247 3292 libri

247 3319 391 3363 τοῦτο
431 3330 517 3362 om.
548 3316 590 3361 U
737 3321 789 3360 19
829 3313 981 3375 ἕλληνι
1010 3317 1092 3362 UB
1237 3321 1290 3362 20
1330 3314 1518 3376 ἔχουσιν
1547 3319 1596 3363 Μ
1741 3316 1807 3374 ὥς
1843 3332 1929 3364 om.
1960 3319 2010 3363 M
2153 3322 2204 3363 21
2239 3323 2332 3365 δια·

246 3387 408 3447 φέρειν
438 3387 517 3432 UB
632 3391 685 3431 22
716 3387 889 3432 malim:
923 3382 1056 3434 αὐτοὶ
1087 3389 1157 3433 vel
1188 3380 1321 3436 οὗτοι
1351 3403 1432 3446 pro
1465 3388 1511 3436 οὶ
1626 3394 1681 3435 24
1711 3385 2019 3450 άπογινώσκῃ
2049 3390 2089 3435 U
2205 3387 2331 3449 ἑλλή-

247 3475 343 3504 νων
372 3458 412 3503 U
440 3462 574 3513 (corr.
606 3459 671 3514 M)
845 3462 898 3504 25
928 3457 1110 3519 ἐστάθη
1140 3460 1313 3516 scripsi,
1345 3454 1554 3520 ἐστάθην
1583 3461 1708 3519 libri3
1738 3463 1885 3519 prima
1913 3473 2110 3519 persona
2139 3473 2254 3518 quae
2283 3462 2330 3505 in

244 3529 506 3585 parenthesi
535 3526 774 3587 (ἐμαυτὸν)
804 3529 915 3574 ferri
943 3533 1105 3587 potest,
1137 3530 1210 3575 hic
1239 3531 1551 3588 intolerabilis,
1582 3532 1687 3590 quia
1715 3532 1785 3578 his
1815 3534 1962 3579 verbis
1992 3531 2247 3588 relegamur
2275 3531 2333 3575 ad

245 3613 289 3656 p.
323 3604 454 3655 22,19
487 3593 562 3647 ὅτι
590 3601 677 3658 μὲν
699 3593 784 3648 οὖν
812 3605 970 3654 καλῶς
992 3627 1044 3633 —
1066 3598 1246 3661 ἐστάθη
1342 3606 1395 3646 26
1417 3600 1651 3663 προάγειν
1679 3604 1828 3662 Emp.,
1859 3601 2123 3664 προσάγειν
2143 3601 2248 3646 libri

247 3675 298 3714 27
331 3668 617 3731 καθάρσεως
646 3672 685 3717 U
804 3675 855 3716 28
885 3673 1089 3728 βελτίων
1119 3669 1212 3720 εἴτε
1243 3673 1342 3718 add.
1374 3673 1509 3719 Dind.
1542 3678 1722 3720 secutus
1754 3676 2072 3721 casaubonum
