2684 4140
1064 266 1290 313 ORATIO
1320 266 1466 313 XVII.
2209 264 2312 313 249

221 433 322 482 χον
362 413 454 466 διὰ
493 417 590 485 τὴν
627 414 946 480 ἐπιθυμίαν
984 419 1086 463 τοῦ
1120 410 1409 475 πλείονος,
1461 412 1604 462 ὥστε
1652 412 1748 461 τὸν
1786 410 1926 461 θεὸν
1965 409 2157 472 αὐτοῖς
2195 412 2311 462 ἐνό-

224 496 386 566 μιζον
436 497 611 567 λέγειν
660 501 717 550 ἐν
767 500 849 550 ἑνὶ
896 499 1067 563 τείχει
1115 494 1442 564 περιλαβεῖν
1491 497 1591 557 τάς
1623 488 1871 565 Ἀθήνας
1917 497 2011 546 καὶ
2055 497 2153 566 τήν
2192 496 2308 546 ἀπὸ

223 586 436 655 μυρίων
486 600 598 635 που
653 581 896 634 σταδίων
948 583 1118 633 οὖσαν
1157 589 1341 652 νῆσον.
1417 586 1712 650 τοιγαροῦν
1751 582 1928 630 ἐκεῖσε
1967 577 2310 639 πλεύσαντες

225 662 288 719 οὗ
325 671 498 735 μόνον
523 666 780 729 Σικελίας
810 665 1133 738 διήμαρτον,
1173 663 1313 716 ἀλλά
1352 667 1446 717 καὶ
1482 673 1580 736 τῆς
1612 659 1865 734 Ἀττικῆς
1902 665 2307 734 ἐστερήθησαν,

167 762 190 802 5
225 755 319 804 καὶ
355 755 453 822 τὴν
492 750 660 803 πόλιν
700 746 868 822 αὐτὴν
906 750 1134 803 ἐπεῖδον
1172 752 1272 802 ἐπὶ
1307 754 1427 812 τοῖς
1466 747 1763 815 πολεμίοις
1800 753 2176 818 γεγενημένην.

65 845 208 889 (262Μ)
363 839 456 888 καὶ
492 838 560 887 τοὶ
598 839 699 903 μὲν
736 842 968 887 τοιαῦτα
1008 838 1058 887 εἰ
1095 833 1265 887 θέλοι
1301 853 1388 896 τις
1417 832 1718 897 ἐπεξιέναι,
1760 831 1925 904 δῆλον
1965 834 2041 894 ὡς
2081 825 2203 884 οὐδ’
2246 835 2304 884 ἐν
2328 841 2393 894 18

23 931 205 974 470311)
224 921 337 972 ἔτει
374 919 681 990 ἐπιλείψει.
760 925 1021 972 σκοπεῖτε
1070 913 1120 971 δ’
1174 922 1262 970 ὅτι
1298 921 1397 989 τὴν
1436 920 1591 984 ἰσχὺν
1632 920 1688 968 οἱ
1725 915 1988 968 πλεῖστοι
2024 924 2134 968 τῶν
2173 919 2307 985 ἀγα-

218 1006 344 1056 θῶν
394 1005 540 1057 εἶναι
586 1002 933 1072 νομίζουσιν·
984 1001 1111 1055 ἀλλ’
1167 1003 1327 1070 οἶμαι
1375 1008 1496 1065 τοῖς
1545 996 1643 1053 ἐπ’
1696 1005 1863 1071 ἄκρον
1914 1004 2170 1068 ἰσχύουσι
2216 1004 2310 1053 καὶ

220 1088 343 1143 λίαν
391 1089 809 1161 ὑπερβάλλουσι
856 1097 925 1159 τῇ
971 1090 1111 1155 κατὰ
1161 1091 1224 1139 τὸ
1278 1094 1437 1154 σῶμα
1488 1081 1671 1155 εὐεξίᾳ
1723 1090 1995 1156 συμφέρει
2043 1090 2213 1156 μέρος
2250 1105 2307 1137 τι

138 1184 186 1226 10
224 1167 392 1246 αὐτῆς
442 1173 698 1246 ἀφελεῖν·
749 1177 811 1224 τὸ
859 1175 963 1242 γάρ
1015 1171 1188 1223 πλέον
1238 1171 1398 1238 οἶμαι
1435 1178 1537 1221 τοῦ
1575 1175 1887 1239 συμμέτρου
1927 1164 2329 1237 παγχάλεπον.’

216 1261 428 1326 ὁμοίως
468 1262 499 1310 ὁ
535 1258 781 1320 πλοῦτος
819 1259 957 1323 ἔχων
995 1260 1094 1327 τὴν
1127 1259 1347 1324 χρείαν,
1386 1257 1483 1305 ἐὰν
1520 1257 1620 1320 μὲν
1657 1239 1693 1322 ᾗ
1730 1258 1984 1323 μέτριος,
2039 1248 2098 1305 οἱ
2144 1253 2314 1306 λυπεῖ

214 1347 344 1406 τούς
375 1346 618 1410 ἔχοντας,
659 1336 785 1393 ἀλλ’
830 1337 1215 1410 εὐχερέστερον
1253 1342 1347 1390 καὶ
1383 1341 1445 1409 νὴ
1486 1332 1586 1389 Δί>
1630 1336 1897 1408 ἀνεπιδεῆ
1938 1343 2173 1408 παρέχει
2209 1341 2305 1388 τὸν

210 1431 362 1496 βίον·
413 1430 509 1480 ἐὰν
564 1426 622 1479 δὲ
661 1424 979 1496 ὑπερβάλῃ,
1030 1423 1298 1486 πλείονας
1336 1428 1570 1494 παρέχει
1613 1425 1714 1485 τὰς
1765 1421 2072 1494 φροντίδας
2108 1425 2202 1474 καὶ
2238 1424 2306 1473 τοὶ

213 1512 434 1583 λυπηρὰ
462 1520 572 1583 τῆς
601 1510 873 1581 δοκούσης
906 1508 1125 1581 ἡδονῆς,
1163 1511 1257 1560 καὶ
1284 1506 1490 1559 πολλοὶ
1514 1512 1855 1579 μετενόησαν
1886 1507 2107 1579 σφόδρα
2136 1507 2307 1559 πλου-

134 1606 182 1649 15
217 1600 502 1668 τήσαντες,
544 1599 599 1647 οἱ
626 1595 684 1647 δὲ
714 1589 792 1647 δι’
838 1588 973 1646 αὐτὸ
1001 1601 1165 1645 τοῦτο
1193 1596 1407 1663 ἄποροι
1430 1595 1525 1644 καὶ
1560 1599 1671 1644 τῶν
1709 1590 2015 1658 ἐλαχίστων
2041 1598 2306 1664 κατέστη-

213 1697 331 1735 σαν.
479 1682 616 1734 εἶεν·
657 1675 782 1732 ἀλλ’
825 1683 883 1732 ἐν
920 1685 1053 1751 ημῖν
1093 1671 1301 1743 αὐτοῖς,
1342 1681 1392 1730 εἰ
1422 1685 1533 1729 τῶν
1571 1685 1669 1748 τῆς
1709 1680 1933 1748 φύσεως
1970 1685 2153 1747 μερῶν
2180 1682 2300 1730 ἔκα-
2324 1689 2389 1740 19

213 1782 344 1820 στον
383 1766 580 1819 ἐθέλοι
618 1765 998 1829 πλεονεκτεῖν,
1049 1756 1185 1815 ἔσθ’
1241 1766 1398 1825 ὅπως
1436 1765 1530 1814 τὸν
1569 1764 1915 1832 βραχύτατον
1950 1766 2144 1833 καιρὸν
2185 1761 2305 1815 δια-

207 1857 399 1920 μεῖναι
438 1851 832 1923 δυνησόμεθα,
871 1849 1009 1919 λέγω
1046 1848 1104 1900 δὲ
1134 1848 1254 1900 οἷον
1283 1850 1334 1900 εἰ
1360 1846 1533 1899 πλέον
1560 1849 1671 1898 τινὶ
1695 1854 1797 1897 τοῦ
1822 1852 2135 1918 συμμέτρου
2164 1847 2302 1914 αἷμα

208 1940 453 2007 γίγνοιτο
493 1940 524 2008 ἢ
565 1940 626 2009 νὴ
666 1939 782 1989 Δία
823 1939 885 1987 τὸ
926 1942 1145 2002 πνεῦμα
1189 1937 1253 1985 τὸ
1292 1935 1509 2002 θερμὸν
1554 1935 1660 1995 ὄ,τι
1688 1926 1894 2003 δήποτ’
1938 1935 1996 1984 ἐν
2021 1937 2151 2001 ἡμῖν
2178 1935 2302 1983 ἐπι-

130 2032 178 2074 20
213 2025 390 2074 τείνοι
438 2024 594 2088 παρὰ
645 2024 744 2093 τὴν
798 2024 1109 2090 σύμμετρον
1158 2021 1252 2070 καὶ
1292 2021 1389 2089 τὴν
1430 2019 1852 2087 προσήκουσαν,
1904 2011 2025 2082 οἰχὶ
2060 2016 2304 2085 μεγάλας

209 2109 532 2159 ἐπίστασθε
578 2109 672 2158 καὶ
715 2105 970 2173 χαλεπὰς
1020 2107 1079 2155 ἐκ
1126 2106 1339 2154 τούτων
1389 2104 1645 2153 ἀπαντᾶν
1694 2105 1924 2164 νόσους,·
1972 2104 2030 2153 ἐν
2081 2101 2138 2153 δὲ
2177 2107 2303 2164 ταῖς

212 2194 510 2263 ἁρμονίαις
559 2197 669 2242 τῶν
716 2193 964 2261 ὀργάνων
1012 2191 1252 2252 τούτων,
1304 2190 1354 2239 εἰ
1400 2185 1824 2257 πλεονεκτήσειε
1872 2193 1982 2238 τῶν
2032 2189 2301 2257 φθόγγων

13 2291 193 2334 471311)
211 2295 299 2339 τις
336 2285 405 2347 τῇ
442 2278 621 2340 τάσει,
661 2278 807 2346 πρὸς
844 2281 946 2326 τοῦ
967 2276 1112 2336 Διὸς
1152 2267 1249 2324 οὐκ
1287 2275 1491 2342 ἀνάγκη
1533 2277 1721 2324 πᾶσαν
1761 2270 2037 2323 λελύσθαι
2074 2275 2172 2343 τὴν
2211 2274 2305 2341 άρ-

212 2364 443 2429 μονίαν,·

126 2460 176 2502 25
360 2445 581 2518 σφόδρα
623 2437 675 2497 δ’
720 2447 889 2514 ἔγωγε
927 2440 1204 2510 θαυμάζω
1243 2445 1301 2495 τί
1337 2445 1404 2495 ἂν
1443 2445 1818 2514 ἐποιήσαμεν,
1869 2443 1919 2492 εἰ
1961 2444 2034 2508 μή
2074 2443 2169 2493 καὶ
2203 2448 2305 2492 τοῦ
2322 2451 2387 2502 20

207 2535 334 2601 βίου
374 2535 437 2583 τὸ
465 2530 758 2598 ἐλάχιστον
798 2531 954 2601 παρὰ
987 2536 1097 2581 τῶν
1134 2531 1289 2581 θεῶν
1326 2533 1529 2597 μέτρον
1557 2528 1791 2595 εἴχομεν,
1828 2525 2024 2595 (οἵπερ
2051 2529 2144 2578 καὶ
2181 2523 2305 2592 νῦν)

212 2620 404 2688 ὥσπερ
445 2619 527 2678 εἰς
564 2619 660 2668 τὸν
701 2618 878 2668 αἰῶνα
919 2611 1475 2685 παρασκευαζόμενοι
1514 2611 1687 2664 πλέον
1727 2611 1896 2674 ἄλλος
1934 2611 2104 2663 ἄλλου
2141 2610 2301 2683 φιλο-

214 2704 537 2770 τιμούμεθα
566 2704 725 2769 ἔχειν.
792 2703 984 2770 ὥσπερ
1011 2701 1105 2752 οὖν
1133 2700 1190 2752 εἴ
1209 2718 1296 2762 τις
1323 2698 1488 2761 εἰδώς
1514 2702 1602 2750 ὅτι
1627 2700 1658 2767 ἢ
1690 2691 1777 2749 δύ’
1807 2688 1843 2767 ἢ
1870 2704 2040 2766 τριῶν
2063 2701 2297 2766 ἡμερῶν,

213 2786 311 2836 ἐὰν
332 2783 603 2850 πλεῖστος
632 2786 955 2858 διαγένηται
970 2789 1187 2856 χρόνος,
1216 2787 1328 2851 ἔχει
1349 2783 1542 2848 πλοῦν,
1571 2785 1769 2834 ἔπειτα
1799 2781 1857 2833 δὲ
1887 2785 2146 2833 ἐνιαυτοῦ
2171 2787 2297 2832 σῖτα

127 2884 176 2926 30
212 2869 534 2938 ἐμβάλοιτο,
575 2875 812 2943 ἀνόητος
852 2869 1030 2936 δόξει,
1081 2873 1176 2922 τὸν
1217 2862 1384 2921 αὐτὸν
1423 2872 1662 2938 τρόπον,
1713 2867 1771 2918 εἴ
1801 2885 1887 2928 τις
1926 2869 2301 2931 ἐπιστάμενος

208 2958 297 3007 ὅτι
334 2954 515 3008 πλείω
567 2965 678 3009 τῶν
718 2956 1097 3027 ἑβδομήκοντα
1138 2958 1278 3006 ἐτῶν
1319 2946 1417 3005 οὐκ
1455 2955 1522 3003 ἂν
1561 2954 1846 3019 βιώσειεν,
1898 2953 1979 3011 εἰς
2016 2952 2109 3021 ἔτη
2144 2949 2299 3016 χίλια

355 3166 374 3206 1
410 3162 615 3216 πλέονος
642 3163 693 3207 Μ
867 3165 893 3206 2
924 3164 1200 3220 περιβαλεῖν
1228 3159 1382 3213 UBM;
1413 3161 1691 3217 περιλαβεῖν
1720 3155 1758 3200 Τ
1933 3161 1957 3201 6
1990 3151 2095 3204 οὐδ’
2125 3156 2177 3204 ἐν
2207 3151 2300 3202 ἔτει

208 3234 358 3289 Emp.,
390 3230 530 3280 οὐδὲν
560 3229 627 3279 ἔτι
657 3233 762 3279 libri
856 3237 879 3275 ’7
911 3230 1128 3290 ἐπιλήψει
1157 3231 1206 3274 Μ
1295 3236 1470 3276 σκοπεῖ
1497 3229 1546 3272 Μ
1579 3236 1779 3275 σκοπεῖν
1810 3228 1902 3283 UB,
1934 3241 2050 3272 corr.
2081 3227 2213 3283 Emp.

207 3308 231 3348 8
263 3305 482 3361 Hippocr.
514 3304 687 3360 Aphor.
720 3307 744 3347 3
778 3304 1011 3359 comparat
1039 3302 1145 3346 Wil.
1321 3297 1482 3358 ἄκρων
1510 3298 1562 3341 Μ
1723 3301 1749 3343 9
1779 3300 1913 3345 λείαν
1941 3297 1990 3340 Μ
2136 3301 2183 3341 11
2218 3293 2302 3354 τὴν

204 3375 354 3433 Emp.,
386 3371 488 3421 τινὰ
521 3375 626 3419 libri
771 3377 822 3417 13
854 3372 1059 3426 πλέονας
1089 3373 1135 3416 Μ
1256 3376 1305 3415 17
1337 3369 1491 3417 ἐθέλει
1521 3371 1559 3413 Β
1674 3373 1882 3426 διαμῖναι
1911 3369 1960 3412 Μ
2079 3370 2130 3412 19
2160 3380 2300 3424 pneu-

204 3447 417 3492 maticam
446 3446 713 3491 medicInam
747 3446 939 3490 Dionem
970 3443 1098 3501 sequi
1125 3448 1276 3487 monet
1305 3442 1409 3487 Wil.
1547 3445 1600 3485 20
1630 3444 1803 3500 κρᾶσιν
1829 3443 1933 3497 post
1962 3435 2302 3500 προσήκουσαν

204 3519 428 3572 adderem,
458 3517 718 3574 Emperium
749 3518 952 3571 secutus,
980 3515 1067 3559 nisi
1088 3514 1353 3570 dubitarem,
1383 3525 1443 3558 an
1471 3524 1528 3556 ex
1557 3510 1782 3559 ἐπιτείνοι
1802 3511 1946 3568 possit
1966 3506 2150 3563 τάσεως
2177 3507 2300 3552 notio

203 3591 407 3647 suppleri
523 3593 572 3633 21
606 3587 898 3635 ἐπίστασθαι
927 3586 975 3630 Μ
1094 3589 1146 3629 23
1178 3581 1342 3631 στάσει
1361 3584 1411 3628 Μ
1500 3587 1553 3628 26
1586 3580 1725 3642 οἵπερ
1753 3585 1835 3629 καὶ
1864 3584 1947 3628 νῦν
1975 3580 2127 3624 addidi
2154 3576 2224 3635 (οἵ
2246 3593 2301 3636 γε

203 3663 284 3707 καὶ
313 3665 396 3708 νῦν
426 3660 592 3717 EmP.),
623 3654 731 3706 ἀλλ’
762 3650 926 3717 ὥσπερ
959 3657 1037 3702 UB
1069 3648 1232 3714 ὥσπερ
1262 3655 1311 3698 Μ
1427 3658 1480 3700 28
1514 3646 1570 3702 οὗ
1599 3654 1648 3697 Μ
1736 3657 1788 3698 29
1820 3648 2063 3706 ἐνιαυτοὺς
2093 3651 2137 3698 εἰ
2164 3647 2221 3697 τὰ
2250 3647 2301 3690 Μ

208 3735 261 3775 30
291 3729 581 3791 ἐμβάλλοιτο
613 3731 664 3776 Μ
781 3734 828 3774 31
862 3730 1016 3787 χείλια
1048 3729 1098 3772 Μ
