2684 4140
305 253 405 301 132
1005 242 1150 287 DION
1156 241 1210 284 IS
1241 237 1663 284 PHILOCTETES

297 394 679 460 κατεμήνυσεν,
719 390 796 448 ὡς
833 388 1018 450 ἔτυχεν
1057 381 1412 449 αἰχμάλωτος
1439 379 1704 452 ληφθείς,
1746 382 1875 431 ἄνευ
1914 382 2129 430 τούτων
2165 374 2382 451 μήποτ’

229 484 259 533 3
298 479 364 527 ἀν
401 473 613 524 ἁλῶναι
647 473 746 540 τήν
784 466 968 519 πόλιν.
1035 470 1180 536 πρὸς
1216 469 1317 532 μὲν
1357 464 1420 537 δὴ
1462 467 1594 527 τούς
1626 463 1898 531 βασιλέας
1928 466 2024 529 οὐχ
2051 463 2386 536 ὡμολόγησα

294 561 390 628 τήν
429 553 650 622 πρᾶξιν,
690 554 1068 617 ἐπιστάμενος
1093 553 1192 622 τὴν
1219 557 1320 601 τοῦ
1345 548 1549 619 ἀνδρὸς
1575 551 1805 618 ἔχθραν,
1847 542 1893 616 ᾦ
1918 565 1977 617 γε
2007 551 2175 612 αὐτὸς
2202 550 2387 613 αἴτιος

292 643 553 709 ἐγενόμην
598 635 1084 706 καταλειφθῆναι,
1146 638 1238 687 ὅτε
1299 633 1531 705 δηχθεὶς
1592 636 1779 700 ἔτυχεν
1827 636 1940 685 ὑπὸ
1996 633 2249 706 χαλεπῆς
2295 638 2388 687 καὶ

295 727 524 777 ἀνιάτου
562 721 795 792 ἐχίδνης.
872 722 969 772 οὐκ
1006 723 1073 772 ἂν
1112 721 1208 772 οὖν
1247 714 1403 791 ᾤμην
1443 718 1570 771 οὐδὲ
1610 721 1803 771 πειθὼ
1832 723 2097 790 τοιαύτην
2124 718 2382 790 ἐξευρεῖν,
2420 734 2444 775 5

297 801 398 880 ὑφ’
441 809 507 878 ῆς
544 809 612 858 ἄν
651 823 791 857 ποτε
817 808 1027 868 ἐκεῖνος
1063 808 1191 872 ἐμοὶ
1235 805 1436 875 πρᾴως
1471 807 1653 871 ἔσχεν·
1694 799 1820 855 ἀλλ’
1864 806 2038 867 εὐθὺς
2075 807 2391 858 ἀποθανεῖ-

301 895 446 944 σθαι
484 886 639 962 ᾤμην
675 885 779 942 ὑπ’
824 893 1007 942 αὐτοῦ.
1083 893 1316 961 ὕστερον
1357 889 1443 953 δέ,
1494 898 1593 961 τῆς
1623 882 1875 960 Ἀθηνᾶς
1911 907 2014 956 μοι
2050 890 2390 960 παρακελευ-

301 982 543 1048 σαμένης
589 970 729 1028 καθ’
772 978 1010 1040 ὕπνους,
1062 978 1255 1046 ὥσπερ
1296 975 1500 1039 εἴωθε,
1551 976 1876 1045 θαρροῦντα
1931 977 2030 1027 ἐπὶ
2078 979 2175 1028 τὸν
2214 976 2389 1043 ἄνδρα
2656 975 2670 1025 3

300 1065 470 1114 ἰέναι’
512 1063 646 1133 αὐτὴ
686 1063 791 1132 γὰρ
830 1059 1090 1125 ἀλλάξειν
1116 1079 1224 1128 μου
1252 1064 1315 1112 τὸ
1344 1059 1496 1123 εἶδος
1520 1062 1614 1112 καὶ
1639 1063 1737 1132 τήν
1767 1063 1975 1131 φωνήν,
2017 1062 2160 1112 ὥστε
2189 1059 2391 1114 λαθεῖν

214 1155 247 1202 4
286 1148 436 1216 αὐτῷ
476 1145 893 1215 ξυγγενόμενον·
944 1149 1088 1198 οὕτω
1130 1145 1193 1217 δὴ
1236 1148 1484 1217 ἀφῖγμαι
1521 1147 1835 1217 θαρρήσας.
1913 1147 2284 1214 πυνθάνομαι
2324 1146 2381 1199 δὲ
2422 1159 2469 1200 10

291 1236 386 1286 καὶ
422 1233 579 1302 παρὰ
617 1239 727 1283 τῶν
769 1235 1002 1301 Φρυγῶν
1041 1233 1310 1302 πρέσβεις
1348 1229 1719 1283 ἀπεστάλθαι
1755 1234 1957 1302 κρύφα,
1995 1233 2092 1282 ἐάν
2131 1248 2258 1294 πως
2298 1230 2387 1283 δύ·
2411 1247 2605 1288 (3051111)
2666 1224 2671 1260 ³

293 1311 501 1371 νωνται
537 1321 633 1369 τὸν
675 1316 1022 1388 Φιλοκτήτην
1060 1319 1361 1379 πείσαντες
1389 1316 1595 1386 δώροις
1623 1319 1736 1382 ἅμα
1774 1319 1868 1368 καὶ
1907 1315 2001 1368 διὰ
2041 1319 2139 1388 τὴν
2177 1319 2389 1387 ἔχθραν
2669 1311 2671 1313 ’

294 1407 392 1475 τὴν
431 1406 575 1472 πρὸς
611 1407 755 1471 ἡμᾶς
794 1401 1094 1470 ἀναλαβεῖν
1133 1404 1215 1465 εἰς
1253 1405 1352 1473 τὴν
1382 1401 1551 1453 πόλιν
1579 1404 1747 1453 αὐτὸν
1771 1403 1962 1453 καὶτὰ
1989 1400 2141 1466 τόξα.
2206 1407 2391 1455 τοιού-

294 1505 392 1539 του
433 1493 800 1557 προκειμένου
840 1486 1026 1539 ἀθλου
1066 1494 1192 1550 πῶς
1232 1489 1294 1538 οὐ
1334 1490 1521 1538 πάντα
1556 1490 1657 1558 χρὴ
1700 1486 1875 1556 ἄνδρα
1915 1489 2214 1555 γίγνεσθαι
2252 1493 2391 1559 πρό·

294 1575 511 1639 θυμον,’
550 1575 626 1634 ὡς
665 1572 1103 1642 διαμαρτάνοντι
1128 1580 1227 1643 τῆς
1254 1570 1514 1640 πράξεως
1540 1576 1746 1643 ταύτης
1774 1575 1959 1624 πάντα
1999 1574 2067 1623 τὰ
2107 1577 2384 1643 πρότερον
2426 1585 2470 1625 15

230 1663 260 1712 5
300 1661 632 1727 εἰργασμένα
669 1660 850 1727 μάτην
889 1659 1264 1728 πεπονῆσθαι
1301 1658 1496 1708 ἔοικεν.
1561 1662 1786 1709 παπαῖ·
1827 1661 2127 1727 πρόσεισιν
2167 1660 2198 1708 δ
2236 1660 2389 1729 ἀνήρ.

297 1744 463 1804 αὐτὸς
501 1740 594 1793 ὅδε
633 1744 663 1792 ὁ
700 1743 987 1804 Ποίαντος
1026 1746 1191 1805 παῖς,
1243 1743 1339 1792 οὐκ
1377 1739 1586 1811 ἄδηλος
1634 1749 1703 1811 τῇ
1753 1739 2042 1811 ξυμφορᾷ,
2089 1740 2255 1808 μόλις
2300 1746 2394 1795 καὶ

291 1825 554 1894 χαλεπῶς
593 1827 935 1896 προβαίνων.
1012 1829 1055 1877 ὠ
1095 1833 1199 1877 τοῦ
1227 1824 1485 1891 χαλεποῦ
1517 1828 1611 1877 καὶ
1650 1824 1839 1877 δεινοῦ
1865 1828 2175 1895 ὁράματος·
2217 1830 2394 1890 οὕτως
2417 1842 2563 1880 (57611)

296 1915 360 1963 τό
386 1929 445 1962 τε
486 1906 628 1981 [γὰρ]
669 1910 821 1973 εἶδος
847 1913 959 1962 ὑπὸ
987 1919 1086 1982 τῆς
1123 1914 1292 1962 νόσου
1335 1912 1579 1982 φοβερὸν
1616 1913 1651 1981 ἥ
1680 1928 1739 1962 τε
1770 1909 1936 1982 στολή
1979 1913 2192 1982 ἀήθης·
2233 1911 2396 1982 δοραὶ

295 1998 516 2067 θηρίων
552 1994 933 2047 καλύπτουσιν
973 1997 1156 2048 αὐτόν.
1221 1994 1362 2047 ἀλλὰ
1405 1999 1470 2047 σύ
1509 1999 1736 2062 ἄμυνον,
1775 1995 1818 2046 ὦ
1849 1994 2124 2048 δεσποινα
2158 1991 2388 2068 Ἀθηνᾶ,
2429 2009 2475 2049 20

296 2084 391 2134 καὶ
426 2084 498 2152 μὴ
538 2084 717 2151 μάτην
759 2089 942 2152 φανῇς
978 2086 1109 2150 ήμῖν
1156 2084 1513 2152 ὑποσχομένη
1565 2084 1664 2152 τὴν
1716 2083 2013 2151 σωτηρίαν.
2099 2080 2397 2153 (Φιλοκτή-

233 2169 265 2219 6
303 2168 438 2237 της.)
515 2168 586 2218 Τί
624 2165 687 2237 δὴ
727 2165 1084 2233 βουλόμενος,
1123 2170 1282 2229 ὅστις
1320 2166 1380 2218 εἷ
1411 2183 1552 2218 ποτε
1586 2169 1669 2230 σύ,
1706 2168 1738 2236 ἢ
1779 2168 1905 2218 τίνα
1943 2165 2156 2232 τόλμαν
2194 2166 2396 2235 λαβών,

301 2255 542 2320 πότερον
580 2254 837 2322 ἁρπαγῆς
858 2254 1022 2322 χάριν
1048 2254 1201 2323 ἥκεις
1227 2255 1326 2304 ἐπὶ
1350 2250 1515 2323 τήνδε
1540 2254 1639 2323 τὴν
1665 2254 1885 2317 ἄπορον
1926 2255 2123 2322 στέγην
2159 2254 2191 2323 ἢ
2230 2256 2397 2304 κατά-

304 2352 516 2399 σκοπος
564 2345 662 2403 τῆς
709 2341 981 2407 ἡμετέρας
1031 2336 1362 2403 δυστυχίας,·
1411 2367 1481 2374 -
1534 2337 1597 2389 Ο.
1658 2336 1741 2388 Οὔ
1787 2338 1880 2387 τοί
1925 2353 1984 2404 γε
2035 2336 2172 2406 ὁρᾷς
2221 2336 2398 2404 ἀνδρα

301 2424 581 2492 ὑβριστήν.
606 2450 675 2458 -
709 2421 770 2474 Ο.
806 2422 885 2474 Ού
923 2426 1031 2492 μὴν
1070 2424 1298 2486 εἰωθώς
1323 2440 1383 2491 γε
1411 2426 1688 2493 πρότερον
1715 2419 1877 2491 δεῦρο
1904 2423 2070 2491 ἥκεις.
2102 2450 2174 2457 —-
2217 2421 2278 2473 Ο.
2314 2421 2392 2473 Οὐ
2430 2435 2477 2476 25

301 2509 403 2577 γὰρ
453 2509 705 2569 εἰωθώς·
756 2507 840 2577 εἴη
899 2506 958 2559 δὲ
1007 2510 1102 2560 καὶ
1150 2515 1244 2560 νῦν
1290 2510 1348 2559 ἑν
1394 2507 1575 2578 καιρῷ
1623 2507 1892 2577 ἀφῖχθαι.
1943 2534 2014 2542 —-
2064 2510 2131 2558 Φ.
2171 2505 2399 2578 Πολλὴν
2668 2533 2673 2581 3

305 2591 491 2651 ἔοικας
532 2585 763 2659 φράζειν
802 2587 1034 2657 ἀλογίαν
1072 2597 1171 2661 τῆς
1223 2588 1384 2660 δεῦρο
1426 2588 1575 2641 ὁδοῦ.
1604 2618 1676 2626 —
1718 2590 1780 2643 Ο.
1821 2592 1903 2642 Εὖ
1936 2593 2123 2644 τοίνυν
2163 2592 2295 2644 ἴσθι
2336 2594 2398 2643 ού
2670 2588 2673 2623 ³

300 2676 471 2742 χωρὶς
510 2676 696 2737 αἰτίας
732 2692 802 2740 με
840 2677 1044 2744 ἥκοντα
1081 2677 1175 2726 καὶ
1216 2676 1311 2726 σοί
1344 2691 1405 2742 γε
1445 2676 1541 2726 οὐκ
1567 2673 1865 2746 ἀλλότριον
1893 2680 2300 2748 φανησόμενον.
2330 2705 2399 2713 --

240 2763 268 2811 7
312 2762 377 2810 Φ.
417 2761 616 2811 Πόθεν
667 2758 732 2830 δή
747 2779 766 2821 ,·
813 2767 978 2811 τοῦτο
1027 2761 1130 2829 γὰρ
1172 2766 1399 2829 πρῶτον
1438 2762 1586 2822 εἰκός
1622 2779 1692 2826 με
1741 2760 1968 2814 εἰδέναι.
2018 2790 2091 2797 -—
2143 2762 2206 2813 O.
2241 2756 2394 2813 Ἀλλ’
2423 2776 2633 2817 momen)

306 2846 422 2909 εἰμὶ
459 2838 708 2914 Ἀργεῖος
755 2852 866 2896 τῶν
905 2848 1005 2897 ἐπὶ
1047 2846 1256 2914 Τροίαν
1306 2842 1687 2897 πλευσάντων.
1748 2874 1819 2881 -
1869 2850 1937 2898 Φ.
1987 2849 2216 2910 Πόθεν,·
2266 2850 2394 2898 εἰπὲ
2432 2858 2480 2899 30

308 2926 496 2991 πάλιν,
536 2931 612 2990 ὡς
650 2928 783 2981 εἰδῶ
826 2935 1191 3001 σαφέστερον.
1235 2958 1298 2966 -—
1342 2929 1404 2981 Ο.
1440 2929 1652 2981 Οὐκοῦν
1691 2927 1816 3000 [ἔτι]
1856 2930 2115 3002 δεύτερον
2154 2935 2402 2995 ἀκούεις·

308 3018 417 3063 τῶν
455 3007 553 3063 ἐπ’
585 3007 753 3065 Ἴλιον
803 3018 1261 3084 στρατευσάντων
1303 3008 1543 3080 Ἀχαιῶν
1582 3015 1730 3067 εἶναί
1777 3034 1940 3086 φημι.
1979 3045 2051 3054 —
2091 3021 2158 3068 Φ.
2200 3016 2405 3079 Καλῶς

454 3152 471 3190 1
510 3142 563 3201 ὃς
581 3162 663 3205 pro
685 3146 750 3204 (ὃς
769 3150 865 3204 UB,
898 3142 981 3198 ὅτε
1003 3151 1198 3197 Casaub.
1287 3155 1483 3211 ληφθεὶς
1503 3152 1544 3198 U
1565 3156 1623 3207 (ει
1653 3165 1682 3197 a
1701 3167 1817 3198 corr.
1839 3160 2083 3211 superscr.)
2180 3159 2205 3199 2
2230 3151 2408 3212 ὁμολό-

315 3230 437 3274 γησα
466 3217 517 3261 Μ
658 3224 686 3263 4
713 3225 1106 3281 καταλειφθεῖναι
1144 3222 1188 3268 U
1217 3236 1275 3267 m.
1306 3237 1377 3280 pr.
1524 3229 1548 3267 5
1580 3227 1739 3270 πειθοῖ
1770 3224 1809 3269 U
1954 3229 1977 3268 7
2009 3241 2093 3282 μοι
2123 3239 2211 3271 0111.
2242 3225 2293 3270 M

313 3291 338 3329 8
369 3283 542 3333 εἴωθεν
570 3288 610 3333 U
728 3295 779 3335 10
811 3284 962 3346 οὕτως
992 3292 1032 3338 U
1179 3297 1229 3338 13
1261 3290 1380 3349 τόξα
1410 3297 1498 3341 τοῦ
1527 3294 1846 3355 προκειμένου
1874 3295 1958 3341 UB
2106 3300 2158 3340 14
2186 3299 2407 3353 πανταχῇ

315 3353 465 3416 ἄνδρα
493 3359 743 3416 γίγνεσθαι
774 3365 843 3407 δεῖ
871 3362 922 3406 Μ
1011 3367 1062 3407 15
1093 3362 1466 3423 διαμαρτάνοντι
1496 3365 1577 3410 UB
1608 3365 1989 3426 διαμαρτάνουσι
2016 3366 2067 3411 Μ
2097 3362 2406 3426 διαμαρτόντι

317 3427 445 3484 Emp.
478 3440 503 3472 e
531 3429 631 3473 cod.
663 3430 693 3474 S
812 3435 862 3476 16
893 3429 1074 3480 ἔοικεεε
1104 3438 1148 3487 (ν
1176 3441 1369 3491 erasum)
1391 3436 1430 3482 U
1521 3441 1570 3481 17
1601 3440 1684 3496 τῆς
1713 3439 1958 3496 ξυμφορᾶς
1986 3436 2066 3482 UB
2173 3440 2224 3481 18
2257 3431 2410 3488 οὕτως

317 3511 418 3542 cum
447 3501 738 3554 sequentibus
770 3502 1002 3548 coniunxit
1029 3504 1155 3560 wil„
1184 3506 1270 3551 del.
1301 3503 1396 3566 γὰρ
1424 3507 1454 3551 1.
1480 3511 1532 3552 19
1563 3508 1631 3553 vel
1660 3509 1853 3553 traiecto
1882 3512 1988 3564 post
2018 3508 2158 3566 δοραὶ
2253 3509 2306 3549 26
2339 3502 2407 3563 εἴη

319 3567 367 3614 δὲ
398 3567 608 3624 Οειεαιιὶ).,
639 3570 683 3616 εἰ
710 3571 758 3617 δὲ
787 3572 890 3616 libri
978 3577 1029 3618 27
1063 3568 1121 3621 οὗ
1146 3572 1300 3635 χώρεε
1319 3579 1507 3633 ναιτίας
1526 3578 1565 3623 U
1586 3592 1645 3622 m.
1668 3591 1752 3635 pr„
1782 3590 1811 3622 a
1831 3591 1945 3622 corr,
1968 3572 2024 3624 οὖ
2041 3572 2184 3636 χάριν
2203 3581 2255 3620 ut
2285 3577 2322 3620 B

320 3641 373 3682 29
402 3635 530 3684 πόθε
559 3639 601 3684 U
630 3654 687 3685 m.
720 3655 785 3698 pr.
915 3640 972 3689 τὸ
1004 3657 1085 3701 pro
1116 3650 1261 3693 τοῦτο
1292 3648 1343 3693 Μ
1458 3651 1508 3693 31
1543 3646 1614 3695 ἔτι
1642 3662 1730 3694 0111.
1760 3648 1816 3703 Β,
1845 3647 1896 3691 M
1925 3646 1974 3691 in
2001 3660 2110 3702 mrg.
2141 3647 2289 3704 811ΙΨ]-

319 3705 511 3756 ἀκούειν
538 3710 589 3756 Μ
704 3715 757 3755 32
787 3711 864 3758 ἐπὶ
895 3714 929 3756 Β
