2684 4140
366 239 470 287 208
1116 225 1324 273 DIONIS
1351 226 1438 272 DE
1467 226 1713 273 INVIDIA

360 384 486 440 ταῖς
531 372 780 444 γυναιξίν
791 391 812 435 ,·
864 372 1228 441 ἀγαπήσουσι
1285 371 1389 440 γὰρ
1441 371 1757 438 ὠνούμεναι
1805 374 1907 426 κᾶν
1958 371 2126 442 ὀλίγῳ
2176 372 2381 442 βελτίω
2433 378 2464 447 ἢ

362 465 537 513 ὁποῖα
574 459 856 510 εἰώθασιν
895 456 1061 505 αὐταὶ
1096 456 1339 522 βάπτειν
1378 457 1436 508 έν
1481 461 1605 519 τοῖς
1653 458 1848 528 ἀγροῖς
1898 461 1976 521 ὡς
2024 460 2209 525 ἔτυχε,
2258 462 2354 513 καὶ
2404 460 2645 543 οὐξὲξὲῖξίξ

360 542 664 615 ζητήσουσι
713 540 1027 593 δευσοποιὰ
1073 541 1168 592 καὶ
1227 538 1485 612 ἁλουργῆ.
1534 570 1607 580 -·
1653 544 1793 606 Πῶς
1850 545 1955 615 γὰρ
2017 541 2352 616 ζητήσουσι,·
2400 576 2471 585 —

358 630 426 680 A.
470 630 645 696 Φέρε,
696 623 1070 695 πορνοβοσκῷ
1118 623 1177 676 δὲ
1219 626 1282 676 οὐ
1320 624 1767 698 κερδαλεώτερόν
1817 647 1877 680 τε
1924 631 2019 682 καὶ
2055 631 2287 696 ἄμεινον
2325 634 2471 703 πρὸς

358 716 456 784 τήν
494 709 748 783 ἐμπολὴν
785 713 959 778 μόνον
996 711 1142 776 ἔχειν
1180 718 1346 763 τοῦτο
1367 708 1508 781 ’<τὸ>
1535 711 1751 776 ὄνειδος
1787 715 1882 766 καὶ
1904 718 2078 782 μόνον
2106 717 2274 769 αὐτὸν
2301 718 2464 769 ἀκού·
2500 727 2525 768 5

361 817 444 851 ειν
475 799 714 868 κακῶςῆ
746 798 844 849 σύν
871 800 1103 868 ἑτέροις,
1143 799 1355 864 ὁμοίως
1379 800 1481 864 μὲν
1508 800 1566 851 ἐν
1592 797 1760 851 πόλει
1797 804 2078 871 τρέφοντα
2115 804 2210 853 καὶ
2246 803 2476 854 ἀσκοῦν-

357 902 426 935 τα
465 890 723 935 τοιοῦτον
758 884 1010 953 θρέμμα,
1052 885 1264 950 ὁμοίως
1304 882 1364 935 δὲ
1407 885 1490 947 εἰς
1514 883 1776 938 Πυλαίαν
1810 887 1905 939 καὶ
1941 887 2043 948 τὰς
2087 884 2262 948 ἄλλας
2297 903 2476 958 πανη-

361 972 548 1039 γύρεις
587 972 969 1039 πορευόμενον
1006 971 1101 1021 καὶ
1139 972 1485 1040 περιάγοντα
1498 988 1511 1032 ;
1549 999 1620 1011 --
1659 973 1777 1024 Καὶ
1814 973 1963 1022 πάνυ
2001 988 2104 1038 μοι
2143 970 2304 1024 δοκεῖ
2334 989 2474 1042 πορ-

362 1056 634 1123 νοβοσκὸς
672 1053 956 1119 εὔξασθαι
993 1057 1061 1107 ἂν
1100 1053 1319 1126 ἀνδρῶν
1371 1059 1685 1123 ὁμοτέχνων
1737 1053 1953 1127 πολλὴν
2001 1058 2256 1126 ἐρημίαν.
2295 1086 2367 1094 -
2402 1060 2472 1110 A.

293 1143 325 1192 5
354 1124 478 1210 Ἆρ’
523 1141 619 1192 οὖν
655 1143 749 1193 καὶ
774 1142 909 1208 περὶ
935 1143 1164 1194 πάντων
1191 1140 1391 1204 ἁπλῶς
1418 1144 1597 1204 οὕτως
1622 1141 1984 1211 ὑπελάμβανε
2010 1149 2123 1198 τῶν
2154 1144 2256 1205 τὰς
2295 1143 2468 1205 αὐτὰς
2505 1152 2553 1195 10

368 1228 636 1296 ἐργασίας
673 1223 1072 1295 ἐργαζομένων,
1113 1229 1191 1290 ὡς
1228 1225 1540 1298 βλαβεροὺς
1579 1230 1743 1291 ὄντας
1783 1225 2049 1298 ἀλλήλοις
2085 1229 2180 1280 καὶ
2205 1226 2474 1295 ἐμποδών

367 1313 514 1381 πρὸς
551 1314 648 1363 τὸν
684 1313 842 1380 βίον,·
889 1341 959 1348 -
1008 1314 1156 1382 Περὶ
1194 1316 1454 1378 πάντων,
1507 1315 1584 1377 ὡς
1634 1317 1697 1365 τὸ
1751 1315 1915 1375 εἰκός.
1964 1341 2037 1354 —-
2073 1315 2142 1365 A.
2176 1308 2333 1365 Ἀλλ’
2379 1315 2476 1365 οὐκ

364 1397 612 1464 ἔπρεπεν
653 1397 815 1464 οἶμαι
850 1390 991 1449 καθ’
1035 1401 1270 1450 ἕκαστον
1309 1397 1612 1462 ἐπεξιέναι.
1687 1401 1781 1450 καὶ
1817 1400 1921 1468 γὰρ
1960 1391 2058 1450 ἐπ’
2103 1396 2299 1461 ἀλλοις
2336 1399 2476 1460 ἔθος

364 1484 517 1535 ἐστὶν
556 1482 706 1551 αὐτῷ
745 1485 880 1554 περὶ
917 1481 1048 1535 ὅλου
1087 1491 1191 1535 τοῦ
1239 1487 1573 1555 πράγματος
1625 1481 1860 1556 φράζειν
1909 1476 2008 1555 ἐφ’
2054 1487 2178 1546 ένὸς
2214 1485 2246 1554 ἢ
2290 1481 2474 1536 δυοῖν·

365 1568 487 1620 οῖον
526 1572 659 1620 ὅταν
700 1577 782 1639 φῇ
817 1563 956 1638 μηδ’
999 1571 1067 1621 ἂν
1104 1571 1240 1636 βοῦν
1279 1568 1614 1622 ἀπολέσθαι
1651 1572 1764 1622 τινὶ
1801 1572 1931 1622 ἄνευ
1958 1577 2057 1640 τῆς
2082 1575 2185 1620 τοῦ
2217 1570 2469 1636 γείτονος
2507 1580 2554 1622 15

365 1655 660 1724 πονηρίας,
702 1655 765 1704 ού
805 1653 989 1724 δήπου
1020 1656 1193 1725 φησὶν
1220 1657 1309 1706 ὅτι
1345 1655 1481 1721 βοῦν
1505 1657 1608 1721 μὲν
1635 1653 1920 1707 ἀπολέσαι
1957 1656 2025 1706 ἂν
2062 1656 2262 1722 γείτων
2301 1670 2475 1723 πονη-

362 1739 516 1807 ρὸςῆ
551 1736 700 1806 ἀλλῳ
736 1741 1013 1810 συγγνοίη,
1054 1740 1345 1809 πρόβατον
1375 1738 1434 1791 δὲ
1475 1740 1587 1804 οὔκ,
1627 1741 1695 1791 ἀν
1735 1735 2051 1808 [ἀπόλοιτο,
2090 1734 2207 1808 ἐὰν]
2247 1736 2480 1808 δύνηται

366 1821 595 1887 λαθεῖν,
648 1822 775 1875 οὐδὲ
827 1824 958 1892 αἶγα
1008 1830 1120 1880 τῶν
1157 1823 1371 1890 καλῶν,
1423 1831 1535 1878 τῶν
1575 1823 1722 1876 πολὺ
1762 1823 2155 1893 ἀμελγομένων
2192 1826 2287 1875 καὶ
2325 1822 2477 1876 διδυ-

363 1915 755 1974 μοτοκουσῶν·
797 1908 938 1961 ἀλλά
980 1908 1148 1981 δῆλον
1187 1913 1276 1963 ὅτι
1314 1912 1392 1973 ὡς
1419 1913 1565 1982 πρὸς
1607 1915 1898 1973 συνιέντας
1938 1908 2086 1978 λέγει
2123 1911 2254 1973 τούς
2292 1911 2477 1977 ἐντυγ-

294 1996 328 2047 6
360 1998 637 2061 χάνοντας
683 2000 805 2058 τοῖς
855 1998 1189 2067 ποιήμασιν.
1275 1997 1470 2050 οὐκοῦν
1521 1999 1656 2066 περὶ
1702 1999 1933 2048 πάντων
1982 1989 2150 2048 αὐτὸν
2198 1998 2280 2049 ἑνὶ
2326 1994 2468 2064 λόγῳ
2507 2009 2557 2054 20

368 2087 562 2152 φῶμεν
601 2083 659 2132 έν
696 2082 901 2152 βραχεῖ
931 2080 1109 2150 λέγειν
1151 2084 1329 2145 οὕτως
1367 2089 1479 2134 τῶν
1520 2085 1851 2150 ὁμοτέχνων,
1893 2084 1971 2144 ὡς
1999 2083 2124 2134 οὔτε
2157 2080 2476 2152 φιλούντων

369 2168 570 2228 αὐτούς
610 2168 735 2218 οὔτε
776 2165 1215 2220 λυσιτελούντων
1242 2166 1542 2240 ἀλλήλοις,·
1579 2197 1648 2206 -
1673 2170 1836 2221 Πάνυ
1862 2171 1964 2235 μὲν
1993 2168 2104 2219 οὖν.
2133 2197 2203 2208 --
2227 2169 2295 2220 Δ.
2325 2169 2568 2236 Φέρε-(415
2586 2180 2664 2216 ΒΕ

370 2249 433 2322 δὴ
477 2254 622 2321 πρὸς
659 2254 831 2316 θεῶν,
870 2258 902 2324 ή
943 2257 1168 2325 ναυτικὴ
1209 2258 1369 2324 τέχνη
1410 2256 1582 2319 ἐστίν,
1620 2255 1847 2326 ἢῆττόν
1874 2271 1929 2305 τι
1956 2261 2055 2324 τῆς
2078 2259 2476 2324 κεραμευτικῆς

513 2480 533 2521 1
567 2472 663 2536 γὰρ
694 2488 722 2520 a
750 2490 809 2520 m.
841 2489 928 2522 sec.
960 2477 995 2520 P
1112 2480 1193 2524 καὶ
1222 2490 1306 2535 pro
1335 2473 1430 2525 κᾶν
1459 2477 1593 2522 ΜΗΡ
1710 2478 1890 2538 βελτίω
1921 2473 1951 2536 ἢ
1983 2472 2132 2524 ὁποῖα
2161 2477 2243 2522 ΡΗ
2271 2478 2479 2537 βελτίων

370 2541 522 2594 ὁποῖα
542 2547 592 2591 Μ
620 2550 798 2607 βελτίω
832 2544 982 2596 ὁποῖα
1013 2549 1095 2594 UB
1184 2552 1209 2594 2
1242 2543 1362 2597 αὐτὰ
1384 2545 1592 2608 βάπτειν
1620 2549 1674 2596 ἐν
1703 2557 1807 2605 τοῖς
1836 2543 2008 2609 ἀγροῖς
2028 2551 2064 2593 Β
2094 2547 2149 2596 ἐν
2178 2556 2281 2603 τοῖς
2310 2542 2481 2607 ἀγροῖς

371 2612 493 2667 αὐτὰ
523 2616 733 2679 βάπτειν
762 2622 869 2674 (hoc
899 2621 1014 2675 ord.)
1047 2621 1086 2666 U
1203 2615 1343 2668 αὐτοὶ
1371 2621 1408 2665 Ρ
1555 2616 1719 2680 ἔτυχεν
1748 2620 1881 2666 MBU
2017 2616 2090 2676 οἷς
2117 2633 2202 2681 pro
2233 2615 2299 2674 ὡς
2328 2619 2365 2663 Ρ

373 2693 398 2734 3
430 2688 686 2750 ζητήσουσι
716 2692 786 2737 bis
815 2691 1043 2746 Reiskius,
1074 2695 1268 2752 ζητοῦσι
1298 2691 1402 2737 libri
1543 2696 1571 2736 4
1600 2689 2015 2753 κερδαλαιώτερον
2042 2691 2094 2736 Μ
2230 2696 2254 2735 5
2285 2686 2343 2737 τὸ
2375 2690 2479 2735 add.

371 2761 479 2806 editi
623 2768 647 2807 7
680 2766 874 2811 τοιοῦτο
907 2764 945 2808 Β
1119 2768 1143 2808 8
1175 2765 1506 2824 πορνοβοσκῷ
1535 2767 1639 2819 (om.
1671 2760 1917 2818 εὔξασθαι)
1948 2763 2030 2808 UB
2193 2766 2244 2806 10
2273 2756 2481 2818 ὑπελάμ-

368 2838 522 2893 βανεν
551 2834 643 2878 ΒΜ
755 2836 874 2880 inter
904 2829 1053 2890 αὐτὰς
1082 2838 1129 2881 et
1156 2835 1254 2896 ἑργ.
1286 2848 1448 2881 rasura
1476 2834 1518 2881 U
1665 2838 1710 2879 11
1746 2830 1951 2892 ἐμπόδια
1983 2833 2062 2879 UB
2093 2828 2279 2891 ἔμποδα
2313 2833 2363 2877 Μ

378 2908 427 2949 13
457 2903 724 2967 ἐπέτρεπεν
752 2907 885 2952 ΜΗΡ
916 2903 1228 2967 ἔπεεεερεπεν
1258 2910 1438 2962 (rasura
1469 2909 1494 2953 2
1524 2906 1796 2958 litterarum)
1826 2905 1870 2951 U
2058 2902 2296 2960 ἐπεξίεται
2326 2904 2363 2948 P

381 2980 435 3022 14
462 2975 595 3024 ἐστὶν
623 2974 740 3033 ἔθος
769 2979 872 3032 (hoc
903 2978 1018 3033 ord.)
1048 2978 1090 3024 U
1269 2982 1319 3023 15
1351 2981 1419 3038 φῇ
1447 2972 1559 3037 μηδ’
1590 2973 1654 3025 ἄν
1682 2976 1817 3022 ΠΒΜ
1846 2978 1988 3035 φησὶν
2018 2969 2075 3027 οὗ
2105 2974 2188 3020 ΡΗ
2217 2974 2284 3019 Cf.
2316 2975 2400 3033 Op.
2437 2978 2483 3019 et

377 3048 487 3094 Dies
518 3053 600 3094 348
632 3045 735 3097 οὐδ’
766 3047 828 3098 ἄν
856 3053 975 3110 βοῦς
1005 3043 1234 3098 ἀπόλοιτ’
1265 3050 1310 3097 εἰ
1335 3049 1398 3109 μὴ
1429 3051 1604 3109 γείτων
1633 3044 1786 3102 κακὸς
1818 3046 1889 3107 εἴη
1978 3052 2029 3093 16
2059 3049 2223 3094 δείπου
2254 3046 2302 3089 Μ
2407 3038 2482 3092 ὅτι

374 3124 498 3180 βοῦν
526 3117 763 3170 ἀπολέσαι
793 3119 868 3178 ἄν,
899 3122 943 3170 εἰ
967 3118 1031 3182 μὴ
1062 3124 1239 3183 γείτων
1268 3118 1483 3183 πονηρὸς
1512 3115 1589 3180 ᾖῆ
1619 3117 1776 3174 ἄλλως
1806 3115 2022 3179 συγγνώη
2042 3119 2124 3165 UB
2143 3118 2248 3173 (nisi
2268 3116 2390 3175 quod
2409 3117 2484 3161 hic

373 3204 464 3237 om.
494 3184 558 3251 ἦ),
587 3194 694 3239 item
722 3194 902 3239 omissis
933 3193 978 3241 εἰ
1002 3189 1066 3253 μὴ
1095 3197 1143 3238 et
1172 3185 1206 3252 ᾖ
1233 3193 1283 3238 Μ
1314 3184 1391 3239 ὅτι
1420 3195 1543 3252 βοῦν
1571 3190 1660 3249 μὲν
1690 3185 1911 3238 άπώλεσέ
1941 3207 2025 3244 τις,
2054 3185 2117 3237 ἄν
2136 3189 2310 3249 γείτων
2340 3202 2486 3246 πονη-

379 3258 467 3321 ρὸς
493 3256 523 3321 ἦ
553 3266 657 3318 (cet.
690 3269 795 3320 om.)
825 3265 932 3322 PH;
972 3265 1022 3309 M
1050 3265 1190 3322 igitur
1225 3268 1278 3313 ut
1309 3265 1426 3310 solet
1453 3264 1694 3320 genuinam
1724 3263 1962 3311 lectionem
1991 3259 2213 3315 servavit,
2242 3259 2331 3304 nisi
2362 3257 2484 3316 quod

381 3346 438 3378 cx
477 3334 561 3379 PH
596 3335 685 3392 μὲν
723 3336 978 3381 addendum
1026 3341 1116 3393 θεῖς
1169 3334 1298 3399 ἄλλῳ
1341 3336 1506 3392 scripsi
1545 3348 1628 3393 pro
1669 3330 1849 3389 ἄλλως,
1885 3332 2127 3377 Seldenum
2161 3332 2368 3383 secutus,
2409 3327 2487 3389 qui

375 3401 541 3459 ἄλλοις
712 3411 762 3451 17
795 3405 1056 3463 ἀπόλοιτο,
1099 3404 1186 3456 ἐὰν
1215 3407 1404 3454 seclusit
1433 3406 1543 3452 Wil.
1717 3408 1766 3450 18
1801 3398 1909 3451 οὐδὲ
1947 3402 2026 3458 αἲξ
2050 3401 2134 3447 PH
2299 3403 2486 3456 διδυμα-

386 3507 639 3550 τοκουσῶν
667 3506 717 3550 Μ
821 3510 872 3550 19
903 3503 1135 3566 δηλονότη
1163 3508 1200 3552 Ρ
1291 3477 1411 3567 πρὸσ
1422 3508 1667 3559 συνιέντας
1695 3505 1740 3550 Η
1829 3499 2136 3556 συνιόντας-Π
2157 3514 2212 3545 m·
2235 3512 2304 3556 pr·
2327 3498 2415 3543 ΒΜ

382 3578 433 3618 21
467 3576 624 3633 φαμὲν
652 3577 746 3631 UB,
777 3577 884 3621 item
914 3577 978 3633 M,
1009 3579 1090 3624 sed
1119 3596 1149 3624 α
1180 3580 1227 3623 in
1256 3592 1420 3625 rasura
1505 3575 1559 3624 ἐν
1587 3570 1811 3636 βραχὺΜ
1898 3569 1964 3627 ὡς
1993 3585 2078 3618 om.
2113 3570 2242 3641 UBM
2261 3582 2320 3615 m.
2342 3583 2411 3627 pr.

287 3659 289 3661 '
382 3649 435 3689 22
468 3642 642 3701 αὑτοὺς
670 3647 712 3693 U
743 3642 916 3702 αὐτοὺς
945 3649 1079 3693 ΒΜΗ
1109 3644 1269 3697 αὐτῶν
1297 3651 1334 3695 Ρ
1424 3653 1477 3694 23
1507 3645 1535 3708 ἡ
1566 3648 1647 3694 UB
1678 3649 1736 3704 τῆ
1755 3646 1805 3691 Μ
1834 3644 1879 3692 εἰ
1903 3642 1987 3688 PH
2072 3638 2102 3700 ἢ
2131 3643 2277 3700 ἦττον
2306 3639 2485 3696 scripsi,

375 3710 489 3763 ἀλλ’
518 3709 666 3775 ἧττον
695 3718 843 3776 ΠΒΜ,
871 3712 1018 3778 ἧττον
1047 3723 1149 3775 (om.
1181 3715 1306 3777 ἀλλ’)
1335 3721 1417 3766 ΡΗ
1537 3719 1795 3780 κεραμικῆς
1824 3717 1863 3762 Β
