2684 4140
377 267 480 316 323
1212 259 1531 305 APPENDIX
1559 261 1644 306 111.

375 428 475 472 τας
521 405 850 476 βασιλικοὺς
899 403 1096 472 λόγους
1146 403 1297 472 αὐτῷ
1347 402 1671 475 ἐξεπόνησε.
1767 410 2182 477 Χρυσόστομος
2232 411 2290 464 δὲ
2334 412 2468 469 κατὰ

375 497 471 545 τὸν
500 491 662 559 λόγον
692 491 788 555 οὐχ
816 491 996 550 οὕτως
1021 491 1155 540 ὅσον
1184 487 1278 540 διά
1305 507 1361 540 τι
1391 493 1711 557 σύμπτωμα
1739 493 1838 544 ἐπὶ
1863 495 1927 544 τὸ
1973 496 2471 567 εὐσχημονέστερον

372 577 860 644 μεταποιούμενον
898 572 1128 645 ἐκλήθη.
1205 581 1275 644 τῇ
1311 575 1416 643 γὰρ
1457 577 1574 626 ἀπὸ
1629 583 1733 627 τοῦ
1781 580 2061 644 στόματος
2099 581 2368 653 ἀποφορᾴ
2409 585 2471 634 οὐ

375 664 523 714 πάνυ
563 661 784 726 εὐτυχεῖ
825 662 1050 731 ἐχρῆτο,
1101 661 1178 722 ὡς
1230 658 1294 731 δὴ
1346 662 1440 712 καὶ
1487 658 1653 712 ἄλλοι
1702 659 1937 727 πολλοί,
1986 667 2082 716 καὶ
2131 668 2161 717 o‘
2208 671 2333 728 τοὺς
2384 666 2472 718 λό-

311 757 334 796 5
371 764 500 816 γους
538 747 705 807 θεῖος
744 742 1085 812 ἀπαγγέλλει
1124 745 1278 815 ἀνήρ.
1368 747 1511 816 φησὶ
1557 747 1660 816 γὰρ
1712 750 1845 816 περὶ
1884 750 2059 800 αὐτοῦ
2092 753 2150 802 ἐν
2193 754 2474 820 ἰαμβείοις

376 833 549 882 αὐτοῦ’
586 831 747 881 οὕτω.

713 929 871 979 Δίων
911 929 1160 992 ἀνέπνει,
1204 930 1398 999 φασίν,
1439 930 1502 979 οὐ
1539 921 1675 995 μάλ’
1719 929 1822 1001 ἡδύ
1862 945 1944 983 τι·

717 1020 916 1064 τοῦτον
957 1011 1096 1082 λέγω
1135 1015 1350 1078 Δίωνα,
1391 1013 1461 1064 οὗ
1495 1013 1675 1078 πολὺς
1715 1014 1892 1084 λόγος.

718 1101 811 1151 καὶ
848 1093 1002 1150 τοῦτ’
1047 1102 1383 1170 ἐκερτόμησε
1422 1106 1533 1151 τῶν
1571 1119 1659 1163 τις
1697 1103 1956 1154 ἀστικῶν.

293 1194 338 1235 10
720 1187 816 1236 τὸν
857 1178 910 1236 δ>
956 1186 1032 1247 ὡς
1072 1182 1214 1236 ἰδεῖν
1250 1190 1483 1253 γυναῖκα
1522 1188 1621 1256 τὴν
1661 1188 1848 1251 αὐτοῦ,
1891 1191 2138 1258 φράσαι·

725 1272 795 1321 Τί
831 1277 1027 1333 τοῦτο,·
1067 1271 1129 1321 οὐ
1167 1271 1271 1341 γὰρ
1312 1272 1570 1341 ἔφρασάς
1607 1289 1708 1338 μοι
1746 1275 1846 1343 τὴν
1884 1277 2066 1325 νόσον.

714 1358 809 1407 καὶ
845 1357 944 1427 τὴν
986 1358 1084 1408 σὺν
1124 1359 1286 1426 ὅρκῳ,
1331 1360 1511 1407 Τοῦτο
1552 1360 1782 1409 πάντων
1823 1360 2086 1428 ἀρρένων,

720 1443 921 1506 εἰπεῖν,
961 1445 1024 1493 τὸ
1068 1436 1373 1508 σύμπτωμ’
1419 1436 1626 1513 ᾠόμην,
1669 1445 1731 1493 οὐ
1775 1451 1878 1494 σοῦ
1910 1447 2114 1510 μόνου·

722 1533 992 1578 τοσοῦτον
1032 1525 1250 1596 ἀνδρῶν
1286 1529 1380 1578 καὶ
1421 1525 1603 1598 φίλων
1643 1530 1976 1580 ἀποστάτιν.

295 1620 341 1661 15
723 1614 753 1663 ὁ
788 1613 892 1682 γάρ
934 1610 1097 1680 λόγος
1137 1610 1379 1680 δίδαγμα
1419 1619 1520 1664 τοῦ
1560 1621 1767 1679 σεμνοῦ
1801 1617 2032 1683 τρόπου.

382 1713 506 1762 ἀντὶ
542 1713 729 1762 τοίνυν
767 1718 870 1762 τοῦ
898 1705 1235 1778 Ὀζόστομος
1276 1710 1481 1782 ἐλέχθη
1530 1714 1795 1783 εὐφήμως
1832 1716 2259 1782 Χρυσόστομος.
2360 1713 2484 1783 ἰδέᾳ

384 1796 442 1848 δὲ
479 1801 741 1867 κέχρηται
782 1800 1065 1867 συγκράτῳ
1106 1804 1209 1848 τοῦ
1234 1795 1397 1865 λόγου
1424 1795 1764 1868 Πλατωνικῇ
1801 1800 1895 1849 καὶ
1932 1798 2216 1868 Λυσιακῇ,
2258 1800 2383 1850 οὔτε
2421 1802 2485 1850 τὸ

384 1881 680 1953 διηρμένον
718 1890 821 1934 τοῦ
854 1881 1167 1945 Πλάτωνος
1204 1891 1303 1954 τῆς
1331 1886 1630 1954 Λυσιακῆς
1669 1881 1937 1935 ἀπολύων
1977 1882 2315 1954 ἀπλότητος,
2361 1885 2486 1935 οὔτε

386 1970 449 2019 τὸ
492 1970 790 2019 Λυσιακὸν
830 1971 912 2030 εἰς
951 1965 1245 2038 ἁπλότητα
1286 1966 1787 2038 ἐπιτετηδευμένον
1826 1976 1925 2040 τῆς
1949 1968 2320 2041 Πλατωνικῆς
2361 1984 2489 2035 σεμ-

298 2063 346 2104 20
383 2056 616 2124 νότητος
655 2055 1017 2123 ἀποστερῶν,
1069 2051 1211 2104 ἀλλὰ
1248 2055 1342 2104 καὶ
1382 2052 1733 2121 σεμνολογῶν
1770 2056 1912 2120 μετὰ
1953 2053 2224 2126 ἀφελείας
2260 2057 2355 2106 καὶ
2390 2057 2489 2126 τὴν

386 2137 657 2210 ἀφέλειαν
700 2132 941 2208 ἐξαίρων
981 2137 1074 2190 διὰ
1118 2142 1471 2207 σεμνότητος.

531 2236 727 2291 Suidas
766 2254 807 2291 S.
851 2254 926 2290 v.:
967 2240 1124 2289 Δίων
1167 2240 1197 2288 ὁ
1234 2240 1650 2307 Πασικράτους,
1690 2240 2040 2308 Προυσαεύς,
2084 2241 2362 2310 σοφιστὴς
2399 2242 2492 2290 καὶ

391 2321 729 2393 φιλόσοφος,
771 2323 832 2373 ὃν
857 2325 1270 2392 Χρυσόστομον
1307 2315 1591 2374 ἐκάλεσαν.
1655 2324 2013 2374 ἀντεποιεῖτο
2044 2322 2101 2375 δὲ
2134 2327 2488 2394 σεμνότητος,

391 2409 467 2469 ὡς
504 2409 598 2458 καὶ
638 2405 863 2478 λεοντῆν
904 2414 1096 2478 φορῶν
1136 2412 1414 2477 προϊέναι.
1478 2405 1543 2478 ἧν
1585 2406 1643 2459 δὲ
1687 2406 1891 2471 λεπτὸς
1929 2411 1992 2459 τὸ
2036 2416 2211 2475 σῶμα,
2249 2412 2342 2460 καὶ
2382 2407 2492 2460 διέ-

304 2504 352 2545 25
389 2500 560 2562 τριψε
600 2495 662 2543 τὸ
703 2491 974 2544 πλεῖστον
1012 2494 1169 2562 παρὰ
1215 2492 1477 2563 Τραιανῷ
1517 2493 1598 2560 τῷ
1636 2495 1918 2562 Καίσαρι,
1971 2496 2047 2555 ὡς
2084 2497 2178 2545 καὶ
2219 2495 2492 2562 συγκαθέ-

391 2575 597 2640 ζεσθαι
640 2569 699 2630 ἓν
738 2577 819 2646 τῷ
856 2576 1132 2646 βασιλικῷ
1162 2580 1415 2648 ὀχήματι.
1482 2579 1743 2648 ἔγραψεν,
1783 2581 1852 2629 Εἰ
1894 2581 2158 2649 φθαρτὸς
2199 2581 2228 2629 ὁ
2265 2582 2491 2645 κόσμος,

385 2658 684 2731 Ἐγκώμιον
717 2657 1053 2732 Ἡρακλέους
1090 2665 1184 2714 καὶ
1208 2661 1535 2726 Πλάτωνος,
1571 2657 1735 2733 Ὑπὲρ
1757 2654 1999 2734 Ὁμήρου
2040 2667 2185 2733 πρὸς
2210 2662 2493 2715 Πλάτωνα

394 2747 467 2812 δ’,
507 2751 653 2818 Περὶ
690 2755 800 2799 τῶν
832 2742 1201 2818 Ἀλεξάνδρου
1242 2750 1454 2818 ἀρετῶν
1492 2747 1569 2818 η’.

541 3019 592 3059 14
623 3011 874 3061 τοσούτων
903 3015 941 3058 Β
1086 3018 1135 3058 16
1167 3013 1319 3059 Schol.
1359 3015 1552 3059 Luciani
1582 3015 1847 3059 Hermotim.
1882 3028 1920 3059 c.
1954 3018 2022 3068 34,
2055 3014 2209 3058 eadem
2240 3015 2296 3059 de
2328 3014 2498 3059 Gelone

364 3144 367 3146 Β
397 3087 684 3144 Syracusano
716 3085 968 3131 narrantis:
1017 3088 1170 3132 Τοῦτο
1201 3087 1282 3131 καὶ
1312 3088 1419 3144 περὶ
1453 3087 1640 3139 Δίωνος
1670 3084 1945 3145 ἱστοροῦσιν
1985 3088 2070 3132 τοῦ
2101 3086 2404 3144 Προυσαέως,
2438 3079 2495 3131 ὃν

396 3161 477 3204 καὶ
498 3157 572 3204 διὰ
595 3160 739 3204 τοῦτο
762 3151 877 3203 κατ’
900 3151 1198 3216 εὐφημισμὸν
1225 3154 1583 3217 Χρυσόστομον
1603 3154 1940 3215 ἐπωνόμασαν.
1984 3157 2223 3213 Eunapius
2243 3157 2336 3202 vit.
2360 3158 2498 3214 Soph.

396 3243 442 3286 p.
466 3232 511 3274 3:
546 3230 675 3275 Δίων
708 3223 734 3275 ὃ
765 3227 820 3274 ἐκ
850 3230 1090 3283 Βιθυνίας,
1121 3223 1179 3275 ὃν
1207 3227 1474 3275 ἐπεκάλουν
1504 3222 1875 3285 Χρυσόστομον.
1935 3228 2200 3273 Theodorus
2222 3226 2498 3272 Prodromus

398 3298 584 3344 Notices
612 3304 657 3343 et
689 3297 902 3344 Extraits
930 3300 1017 3345 vol.
1050 3303 1090 3355 6,
1123 3314 1167 3356 p.
1200 3304 1305 3345 554:
1340 3295 1636 3356 Ἐθαύμαζεν
1675 3291 1890 3358 ὃἝἎλην
1929 3298 2018 3358 τὴν
2054 3300 2241 3352 Δίωνος
2276 3301 2499 3357 γλῶσσαν

399 3373 479 3416 καὶ
505 3372 685 3428 χρυσῆν
715 3364 864 3428 αὐτὴν
894 3365 993 3416 ἀπὸ
1025 3374 1112 3417 τοῦ
1142 3367 1427 3430 πράγματος
1447 3368 1853 3430 προσηγόρευσεν.
1902 3369 1966 3413 Et,
1983 3367 2119 3415 ibid.:
2157 3368 2253 3427 Τὴν
2283 3372 2310 3414 δ
2321 3362 2334 3381 ’
2365 3365 2500 3424 ὶεράν

400 3457 490 3487 σου
518 3442 757 3500 γλῶσσαν,
786 3439 1092 3500 ἳερομνῆμον,
1122 3444 1435 3499 διωνίζουσαν
1463 3442 1552 3499 μὲν
1582 3444 1689 3500 δίχα
1721 3443 1808 3488 τοῦ
1838 3434 2045 3497 ἀφελοῦς
2072 3441 2153 3485 καὶ
2179 3439 2500 3497 χρυσίζουσαν

401 3530 444 3558 κ.
476 3529 515 3558 τ.
546 3516 587 3557 λ.
634 3511 820 3556 Tzetzes
851 3511 993 3568 Exeg.
1023 3512 1075 3556 11.
1107 3526 1151 3569 p.
1179 3517 1274 3567 155,
1301 3518 1366 3567 13,
1398 3527 1535 3570 quum
1565 3527 1609 3570 p.
1647 3517 1786 3566 12,17
1818 3511 2009 3555 Dionem
2041 3502 2396 3568 Χρυσόστομον
2425 3522 2499 3553 vo-

403 3585 556 3628 catum
575 3582 776 3635 dixisset,
809 3582 953 3626 addit:
987 3583 1301 3640 Καλούμενον
1321 3580 1410 3630 τὸν
1441 3586 1599 3631 Δίωνα
1630 3586 1806 3630 τοῦτον
1827 3577 2182 3640 Χρυσόστομον
2212 3575 2358 3632 αὐτὸς
2386 3596 2501 3625 κατ-

404 3649 629 3710 ονομάζω
679 3648 1049 3711 κοπρόστομον,
1102 3646 1177 3699 ὅτι
1225 3653 1278 3700 ἐν
1314 3658 1385 3716 τῷ
1430 3658 1631 3716 Τρωικῷ
1672 3652 1887 3714 τραχέως
1937 3647 2137 3710 Ὁμήρου
2185 3646 2500 3696 καθάπτεται.

404 3723 629 3778 (Dindorf)
748 3722 875 3769 ἰδέαν
906 3723 944 3766 Β
1061 3727 1110 3768 21
1147 3722 1415 3784 σεμνότητα
1445 3727 1483 3770 Β
