2684 4140
748 243 1058 289 EMPERIUS
1088 244 1171 289 DE
1201 244 1412 291 EXILIO
1442 245 1661 292 DIONIS.
2145 248 2246 297 335

168 381 316 446 Quae
344 389 466 438 sunt
490 385 794 454 falsissima,
822 392 879 440 ut
903 387 1158 454 pleraque
1185 403 1322 455 quae
1349 387 1417 442 de
1438 388 1613 444 Dione
1637 388 1857 443 tradidit
1878 389 2246 446 Philostratus.

166 467 323 521 Hunc
358 473 537 522 tamen
574 477 784 524 secutus
824 476 904 525 est
941 469 1180 525 Photius.

306 552 532 620 Propius
569 571 602 607 a
640 571 767 607 vero
803 555 957 608 abest
992 561 1176 609 auctor
1213 572 1412 623 eorum,
1452 573 1589 624 quae
1626 557 1681 610 in
1720 556 1851 611 Cod.
1888 557 2080 613 Medic.
2107 559 2244 617 Plut.

166 640 249 703 49,
278 639 362 689 22.
403 642 456 690 et
481 638 723 692 Parisino
751 640 888 692 2958
917 640 1104 693 Dionis
1143 641 1392 708 operibus
1419 642 1715 709 praemissa
1752 643 2024 712 leguntur;
2063 659 2247 711 quam-

164 736 324 788 quam
362 721 407 775 is
447 737 656 789 quoque
694 722 972 777 manifesto
1000 741 1175 778 errore
1213 726 1568 779 narrationem
1594 726 1842 794 corrupit.
1919 726 2096 780 Verba
2133 729 2249 783 eius

168 805 301 858 haec
326 810 446 858 sunt
469 809 525 865 ¹):
565 810 735 876 ταύτῃ
763 825 853 859 τοι
889 811 981 860 καὶ
1018 817 1086 878 τῇ
1123 816 1225 859 τοῦ
1250 808 1411 877 λόγου
1435 813 1784 880 χρησάμενος
1811 814 1956 881 ῥύμῃ
1983 814 2076 862 καὶ
2102 815 2246 882 πρὸς

164 893 399 959 Νέρωνα
447 893 588 960 ὑπὲρ
638 899 748 943 τῶν
800 898 1003 944 ἑαυτοῦ
1049 893 1583 964 παρρησιασάμενος
1634 893 1815 964 φίλων
1862 897 2247 965 ἀειφυγίας

165 974 546 1045 κατεδικάσθη
586 979 679 1028 καὶ
707 974 771 1046 ἧν
797 977 875 1044 τῷ
904 973 1274 1047 ζημιώματι’
1252 981 1517 1044 επίτιμος
1543 981 1738 1046 τούτῳ,
1781 973 1840 1041 ἐς
1867 983 1959 1030 ὅτε
1991 979 2247 1031 Οὐεσπα-

168 1063 359 1111 σιανὸν
406 1065 437 1127 ἠ
487 1054 771 1127 Ῥωμαίων
820 1064 1033 1127 εὐτύχει
1081 1061 1371 1126 πολιτεία,
1423 1057 1468 1130 ᾦ
1518 1067 1910 1130 συγγενόμενος
1958 1065 2098 1114 κατὰ
2150 1067 2247 1134 τὴν

165 1143 424 1213 Νειλῳαν
456 1140 879 1215 Ἀλεξάνδρειαν
927 1149 1020 1197 καὶ
1070 1145 1254 1197 πολλοὶ
1293 1166 1402 1198 των
1435 1113 1672 1213 ιβασιλεῖ
1713 1150 2070 1214 ὑποθέμενος
2120 1150 2248 1218 ἀνη-

164 1233 374 1281 κόντων
424 1228 583 1291 τέλος
629 1233 722 1281 καὶ
758 1233 889 1292 τοὺς
927 1234 1213 1299 παρόντας
1261 1216 1587 1297 βασιλικοὺς
1628 1232 1824 1300 λόγους
1863 1232 2009 1299 αὐτῷ
2054 1226 2250 1295 ἐξεπό-

168 1330 345 1384 νησεν.
422 1314 596 1367 Homo
634 1314 803 1368 bonus
828 1314 1096 1367 Neronem
1133 1312 1372 1367 confudit
1410 1332 1527 1368 cum
1554 1316 1888 1388 Domitian03
1926 1315 2069 1368 idem
2108 1320 2251 1368 recte

166 1393 354 1466 opinor
392 1399 446 1451 in
483 1403 823 1465 perpetuum,
871 1414 976 1450 non
1014 1398 1067 1450 in
1104 1401 1338 1467 tempus,
1388 1398 1622 1453 Dionem
1670 1401 1964 1467 relegatum
2014 1398 2250 1452 tradidit.

170 1483 347 1537 Exilio
384 1488 578 1549 autem,
617 1487 899 1550 postquam
936 1483 1130 1537 multos
1168 1500 1351 1552 annos,
1390 1489 1448 1537 ut
1485 1483 1552 1538 de
1578 1484 1754 1538 reditu
1792 1485 1904 1538 eius
1934 1484 2037 1536 iam
2064 1483 2254 1553 despe-

168 1573 388 1635 raretur,
427 1566 656 1634 duravit,
696 1567 989 1621 Domitiani
1027 1567 1221 1622 caedes
1259 1567 1416 1622 finem
1455 1569 1651 1622 adtulit
1668 1572 1724 1631 2).

309 1653 593 1720 Reliquum
632 1657 738 1718 est,
777 1653 1028 1720 quoniam
1067 1652 1135 1706 de
1174 1657 1413 1721 tempore
1451 1653 1579 1707 satis
1617 1652 1876 1718 diximus,
1915 1657 1971 1705 ut
2009 1653 2253 1720 explore-

167 1754 282 1792 mus
331 1754 559 1805 quanam
614 1738 850 1791 locorum
901 1738 1319 1805 praescriptione
1359 1738 1548 1792 Dionis
1599 1738 1856 1805 relegatio
1894 1735 2043 1789 finita
2079 1737 2251 1790 fuerit.

172 1821 360 1889 Neque
400 1821 538 1874 enim
563 1825 674 1874 toto
700 1821 1058 1874 Romanorum
1085 1821 1310 1890 imperio
1338 1822 1387 1874 ei
1414 1820 1750 1874 interdictum
1779 1825 1875 1887 est,
1915 1819 2058 1887 quod
2084 1821 2251 1887 ipsius

170 1905 347 1959 verbis
385 1905 543 1958 facile
583 1904 1062 1971 demonstrabitur,
1112 1904 1208 1958 sed
1245 1909 1303 1957 ut
1338 1903 1551 1959 videtur
1598 1909 1799 1957 tantum
1839 1920 1868 1957 e
1906 1903 2160 1972 Bithynia
2197 1911 2249 1957 et

170 1991 391 2044 fortasse
417 1991 576 2043 Italia
611 1990 879 2056 relegatus
919 1994 1013 2043 est.
1071 1990 1137 2041 Et
1161 1990 1332 2042 Roma
1358 1989 1574 2056 quidem
1602 2004 1720 2042 eum
1749 1989 2046 2042 submotum
2073 1986 2256 2053 fuisse,

172 2093 239 2129 ex
279 2075 361 2128 his
402 2076 515 2129 eius
565 2075 743 2128 verbis
793 2075 974 2140 colligi
1022 2079 1200 2142 potest
1239 2073 1383 2127 Orat.
1424 2074 1463 2126 Ι.
1504 2074 1565 2126 Τ.
1605 2074 1645 2140 Ι,
1684 2090 1736 2141 p.
1767 2075 1850 2138 59,
1878 2076 1961 2124 40.
2037 2075 2112 2133 ὡς
2149 2074 2249 2141 γὰρ

169 2163 359 2225 ἔτυχον
404 2163 461 2211 ἐν
513 2167 580 2230 τῇ
631 2167 777 2229 φυγῇ
825 2176 965 2209 ποτε
1015 2157 1300 2225 ἀλώμενος
1339 2187 1406 2193 -—
1444 2161 1537 2209 καὶ
1574 2156 1787 2228 πολλήν
1826 2175 1883 2225 γε
1919 2152 2081 2225 χάριν
2124 2155 2249 2206 οἶδα

168 2250 289 2307 τοῖς
325 2247 506 2308 θεοῖς,
546 2247 634 2296 ὅτι
670 2263 739 2310 με
780 2246 875 2294 οὐκ
901 2243 1098 2294 εἴασαν
1123 2245 1337 2314 θεατὴν
1363 2244 1634 2310 γενέσθαι
1662 2240 1887 2292 πολλῶν
1913 2244 2006 2292 καὶ
2044 2239 2248 2291 ἀδίκων

170 2329 514 2400 πραγμάτων
558 2357 642 2380 —.
693 2329 950 2396 Reliquas
1000 2334 1167 2381 terras
1205 2328 1563 2381 Romanorum
1612 2327 1836 2394 imperio
1888 2324 2156 2392 subjectas
2207 2324 2257 2376 ei

168 2415 406 2482 patuisse
443 2413 569 2467 inde
606 2413 946 2481 intelligitur,
986 2411 1130 2479 quod
1167 2412 1285 2479 ipso
1334 2411 1677 2478 relegationis
1723 2415 1963 2478 tempore
2002 2409 2253 2477 Cyzicum

171 2500 221 2552 ei
258 2499 409 2552 licuit
432 2498 598 2551 adire.
661 2498 743 2551 Ibi
769 2498 920 2550 multi
947 2513 1066 2550 eum
1090 2496 1247 2549 amici
1275 2497 1594 2563 cognatique
1623 2498 1996 2560 convenerunt,
2036 2493 2255 2561 propius

170 2587 348 2636 autem
403 2581 475 2636 ad
519 2583 728 2651 patriae
777 2581 910 2636 fines
958 2598 1016 2636 se
1064 2581 1322 2635 accedere
1383 2582 1619 2635 voluisse
1675 2584 1862 2647 negat,
1916 2594 1984 2631 ne
2034 2578 2254 2631 exilium

172 2667 384 2735 aegrius
422 2667 561 2721 ferre
600 2667 870 2721 videretur
887 2669 941 2730 3).
1005 2665 1209 2720 Eodem
1239 2666 1483 2735 pertinet,
1523 2665 1665 2732 quod
1705 2663 1948 2731 quamvis
1976 2663 2186 2715 exulem
2223 2678 2255 2712 a

172 2754 350 2807 multis
390 2769 447 2806 se
485 2757 762 2818 vocatum,
811 2757 870 2806 ut
916 2767 1029 2805 rem
1076 2752 1347 2819 publicam
1395 2749 1542 2818 apud
1588 2750 1733 2816 ipsos
1772 2746 2062 2814 gereret4),
2114 2748 2166 2797 et
2203 2744 2256 2795 in

179 2839 547 2906 Peloponneso
587 2853 645 2890 se
682 2842 951 2891 versatum
989 2852 1106 2891 esse
1144 2835 1325 2890 scribit
1342 2835 1395 2897 ⁵).

319 2995 359 3043 1)
389 2989 492 3035 Vid.
522 2989 659 3047 Kays.
690 2988 903 3032 Philostr.
934 2987 990 3032 V.
1022 2987 1066 3030 S.
1099 3000 1143 3042 p.
1180 2990 1274 3029 171.

319 3063 362 3113 2)
391 3059 529 3103 Exilii
559 3058 899 3103 diuturnitatem
930 3057 1257 3107 demonstrant,
1297 3065 1412 3110 quae
1442 3063 1581 3107 supra
1621 3048 1874 3093 adtulimus.
1935 3047 2052 3091 Hinc
2092 3046 2254 3090 intelli-

173 3131 293 3186 gitur
323 3129 544 3186 quomodo
584 3129 712 3172 locus
751 3128 931 3182 quidam
961 3126 1086 3169 Orat.
1116 3125 1152 3169 I.
1185 3124 1237 3169 T.
1269 3123 1305 3168 I.
1336 3136 1382 3178 p.
1416 3126 1484 3177 61,
1514 3124 1584 3164 43.
1642 3117 2004 3175 interpretandus
2041 3116 2122 3161 sit.
2163 3118 2256 3161 Καὶ

175 3200 294 3258 μετὰ
327 3203 470 3246 τοῦτο
504 3194 556 3257 δὴ
588 3197 874 3258 προέλεγεν,
915 3188 989 3241 ότι
1030 3190 1085 3241 οὐ
1119 3193 1267 3247 πολὺς
1292 3189 1472 3253 χρόνος
1501 3186 1661 3237 έσοιτό
1693 3205 1776 3246 μοι
1815 3192 1897 3246 τῆς
1926 3184 2039 3246 ἄλης
2068 3189 2147 3232 καὶ
2177 3190 2258 3244 τῆς

175 3271 515 3328 ταλαιπωρίας,
546 3265 657 3315 ου’τε
687 3269 781 3320 σοί,
812 3262 957 3320 εἶπεν,
987 3262 1098 3312 ου’τε
1127 3272 1228 3318 τοῖς
1258 3261 1419 3316 ἄλλοις
1449 3256 1739 3320 ἀνθρώποις.
1788 3259 2008 3302 Nimirum
2050 3260 2257 3312 vergente

175 3343 263 3387 iam
296 3342 351 3385 ad
383 3341 548 3384 exitum
581 3337 824 3382 Domitiani
853 3336 1039 3392 imperio
1068 3336 1190 3380 istud
1220 3334 1478 3379 vaticinium
1509 3333 1550 3376 ei
1580 3331 1734 3375 datum
1763 3342 1862 3374 esse
1890 3328 2083 3383 fingitur.

325 3417 366 3464 3)
397 3412 431 3466 I,
454 3425 497 3467 p
518 3414 715 3464 485,11.
775 3406 868 3466 ἐγω
902 3408 951 3453 δὲ
982 3401 1068 3452 οὒκ
1095 3403 1274 3463 η’θελον
1303 3399 1438 3463 ἐγγὺς
1469 3400 1586 3449 ἰέναι
1615 3397 1739 3459 πρὸς
1769 3394 1939 3452 αὖτοὶς
1968 3414 2095 3483 τους-
2116 3412 2259 3454 ορους

177 3484 469 3541 (Bithyniae),
501 3479 619 3528 ἀλλά
651 3476 808 3526 ἐδόκει
836 3495 918 3533 μοι
950 3474 1007 3524 τὸ
1040 3479 1264 3523 τοιοῦτον
1296 3476 1540 3527 παντελῶς
1579 3467 1853 3531 ἀχθομένου
1892 3466 2022 3522 τινὸς
2051 3474 2170 3514 εἰναι
2199 3470 2257 3523 τῇ

176 3559 302 3616 φυγῇ
331 3558 410 3601 καὶ
442 3553 789 3609 ἕπιθυμοῦντος
819 3553 1084 3596 κατελθεῖν.

319 3630 362 3679 4)
396 3626 453 3676 ΙΙ,
491 3628 581 3677 197,
616 3628 682 3668 15.

319 3702 361 3751 5)
391 3698 428 3752 Ι,
460 3700 527 3749 59,
562 3699 629 3740 40.
