2684 4140
1089 276 1316 323 ORATIO
1345 277 1445 322 XV.
2206 274 2309 323 239

20 438 200 479 2541211)
363 426 457 477 καὶ
492 422 674 475 ἐδόκει
713 425 928 487 αὐτοῖς,
980 423 1042 473 ὃν
1080 424 1147 474 ἀν
1187 441 1275 484 τις
1322 407 1416 492 (ᾗ)
1458 426 1787 491 κεκτημένος
1835 422 2065 490 κυρίως,
2118 423 2310 490 ὥσπερ

225 508 361 561 ἄλλο
399 527 456 561 τι
492 515 603 560 τῶν
643 511 816 560 αὐτοῦ
844 510 1144 578 χρημάτων
1192 497 1226 577 ἢ
1274 508 1670 577 βοσκημάτων,
1724 508 1867 557 ὥστε
1913 503 2122 568 ἐξεῖναι
2161 505 2311 574 αὐτῷ

221 597 477 666 χρῆσθαι
515 589 624 659 ό,τι
659 591 939 661 βούλεται,
981 591 1143 654 οὗτος
1181 593 1374 660 ὀρθῶς
1414 590 1686 660 λέγεσθαί
1720 609 1779 642 τε
1809 593 1903 642 καὶ
1928 590 2076 642 εἶναι
2114 589 2313 653 δοῦλος

223 686 327 730 τοῦ
359 683 705 748 κεκτημένου.
770 676 944 729 πάλιν
985 678 1079 729 οὖν
1117 679 1468 748 ἠμφεσβήτει
1506 680 1537 728 ὁ
1572 679 1706 747 περὶ
1741 684 1839 747 τῆς
1867 674 2123 737 δουλείας
2162 677 2313 727 ἀντι-

168 774 193 815 5
231 762 401 830 λέγων
449 757 558 826 ο’,τι
603 764 744 813 ποτὲ
783 762 868 832 εἴη
907 764 971 813 τὸ
1007 765 1197 832 κύριον
1233 770 1332 833 τῆς
1373 764 1638 833 κτήσεως.
1710 764 1804 813 καὶ
1849 763 1952 831 γὰρ
2003 762 2183 812 οἰκίαν
2219 763 2314 813 καὶ
2333 764 2399 816 25

220 850 429 917 χωρίον
465 849 559 899 καὶ
597 848 779 899 ἵππον
815 850 910 899 καὶ
944 849 1078 914 βοῦν
1119 845 1366 909 πολλούς
1405 845 1508 918 ἤδη
1552 855 1797 919 φανῆναι
1822 853 1933 898 τῶν
1969 850 2315 916 κεκτημένων

227 931 404 984 πολύν
429 935 638 1002 ,χρόνον
677 933 740 983 οὐ
781 930 1013 994 δικαίως
1050 934 1304 998 ἔχοντας,
1349 934 1532 993 ἐνίους
1571 930 1629 983 δὲ
1669 933 1763 983 καὶ
1800 933 1956 1001 παρὰ
1995 938 2105 983 τῶν
2145 935 2316 982 πατέ-

226 1036 338 1086 ρων
378 1016 834 1088 παρειληφότας·
884 1019 1061 1078 οὕτως
1101 1015 1163 1087 δὴ
1211 1019 1304 1068 καὶ
1341 1018 1654 1086 ἄνθρωπον
1701 1015 1849 1067 εἶναι
1887 1015 2094 1077 ἀδίκως
2129 1023 2318 1085 κεκτῆ-

230 1103 390 1153 σθαι.
463 1105 557 1154 καὶ
593 1103 696 1172 γὰρ
737 1100 800 1173 δή
841 1108 953 1153 τῶν
988 1105 1285 1167 κτωμένων
1322 1096 1506 1169 [εἶναι]
1543 1103 1674 1162 τούς
1714 1102 1948 1165 οἰκέτας,
1995 1102 2186 1168 ὥσπερ
2224 1101 2320 1151 καὶ

19 1192 193 1239 muno
229 1188 298 1237 τὰ
338 1185 479 1238 ἄλλα
508 1185 820 1252 ξύμπαντα,
861 1187 918 1236 οἱ
941 1187 1042 1251 μὲν
1076 1178 1220 1252 παρ>
1264 1183 1448 1236 ἄλλων
1478 1183 1857 1252 λαμβάνουσιν
1883 1175 1916 1254 ἢ
1939 1188 2319 1251 χαρισαμένου

229 1274 382 1333 τινὸς
406 1262 440 1341 ἢ
465 1269 981 1341 κληρονομήσαντες
1006 1260 1039 1338 ἢ
1067 1271 1388 1338 πριάμενοι,
1427 1271 1576 1330 τινες
1604 1267 1663 1319 δὲ
1702 1267 1762 1332 ἐξ
1800 1270 1969 1339 ἀρχῆς
2006 1271 2137 1329 τοὺς
2164 1269 2320 1336 παρὰ

233 1358 401 1427 σφίσι
449 1356 844 1424 γεννηθέντας,
897 1355 992 1414 οὓς
1041 1355 1340 1420 οἰκογενεῖς
1386 1350 1667 1404 καλοῦσιν.
1750 1355 1939 1422 τρίτος
1980 1351 2037 1403 δὲ
2075 1354 2323 1421 κτήσεως

229 1443 458 1510 τρόπος,
500 1433 635 1491 όταν
672 1441 730 1490 ἐν
757 1435 986 1506 πολέμῳ
1018 1435 1204 1504 λαβὼν
1232 1435 1586 1504 αἰχμάλωτον
1611 1428 1644 1508 ἢ
1670 1440 1764 1489 καὶ
1791 1436 2143 1508 ληϊσάμενος,
2180 1438 2321 1487 κατὰ

229 1532 427 1575 τοῦτον
463 1525 560 1575 τὸν
598 1525 812 1593 τρόπον
850 1523 943 1591 ἔχῃ
988 1520 1589 1589 καταδουλωσάμενος,
1643 1517 1822 1591 ὅσπερ
1873 1522 2034 1588 οἶμαι
2083 1522 2325 1591 πρεσβύ-

154 1615 201 1658 15
238 1625 407 1669 τατος
444 1609 712 1659 ἁπάντων
751 1609 921 1659 ἐστίν.
996 1609 1127 1668 τούς
1162 1608 1266 1677 γὰρ
1306 1610 1568 1678 πρώτους
1604 1611 1932 1676 γενομένους
1959 1605 2193 1668 δούλους
2231 1607 2328 1657 οὐκ

228 1693 376 1755 εἰκὸς
413 1694 472 1743 ἐκ
511 1690 726 1743 δούλων
767 1699 940 1763 φῦναι
976 1695 1075 1763 τὴν
1115 1694 1314 1763 ἀρχήν,
1366 1690 1506 1743 ἀλλὰ
1555 1694 1668 1743 ὑπὸ
1722 1690 1982 1762 λῃστείας
2018 1682 2052 1762 ἢ
2092 1689 2322 1758 πολέμῳ

226 1778 614 1848 κρατηθέντας
641 1779 820 1839 οὕτως
846 1779 1275 1848 ἀναγκασθῆναι
1301 1776 1583 1829 δουλεύειν
1618 1782 1740 1839 τοῖς
1779 1775 2061 1844 λαβοῦσιν.
2126 1777 2321 1827 οὐκοῦν
2342 1779 2410 1829 26

230 1861 394 1924 οὗτος
443 1865 474 1913 ὁ
522 1860 909 1924 παλαιότατος
946 1865 1187 1931 τρόπος,
1236 1860 1298 1926 ἐξ
1347 1861 1415 1913 οὗ
1460 1865 1668 1923 πάντες
1711 1863 1767 1912 οἱ
1805 1860 2001 1913 λοιποὶ
2037 1863 2323 1931 ἤρτηνται,

233 1946 454 2020 σφόδρα
503 1949 753 2018 ἀσθενὴς
799 1950 894 1999 καὶ
943 1946 1101 1999 οὐδὲν
1149 1950 1288 2013 ἔχων
1339 1950 1592 2017 ἰσχυρόν·
1646 1942 1780 1999 ὅταν
1828 1949 1932 2016 γάρ
1984 1962 2125 1996 ποτε
2167 1944 2325 2015 δυνη-

16 2025 191 2113 453)Β20
226 2034 416 2085 θῶσιν
454 2035 660 2084 ἐκεῖνοι
686 2030 860 2084 πάλιν
888 2034 1225 2103 ἀποφυγεῖν,
1269 2031 1428 2084 οὐδὲν
1452 2031 1655 2084 κωλύει
1685 2031 2020 2101 ἐλευθέρους
2059 2030 2205 2083 εἶναι
2233 2032 2327 2082 αὐ-

232 2121 389 2182 τούς,
440 2120 517 2180 ὡς
567 2115 774 2179 ἀδίκως
814 2115 1209 2178 δουλεύοντας·
1261 2119 1405 2168 ὥστε
1446 2116 1572 2168 οὐδὲ
1625 2120 1902 2187 πρότερόν
1942 2132 2083 2166 ποτε
2133 2113 2327 2166 δοῦλοι

231 2201 390 2274 ἦσαν.
453 2204 634 2254 ἐνίοτε
674 2200 733 2253 δὲ
774 2203 836 2253 οὐ
874 2205 1047 2268 μόνον
1075 2204 1237 2254 αὐτοὶ
1275 2204 1569 2272 ἀπέφυγον
1607 2204 1705 2272 τὴν
1746 2199 2019 2264 δουλείαν,
2060 2198 2200 2250 ἀλλὰ
2238 2201 2332 2249 καὶ

232 2290 363 2350 τοὺς
403 2286 687 2350 δεσπότας
723 2285 1234 2338 κατεδουλώσαντο.
1307 2288 1602 2338 κάνταῦθα
1640 2285 1774 2358 ἤδη,
1824 2287 2016 2356 φασίν,
2057 2287 2329 2354 ὀστράκου

232 2376 654 2440 μεταπεσόντος
693 2373 846 2423 ἅπαν
883 2373 1133 2440 γίγνεται
1169 2373 1495 2423 τούναντίον
1546 2377 1656 2423 τῶν
1696 2374 1988 2441 πρότερον.
2170 2369 2328 2420 εἶπεν

156 2462 206 2503 25
244 2458 340 2509 οὖν
395 2475 483 2519 τις
534 2463 646 2508 τῶν
698 2460 996 2527 παρόντων
1053 2451 1145 2509 ὅτι
1190 2459 1395 2509 ἐκεῖνοι
1442 2459 1543 2523 μὲν
1593 2458 1754 2508 αὐτοὶ
1800 2456 1939 2518 ἴσως
1989 2457 2084 2506 οὐκ
2132 2457 2198 2506 ἂν
2249 2452 2333 2505 λέ-

232 2558 421 2610 γοιντο
474 2539 692 2606 δοῦλοι,
741 2546 864 2604 τοῖς
913 2540 972 2593 δὲ
1021 2540 1083 2605 ἐξ
1131 2544 1357 2594 ἐκείνων
1394 2547 1715 2610 γενομένοις
1761 2544 2013 2602 καὶτοῖς
2052 2539 2333 2607 δευτέροις

233 2629 328 2678 καὶ
375 2631 497 2688 τοῖς
543 2629 761 2697 τρίτοις
805 2629 1012 2697 κυρίως
1062 2629 1130 2678 ἂν
1177 2626 1282 2698 ἤδη
1342 2630 1624 2698 προσήκοι
1678 2634 1781 2678 τοῦ
1834 2630 2125 2693 ὀνόματος.
2219 2625 2335 2675 Καὶ

237 2718 389 2775 πῶς,-
434 2713 485 2763 εἰ
530 2714 632 2778 μὲν
678 2713 782 2782 γὰρ
833 2714 896 2763 τὸ
947 2710 1162 2764 ἁλῶναι
1205 2718 1373 2765 ποιεῖ
1404 2711 1712 2777 δουλεύειν,
1766 2714 1957 2773 αὐτοῖς
1994 2715 2115 2772 τοῖς
2153 2707 2325 2760 ἑαλω-
2350 2713 2415 2763 27

235 2800 364 2848 κόσι
409 2794 622 2863 μᾶλλον
672 2799 872 2849 τούτου
922 2800 1203 2868 προσήκοι
1251 2800 1318 2849 ἂν
1356 2789 1390 2868 ἢ
1428 2803 1550 2860 τοῖς
1587 2796 1651 2861 ἐξ
1685 2799 1938 2848 ἐκείνων·
1984 2798 2035 2847 εἰ
2074 2793 2133 2846 δὲ
2172 2796 2235 2843 τὸ
2275 2795 2334 2843 ἐκ

158 2885 207 2927 30
244 2881 458 2935 δούλων
494 2887 802 2951 γεγονέναι,
855 2881 1022 2954 δῆλον
1071 2877 1162 2935 ὅτι
1210 2881 1271 2946 ἐξ
1307 2881 1623 2952 ἐλευθέρων
1662 2885 1814 2942 ὄντες
1857 2887 1968 2931 τῶν
2007 2878 2333 2930 ἑαλωκότων

385 3037 405 3076 1
447 3024 479 3091 ᾖ
515 3031 616 3077 add.
656 3031 850 3088 Jacobs,
892 3037 998 3088 post
1032 3031 1321 3090 κεκτημένος
1359 3031 1496 3075 inseri
1533 3031 1703 3075 mavult
1734 3031 1865 3087 Emp.
1897 3031 1961 3084 (in
1992 3034 2186 3087 schedis)

240 3105 265 3145 2
297 3097 447 3148 αὐτοῦ
474 3102 524 3146 M
668 3105 693 3145 3
725 3093 878 3155 οὕτως
906 3102 986 3147 UB
1129 3106 1156 3144 4
1185 3098 1478 3160 ἠμφεσβήτει
1507 3100 1558 3144 Μ
1586 3095 1877 3162 ἠμφισβήτει
1907 3103 1987 3148 UB
2119 3109 2142 3148 7
2174 3103 2332 3153 ἐνίοτε

241 3171 291 3218 δὲ
319 3171 361 3216 U
476 3175 500 3216 8
534 3164 660 3219 οὕτω
691 3172 730 3215 Β
833 3176 858 3215 9
891 3168 1012 3218 εἶναι
1042 3173 1228 3217 seclusit
1254 3171 1466 3217 Reiskius
1587 3176 1637 3216 10
1668 3168 1727 3219 τὰ
1758 3169 1879 3220 ἄλλα
1908 3173 1999 3218 ΒΜ
2029 3172 2179 3222 τᾶλλα
2209 3176 2250 3221 U

241 3234 361 3300 παρ’
394 3238 552 3288 ἄλλων
577 3242 809 3299 ReiskiuS,
837 3238 933 3303 γὰρ
964 3240 1119 3296 ἄλλως
1148 3242 1253 3286 libri
1397 3241 1702 3302 χρησαμένου
1731 3242 1811 3288 UB
1959 3249 2007 3289 11
2040 3239 2336 3305 κληρονομή-

240 3328 419 3367 σαντος
446 3309 476 3372 ἢ
505 3313 770 3373 πριαμένου
797 3312 915 3367 libri,
948 3325 1067 3358 corr.
1099 3312 1313 3358 Reiskius
1486 3312 1714 3370 τρέφουσι
1750 3328 1835 3372 pro
1874 3311 1988 3370 τοὺς
2023 3316 2149 3361 malit
2178 3316 2335 3373 Emp.;

242 3384 461 3428 articulus
490 3384 600 3429 mihi
629 3396 806 3441 quoque
835 3386 1073 3441 suspectus
1213 3387 1262 3427 12
1291 3386 1492 3429 καλοῦσι
1520 3383 1562 3428 U
1676 3385 1879 3438 κτίσεως
1907 3386 1950 3431 U
2098 3389 2146 3430 13
2178 3385 2336 3444 ληϊσά-

240 3471 387 3512 μενος
414 3455 530 3510 libri,
561 3455 828 3513 λῃσάμενος
858 3455 989 3511 Emp.
1109 3458 1162 3498 14
1192 3446 1356 3513 ὥσπερ
1386 3455 1520 3500 UBM
1552 3446 1705 3515 ὅσπερ
1736 3455 1774 3499 Τ
1923 3461 1974 3501 15
2005 3455 2110 3504 ἐστι’
2140 3456 2221 3503 UB

244 3529 298 3569 16
328 3518 476 3584 φάναι
505 3525 546 3570 U
661 3525 854 3586 πολέμῳ
884 3525 1034 3581 Dind„
1063 3525 1277 3581 πολέμου
1304 3524 1409 3569 libri
1498 3529 1550 3569 19
1580 3524 1778 3585 ἰσχυρὸν
1835 3527 1957 3585 (ἰσχυ
1986 3540 2015 3573 a
2045 3531 2179 3583 corr.)
2211 3527 2250 3571 U

241 3600 294 3640 22
326 3598 519 3643 δουλίαν
548 3597 598 3641 Μ
686 3601 740 3641 24
769 3598 951 3656 γίνεται
972 3597 1010 3640 Β
1098 3600 1151 3640 28
1182 3592 1430 3650 δουλεύειν,
1463 3589 1627 3650 αὐτοῖς
1647 3597 1697 3640 Μ
1730 3594 1967 3645 δουλεύειν
1997 3592 2172 3651 αὐτούς
2195 3597 2279 3643 UB

242 3669 296 3710 29
327 3660 502 3714 τούτου
530 3681 616 3714 om.
648 3667 687 3713 U
831 3665 888 3713 τὸ
921 3664 976 3713 ἐκ
1004 3670 1091 3713 τοῦ
1121 3662 1302 3713 δούλων
1332 3666 1424 3712 ΠΜ
1456 3666 1514 3713 τὸ
1545 3666 1600 3713 ἐκ
1628 3669 1727 3713 τῶν
1769 3664 1951 3715 δούλων
1980 3669 2019 3713 Β
2057 3663 2115 3715 τὸ
2146 3667 2201 3715 ἐκ
2231 3663 2336 3715 δού-

247 3739 345 3783 λων
373 3737 413 3782 Τ
