2684 4140
433 306 500 352 50
802 287 1003 337 DIONIS
1032 285 1116 330 DE
1149 277 1493 330 CONCORDIA
1522 273 1649 320 CUM
1677 269 2106 316 APAMENSIBVS

427 439 637 498 amas
685 432 892 502 δωρεὰς
940 426 1061 495 δοίη
1110 425 1202 475 καὶ
1251 423 1506 490 χρήματα
1558 416 1824 484 ἀμύθητα
1885 417 2138 480 πέμψειε
2182 411 2322 477 μετὰ
2378 417 2489 462 τῶν

424 526 731 587 Νεμέσεων,
769 515 860 564 καὶ
897 513 956 581 νή
997 501 1098 560 Δί’
1149 509 1225 567 ὡς
1262 502 1431 555 ἄλλου
1470 503 1622 562 τινὸς
1674 497 2071 563 διαλεχθέντος
2116 496 2352 564 μυρίους
2387 497 2489 562 μὲν
2515 510 2683 554 (1663]

424 602 569 670 αὐτῷ
629 598 966 664 συνεχώρησε
1012 588 1337 658 βουλευτάς,
1392 587 1624 656 χρυσίου
1679 576 1732 634 δ’
1782 579 2032 633 ἐκέλευσε
2088 582 2347 646 ποταμὸν
2407 583 2490 644 εἰς

420 690 516 757 τήν
573 681 739 734 πόλιν
787 684 1067 747 τραπῆναι
1112 674 1205 724 καὶ
1249 669 1518 741 μυριάδες
1566 669 1799 737 ἄπειροί
1845 683 1993 727 τινες
2038 662 2353 736 ἐδόθησαν·
2414 666 2491 719 ὧν

339 775 400 825 15
423 763 577 821 οὐδὲν
613 763 677 835 ἦν
714 761 941 831 ἀληθές,
986 761 1062 820 ὡς
1099 754 1406 825 ἐβουλόμην
1445 756 1511 805 ἂν
1550 754 1734 821 ἔγωγε.
1820 753 1883 802 τὸ
1922 751 2025 820 γὰρ
2066 748 2269 812 ἄλλους
2305 749 2489 815 καλῶς
2524 761 2550 802 5

416 854 680 922 πράττειν
727 849 819 898 καὶ
863 840 1115 911 μεγάλων
1164 842 1447 908 τυγχάνειν
1498 839 1593 889 οὐκ
1642 839 1710 888 ἂν
1761 834 2034 887 οὐδέποτε
2086 833 2355 906 λυπήσειε
2393 839 2490 888 τὸν

415 942 539 988 νοῦν
576 935 767 998 ἔχοντα
806 926 988 988 ἄλλως
1024 943 1083 977 τε
1120 927 1213 976 καὶ
1250 930 1476 994 πρῶτον
1515 925 1748 988 τυχόντα
1781 923 1874 972 καὶ
1910 923 2009 992 τήν
2048 921 2311 991 ἀφορμὴν
2352 920 2491 984 ἴσως

413 1018 811 1088 παρεσχηκότα.
874 1015 1068 1078 ὅμοιον
1093 1012 1212 1079 γάρ,
1254 1011 1445 1078 ὥσπερ
1485 1007 1543 1059 εἴ
1563 1025 1649 1069 τις
1677 1005 1825 1074 αὐτῷ
1852 1009 2025 1072 μόνον
2054 1003 2297 1071 λάμπειν
2331 1004 2490 1076 ἠξίου

412 1106 506 1155 τὸν
541 1100 696 1173 ἥλιον
730 1101 762 1169 ἢ
802 1099 896 1149 τὸν
932 1097 1047 1148 Δία
1085 1096 1202 1146 ὕειν
1239 1096 1270 1164 ἢ
1311 1095 1441 1155 τούς
1490 1094 1728 1159 ἀνέμους
1779 1096 1940 1143 πνεῖν
1986 1093 2018 1163 ἢ
2068 1089 2280 1161 μηδένα
2321 1089 2491 1143 ἄλλον

412 1189 525 1239 ἀπὸ
563 1192 671 1236 τῶν
715 1188 926 1253 κρηνῶν
975 1178 1261 1232 δύνασθαι
1308 1183 1478 1230 πιεῖν.
1565 1171 1693 1228 ἀλλ’
1739 1179 1882 1244 ὁμοῦ
1929 1175 2487 1248 φιλανθρωπότατος
2522 1187 2571 1230 10

413 1275 488 1323 ὢν
526 1266 613 1337 <ὁ>
650 1268 1000 1336 αὐτοκράτωρ
1037 1266 1131 1316 καὶ
1180 1265 1559 1325 συνετώτατος
1605 1264 1872 1313 ἁπάντων
1925 1264 2055 1328 ἐμοί
2102 1280 2161 1313 τε
2214 1265 2492 1332 παρέσχεν

331 1359 395 1410 16
417 1357 490 1408 ὧν
527 1356 630 1422 ἐγὼ
668 1351 899 1420 ἐδεόμην
935 1351 1027 1401 καὶ
1064 1346 1258 1410 ἄλλοις
1298 1348 1373 1399 ὧν
1412 1350 1615 1399 ἐκεῖνοι
1653 1345 1892 1399 ἐδέοντο.

549 1441 697 1500 τίνος
736 1437 829 1487 οὖν
866 1438 1043 1486 ἕνεκεν
1081 1433 1272 1504 εἴρηκα
1312 1436 1497 1484 πάντα
1537 1440 1734 1484 τοῦτον
1772 1435 1867 1484 τὸν
1907 1430 2085 1500 λόγον,
2124 1434 2267 1500 ὑπὲρ
2307 1430 2492 1483 ἄλλων

411 1529 559 1591 ὑμῶν
596 1520 1006 1591 βουλευομένων
1017 1538 1037 1582 ,·
1074 1522 1162 1570 ὅτι
1198 1520 1291 1570 καὶ
1328 1521 1527 1569 τούτου
1568 1525 1670 1569 τοῦ
1701 1520 2032 1587 πράγματος
2070 1519 2175 1586 ἐγὼ
2216 1521 2493 1588 πρότερος

408 1612 638 1680 ἡψάμην
663 1609 754 1658 καὶ
779 1603 1023 1666 πολλοὺς
1049 1603 1213 1655 εἶπον
1239 1601 1449 1654 ἐνθάδε
1477 1601 1673 1670 λόγους
1698 1605 1840 1672 ὑπὲρ
1870 1605 2153 1669 ὁμονοίας,
2180 1606 2485 1674 ἡγούμενος
2524 1611 2571 1653 15

412 1697 709 1763 συμφέρειν
735 1697 802 1761 τῇ
827 1687 992 1740 πόλει
1017 1695 1180 1739 τοῦτο
1207 1684 1358 1755 (καὶ)
1380 1692 1631 1757 κρεῖττον
1659 1686 1804 1738 εἶναι
1823 1689 1896 1758 μή
1928 1685 2315 1757 διαφέρεσθαι
2342 1690 2487 1757 πρὸς

407 1776 613 1848 μηδένα
641 1777 978 1842 ἀνθρώπων,
1016 1775 1215 1843 ἥκιστα
1243 1770 1302 1823 δὲ
1332 1771 1491 1838 οἶμαι
1518 1774 1663 1840 πρὸς
1689 1774 1819 1832 τούς
1845 1774 2003 1839 ἐγγύς
2032 1773 2176 1822 οὕτω
2201 1774 2295 1823 καὶ
2322 1774 2488 1822 ἀστυ-

408 1865 671 1931 γείτονας,
734 1862 795 1911 οὐ
821 1864 1013 1926 μέντοι
1039 1861 1183 1928 πρὸς
1208 1858 1452 1918 ἐκείνους
1477 1874 1536 1924 γε
1562 1854 1744 1926 ἦλθον
1785 1855 1911 1907 οὐδὲ
1952 1856 2116 1908 εἷπον
2158 1855 2488 1927 φιλάνθρω-
2517 1869 2598 1911 (167
2619 1867 2680 1906 R:

411 1965 518 1999 πον
541 1945 696 1998 οὐδὲν
722 1948 831 2016 πρὸ
859 1952 959 1995 τοῦ
979 1941 1389 2013 καταλλαγῆναι
1417 1941 1662 2013 δημοσίᾳ
1689 1944 1787 2013 τήν
1815 1939 1984 1994 πόλιν
2009 1944 2101 1994 καὶ
2125 1940 2326 2013 φίλους
2345 1943 2490 2007 ὑμᾶς

411 2033 690 2100 γενέσθαι.
753 2033 937 2081 καίτοι
962 2031 1235 2100 ψήφισμά
1277 2045 1336 2096 γε
1363 2029 1630 2096 ἔπεμψαν
1659 2029 1832 2090 εὐθὺς
1858 2030 1915 2080 έν
1943 2029 2083 2098 ἀρχῇ
2112 2026 2492 2099 φιλοφρονού-
2532 2036 2582 2079 20

411 2132 569 2181 μενοι
604 2117 695 2166 καὶ
732 2112 1178 2184 παρακαλοῦντες
1215 2114 1564 2183 ἀφικέσθαι·
1611 2115 1705 2165 καὶ
1754 2111 1938 2164 πολλὰ
1980 2111 2169 2164 δίκαιά
2207 2131 2308 2180 μοι
2347 2115 2492 2183 πρὸς

415 2202 611 2262 αὐτούς
635 2203 889 2270 ὑπῆρχεν,
919 2201 1107 2269 ὥσπερ
1135 2196 1282 2266 ἄλλῳ
1312 2200 1422 2250 τινὶ
1446 2205 1557 2250 τῶν
1584 2200 1846 2250 ἐντεῦθεν
1863 2211 1873 2222 ·
1904 2192 2025 2249 οἶλλ>
2060 2201 2213 2265 ὅμως
2235 2199 2331 2263 ούχ
2356 2200 2491 2249 ύπέ-

414 2302 577 2350 μενον
625 2283 1207 2354 φιλανθρωπεύεσθαι
1256 2277 1380 2334 κατ’
1432 2285 1699 2350 ἐμαυτόν,
1752 2281 1892 2334 ἀλλὰ
1941 2291 2101 2355 κοινῇ
2144 2277 2285 2351 μεθ’
2338 2286 2492 2351 ὑμῶν

333 2372 394 2422 17
419 2371 605 2431 αὐτοῖς
630 2367 932 2439 ἐβουλόμην
957 2370 1224 2437 γενέσθαι
1252 2367 1432 2439 φίλος.
1478 2370 1615 2420 ὅθεν
1642 2370 1982 2439 ὑφεωρῶντό
2002 2387 2070 2436 με
2090 2372 2183 2422 καὶ
2211 2367 2491 2440 δυσχερῶς

414 2454 574 2519 εἶχον.
619 2456 710 2505 καὶ
729 2461 819 2506 νῦν
841 2456 1163 2521 πυθόμενος
1188 2455 1288 2516 τὰς
1317 2452 1602 2516 διαλύσεις
1620 2457 1714 2506 καὶ
1739 2457 1837 2526 τήν
1867 2452 2064 2525 φιλίαν
2085 2458 2292 2525 ταύτην
2315 2471 2492 2524 πρατ-
2531 2463 2580 2504 25

413 2544 660 2608 τομένην,
696 2541 787 2590 καὶ
814 2544 1223 2610 ψηφισαμένων
1248 2541 1401 2605 ὑμῶν
1427 2541 1523 2605 ἐμὲ
1549 2537 1754 2604 καλεῖν,
1797 2539 1936 2602 ἴσως
1961 2542 2054 2591 καὶ
2091 2543 2297 2611 ταύτης
2334 2543 2490 2592 ἕνεκα

414 2631 510 2693 τῆς
541 2626 729 2693 χρείας
776 2625 951 2689 (τυχὸν
997 2626 1098 2694 γάρ
1148 2621 1407 2694 ἠλπίζετε
1455 2626 1638 2690 κάμοῦ
1682 2627 2060 2691 μετασχόντος
2097 2624 2240 2695 ῥᾷον
2277 2623 2487 2692 μᾶλλον

413 2709 504 2759 καὶ
553 2706 967 2778 ἀσφαλέστερον
1017 2710 1258 2760 ἔσεσθαι
1306 2712 1519 2761 πάντα·
1565 2711 1753 2761 καίτοι
1802 2712 1896 2761 καὶ
1943 2717 2037 2761 νῦν
2089 2709 2229 2772 ἴσως
2268 2711 2330 2761 ού
2370 2715 2492 2772 τοῖς
2518 2718 2595 2758 (491
2618 2717 2670 2760 Μ)

415 2799 660 2861 παροῦσι
694 2796 878 2858 μόνον,
917 2792 1054 2844 ἀλλά
1080 2796 1247 2860 κάμοὶ
1284 2799 1542 2860 νέμοντες
1579 2791 1744 2863 τιμὴν
1770 2795 1909 2860 μετὰ
1949 2801 2059 2845 τῶν
2099 2793 2300 2858 ἄλλων,
2342 2793 2490 2862 λογι-

417 2872 634 2941 ζόμενοι
669 2879 805 2943 κάμὲ
834 2877 1067 2949 πολίτην
1093 2882 1372 2950 ὑμέτερον,
1412 2881 1574 2944 τυχὸν
1601 2880 2030 2949 προθυμότεροι
2056 2883 2317 2947 γεγόνασι
2342 2882 2488 2949 πρὸς
2525 2885 2572 2927 30

415 2960 568 3025 ὑμᾶς)
606 2965 754 3027 ὅμως
789 2959 909 3031 <οὐ>
949 2963 1167 3034 σφόδρα
1206 2965 1490 3035 ἠπείχθην
1530 2962 1935 3031 εὐλαβούμενος
1959 2961 2033 3034 μὴ
2061 2969 2288 3035 γένηται
2325 2971 2490 3015 τοῦτο

418 3044 676 3108 ἐμποδὼν
715 3048 808 3097 οὐκ
845 3050 1100 3112 ἐκείνοις,
1141 3047 1279 3100 ἀλλὰ
1319 3055 1429 3100 τῶν
1467 3049 1729 3100 ἐντεῦθέν
1767 3064 1900 3100 τισι.
1992 3047 2185 3115 σχεδὸν
2223 3050 2326 3119 γάρ
2368 3051 2492 3100 εἰώ-

419 3130 563 3179 θασι
612 3129 811 3183 πολλοὶ
871 3139 979 3184 τῶν
1028 3135 1351 3204 ἀνθρώπων
1402 3134 1463 3185 οὐ
1513 3138 1634 3196 τοῖς
1685 3139 2124 3205 πραττομένοις,
2183 3132 2324 3185 ἀλλὰ
2373 3139 2495 3196 τοῖς

566 3309 583 3348 1
618 3304 710 3366 δῴη
737 3307 853 3363 libri,
883 3321 994 3353 corr.
1027 3310 1161 3355 Dind.
1276 3315 1372 3357 τῶν
1402 3329 1456 3371 γε
1484 3312 1671 3370 μέσδων
1701 3313 1738 3357 Τ
1872 3316 1896 3357 3
1926 3310 2039 3371 (ἄν)
2070 3308 2199 3376 αὐτῷ
2229 3312 2492 3358 Dindorfius

424 3376 619 3424 (secutus
649 3376 892 3430 Reiskium)
1020 3380 1067 3426 δὲ
1095 3381 1133 3424 Β
1276 3388 1301 3426 4
1333 3387 1568 3443 τραπῆναι
1598 3388 1643 3443 (η
1672 3397 1701 3429 a
1731 3387 1866 3439 corr.)
1896 3385 1939 3430 U
2083 3390 2107 3429 5
2139 3381 2314 3437 ἄλλους
2343 3383 2493 3439 Emp.,

423 3440 626 3498 πολλοὺς
652 3445 755 3490 libri
895 3451 919 3491 8
951 3443 1077 3509 αὐτῷ
1105 3450 1186 3496 UT
1347 3448 1480 3512 ἠξίου
1509 3451 1713 3511 λάμπειν
1742 3454 1844 3507 (hoc
1875 3454 1990 3508 ord·)
2019 3455 2057 3498 T
2233 3458 2286 3497 10
2315 3455 2494 3511 κρινῶν

422 3513 462 3558 U
493 3528 549 3558 m.
579 3528 645 3570 Pl·-
759 3511 866 3562 ἀλλ’
899 3513 1019 3573 auos>
1047 3520 1196 3577 Emp„
1227 3516 1330 3568 ἄλλ’
1367 3521 1392 3569 ὃ
1423 3524 1510 3580 μὲν
1539 3525 1588 3569 Μ
1619 3518 1726 3571 ἀλλ’
1760 3515 1891 3581 ὅμως
1922 3524 2015 3576 ΒΤ,
2046 3524 2089 3570 U
2118 3523 2383 3581 compendio

428 3588 475 3627 11
511 3580 536 3629 ὃ
567 3584 664 3630 add.
696 3585 826 3643 Emp.
913 3584 1070 3647 ἔμοιγε
1099 3590 1214 3648 libri,
1247 3605 1358 3638 corr.
1388 3594 1555 3639 Reiske
1674 3599 1726 3639 14
1755 3594 2066 3655 βουλομένων
2095 3594 2178 3639 UT
2298 3598 2349 3638 15
2381 3597 2490 3654 περὶ

424 3653 543 3697 UBT
692 3659 740 3699 16
769 3660 847 3702 καὶ
875 3658 975 3703 add.
1010 3659 1201 3705 casaub.
1343 3663 1403 3723 μὴ
1445 3678 1531 3709 om.
1563 3665 1685 3710 UBT
1831 3668 1883 3708 22
1916 3661 2050 3724 εἴπερ
2080 3664 2211 3722 Emp,
2243 3664 2347 3708 Wil,

426 3726 477 3766 27
507 3728 657 3771 κακοῦ
685 3726 721 3768 Β
864 3731 916 3772 29
947 3731 1025 3774 καὶ
1053 3728 1158 3787 ἐμοὶ
1188 3732 1236 3776 Μ
1423 3739 1471 3779 31
1508 3730 1563 3781 οὐ
1593 3734 1761 3780 Reiske
1790 3746 1845 3779 ex
1872 3733 2056 3790 interpr.
2204 3729 2410 3793 ἦπίχθην
2440 3735 2490 3779 Μ
