2684 4140
919 849 1484 929 APPENDIX
1530 851 1592 928 Ι.

844 1029 1146 1082 ΚΟΜΗΣ
1202 982 1667 1083 ΕΓΚΩΜΙΟΝ.

1174 1159 1338 1167 —-.

345 1245 619 1314 Ἀναστὰς
658 1254 840 1304 ἔωθεν
875 1256 970 1304 καὶ
1006 1257 1138 1316 τοὺς
1173 1256 1348 1317 θεοὺς
1386 1257 1721 1324 προσειπών
1760 1259 1898 1323 ὅπερ
1930 1257 2130 1322 εἴωθα,
2169 1260 2296 1308 ἐπε-

204 1333 487 1406 μελούμην
535 1345 634 1407 τῆς
680 1341 881 1407 κόμης·
935 1341 1030 1389 καὶ
1075 1340 1178 1408 γὰρ
1228 1342 1522 1407 ἐτύγχανον
1573 1337 1968 1410 μαλακώτερον
2020 1343 2083 1391 τὸ
2138 1347 2296 1406 σῶμα

205 1421 372 1484 ἔχων·
408 1426 440 1491 ἡ
477 1410 542 1472 ’δὲ
581 1419 822 1491 ἠμέλητο
849 1424 908 1472 ἐκ
934 1420 1212 1484 πλείονος.
1278 1426 1425 1475 πάνυ
1453 1430 1586 1491 γοῦν
1614 1428 2000 1493 συνέστραπτο
2024 1428 2120 1476 καὶ
2147 1439 2296 1475 συνε-

205 1503 496 1556 πέπλεκτο
535 1507 603 1556 τὰ
644 1504 828 1557 πολλὰ
869 1508 1061 1578 αὐτῆς,
1114 1509 1235 1559 οἷον
1282 1515 1393 1559 τῶν
1434 1511 1571 1559 οἰῶν
1609 1509 1677 1558 τὰ
1720 1511 1852 1575 περὶ
1888 1514 2009 1571 τοῖς
2049 1507 2296 1560 σκέλεσιν

206 1591 587 1659 αἰωρούμενα·
627 1589 775 1642 πολὺ
815 1590 873 1642 δὲ
911 1598 1085 1643 ταῦτα
1117 1591 1453 1663 σκληρότερα
1483 1596 1559 1655 ὡς
1586 1594 1652 1643 ἂν
1680 1596 1739 1643 ἐκ
1775 1582 2124 1662 λεπτοτέρων
2165 1608 2296 1659 συμ·
2334 1611 2358 1649 5

203 1671 563 1742 πεπλεγμένα
601 1682 712 1727 τῶν
749 1683 967 1745 τριχῶν.
1051 1675 1117 1747 ἦν
1167 1678 1261 1729 οὖν
1311 1679 1570 1749 ὀφθῆναί
1619 1696 1680 1729 τε
1731 1679 1895 1747 ἀγρία
1945 1683 1976 1749 η
2027 1682 2167 1748 κόμη
2204 1680 2298 1729 καὶ

202 1758 423 1827 βαρεῖα,
462 1757 627 1825 μόλις
668 1759 727 1811 δὲ
769 1759 1016 1813 διελύετο
1054 1765 1147 1813 καὶ
1183 1764 1251 1812 τὰ
1292 1761 1475 1813 πολλὰ
1519 1765 1687 1833 αὐτῆς
1715 1765 2017 1814 ἀπεσπᾶτο
2055 1764 2148 1814 καὶ
2186 1761 2294 1813 διε-

205 1844 433 1894 τείνετο.
501 1846 694 1896 οὐκοῦν
732 1844 900 1915 ἐπῄει
935 1864 1036 1912 μοι
1073 1849 1204 1908 τοὺς
1232 1846 1575 1916 φιλοκόμους
1601 1849 1873 1910 ἐπαινεῖν,
1916 1849 1972 1897 οἳ
1998 1844 2295 1917 φιλόκαλοι

207 1929 360 1990 ὄντες
395 1931 489 1980 καὶ
535 1931 637 1991 τὰς
683 1934 861 1996 κόμας
908 1934 1040 2000 περὶ
1087 1930 1356 1983 πλείστου
1408 1934 1741 1997 ποιούμενοι
1793 1930 2193 1997 ἐπιμελοῦνται
2232 1933 2293 1981 ού

206 2014 499 2082 ῥᾳθύμως,
540 2013 680 2065 ἀλλά
718 2014 966 2082 κάλαμόν
1005 2034 1130 2067 τινα
1169 2019 1388 2082 ἔχουσιν
1428 2019 1516 2067 ἀεὶ
1542 2018 1599 2067 ἐν
1628 2017 1765 2086 αὐτῇ
1804 2023 1872 2085 τῇ
1896 2019 2054 2085 κόμῃ,
2096 2008 2140 2084 ᾦ
2179 2013 2294 2078 ξαί-
2334 2031 2380 2072 10

204 2111 396 2149 νουσιν
435 2100 620 2168 αὐτήν,
660 2103 793 2150 ὅταν
834 2098 1033 2171 σχολὴν
1072 2103 1280 2168 ἄγωσι,
1328 2103 1421 2152 καὶ
1458 2107 1621 2151 τοῦτο
1663 2099 1726 2170 δὴ
1776 2103 1839 2151 τὸ
1875 2099 2292 2165 χαλεπώτατον,

199 2185 378 2248 χαμαὶ
412 2172 756 2249 κοιμώμενοι
797 2183 1174 2254 φυλάττουσιν
1212 2189 1369 2247 ὅπως
1406 2183 1691 2255 μηδέποτε
1746 2187 2010 2252 ἅψωνται
2046 2193 2144 2255 τῆς
2179 2191 2293 2253 γῆς,

203 2266 596 2335 ὑπερείδοντες
632 2271 744 2320 ὑπὸ
783 2272 882 2340 τὴν
918 2268 1166 2341 κεφαλὴν
1202 2273 1398 2340 μικρὸν
1427 2268 1605 2335 ξύλον,
1645 2273 1803 2331 ὅπως
1844 2271 2022 2338 ἀπέχῃ
2062 2278 2162 2339 τῆς
2197 2277 2295 2339 γῆς

205 2354 282 2414 ὡς
334 2351 630 2418 πλεῖστον,
687 2357 781 2406 καὶ
826 2353 1039 2420 μᾶλλον
1090 2352 1452 2426 φροντίζουσι
1500 2362 1602 2405 τοῦ
1643 2356 1906 2423 καθαρὰν
1959 2358 2150 2424 φέρειν
2197 2356 2293 2422 τὴν

204 2440 379 2507 κόμην
416 2439 448 2507 ἢ
488 2445 592 2489 τοῦ
624 2438 803 2507 ἡδέως
839 2438 1168 2491 καθεύδειν·
1207 2445 1238 2510 η
1277 2443 1378 2506 μὲν
1415 2441 1519 2508 γὰρ
1560 2437 1763 2501 καλούς
1800 2457 1860 2489 τε
1899 2441 1992 2489 καὶ
2019 2440 2294 2509 φοβεροὺς
2331 2449 2378 2490 15

205 2522 352 2572 ἔοικε
390 2527 605 2586 ποιεῖν,
663 2526 693 2573 0‘
733 2522 791 2574 δὲ
830 2526 1033 2587 ὕπνος,
1072 2526 1172 2575 κᾶν
1212 2527 1358 2575 πάνυ
1397 2523 1532 2595 ἡδύς
1569 2509 1621 2593 ᾗ,
1661 2522 1891 2593 βραδεῖς
1928 2540 1986 2573 τε
2023 2525 2116 2573 καὶ
2153 2524 2293 2591 ἀφυ-

207 2604 454 2668 λάκτους.
520 2605 748 2659 δοκοῦσι
788 2607 850 2660 δέ
884 2627 984 2674 μοι
1020 2612 1114 2661 καὶ
1139 2608 1592 2675 Λακεδαιμόνιοι
1627 2611 1698 2679 μὴ
1730 2606 1954 2674 ἀμελεῖν
1981 2614 2083 2657 τοῦ
2111 2609 2293 2657 τοιού-

205 2709 303 2742 του
344 2695 699 2760 πράγματος,
750 2696 807 2744 οἳ
841 2698 967 2745 τότε
1006 2697 1231 2765 ἥκοντες
1281 2698 1392 2764 πρὸ
1443 2702 1541 2764 τῆς
1587 2695 1766 2761 μάχης
1811 2699 1910 2761 τῆς
1956 2689 2197 2759 μεγάλης
2234 2708 2292 2740 τε

204 2779 298 2827 καὶ
353 2775 562 2848 δεινῆς,
623 2781 713 2829 ὅτε
751 2782 918 2844 μόνοι
965 2787 1076 2831 τῶν
1117 2774 1383 2849 Ἑλλήνων
1432 2775 1661 2844 ἔμελλον
1711 2775 1982 2840 δέχεσθαι
2037 2772 2289 2841 βασιλέα,

173 2879 176 2882 ·
206 2865 525 2930 τριακόσιοι
550 2865 645 2913 τὸν
674 2864 922 2932 ἀριθμὸν
945 2866 1115 2927 ὄντες,
1143 2864 1422 2931 ἐκάθηντο
1451 2863 1746 2920 ἀσκοῦντες
1771 2860 1873 2920 τάς
1897 2861 2086 2923 κόμας.
2141 2856 2298 2908 δοκεῖ
2326 2868 2373 2909 20

207 2945 270 2997 δέ
305 2964 407 3012 μοι
444 2949 537 2998 καὶ
561 2942 806 3016 Ὅμηρος
845 2946 1115 3017 πλείστης
1153 2945 1479 3012 ἐπιμελείας
1518 2942 1708 3006 ἀξιοῦν
1746 2946 1809 2993 τὸ
1837 2948 2107 2993 τοιοῦτον.
2172 2942 2288 2991 ἀπό

206 3047 265 3096 γε
302 3033 403 3096 μὲν
443 3029 764 3101 ὀφθαλμῶν
804 3033 866 3081 οὐ
894 3029 1167 3091 πολλάκις
1204 3033 1436 3080 ἐπαινεῖ
1455 3030 1585 3088 τοὺς
1608 3025 1826 3090 καλούς,
1869 3024 1994 3076 οὐδὲ
2022 3027 2136 3075 ἀπὸ
2164 3027 2287 3074 τού-

206 3130 303 3163 του
341 3112 588 3179 μάλιστα
614 3119 832 3184 ἡγεῖται
858 3117 920 3164 τὸ
947 3112 1150 3175 κάλλος
1187 3110 1506 3175 ἐπιδείξειν.
1572 3109 1794 3171 οὐδενὸς
1823 3110 1917 3160 οὖν
1943 3115 2053 3159 τῶν
2091 3110 2287 3178 ἡρώων

351 3293 488 3337 Dioni
516 3294 634 3338 hanc
665 3293 1037 3337 declamationem
1056 3291 1217 3336 tribuit
1237 3291 1450 3347 Synesius
1470 3290 1518 3334 in
1540 3288 1716 3334 Calvitii
1737 3289 1959 3334 Encomio
1980 3302 2024 3345 p.
2051 3293 2129 3334 180
2150 3289 2231 3333 Kr.

210 3371 228 3409 1
264 3384 293 3411 α
324 3365 372 3408 in
402 3362 552 3411 εἴωθα
582 3376 611 3407 a
641 3377 753 3408 corr.
786 3364 825 3407 L
996 3367 1020 3405 2
1054 3361 1112 3408 τὸ
1144 3374 1172 3406 a
1204 3374 1319 3406 corr.
1349 3362 1388 3405 L
1552 3365 1579 3404 4
1610 3363 1720 3419 περὶ
1748 3360 1795 3404 in
1826 3356 1958 3419 παρὰ
1990 3372 2104 3404 corr.
2136 3359 2175 3403 L

207 3436 503 3483 τοισκέλεσιν
532 3435 571 3478 L
602 3448 659 3479 m.
691 3448 759 3490 pr.
936 3437 982 3477 11
1020 3430 1200 3492 ἄγωσιν
1228 3435 1271 3487 (ν
1299 3445 1327 3477 a
1358 3435 1491 3486 corr.)
1520 3432 1558 3475 L
1753 3435 1803 3475 13
1834 3426 2161 3490 ὑπερείδοντες
2189 3432 2232 3484 (ν
2261 3441 2288 3472 a

207 3511 346 3561 corr.)
374 3506 413 3549 L
527 3504 648 3563 ὑπὲρ
680 3502 764 3563 τὴν
793 3504 830 3547 L
861 3517 919 3548 m.
950 3516 1018 3559 pr.
1114 3507 1164 3547 15
1195 3498 1437 3562 φοβεροὺς
1468 3496 1640 3556 αὐτοὺς
1669 3502 1708 3544 L
1807 3505 1858 3544 16
1889 3497 1950 3546 ἄν
1977 3501 2017 3544 L
2046 3514 2103 3544 m.
2133 3512 2202 3555 pr.

211 3582 260 3621 17
299 3582 463 3625 τοῦτοι
492 3579 667 3623 τοῦτου
686 3576 786 3629 (sic)
806 3576 844 3619 L
865 3587 923 3619 m.
946 3587 1014 3630 pr.
1107 3577 1156 3617 18
1189 3571 1236 3618 οἳ
1255 3569 1367 3619 τότε
1388 3573 1442 3626 L,
1475 3568 1627 3619 ὁπότε
1649 3572 1777 3625 vulgo
1868 3574 1918 3613 21
1951 3573 2145 3639 τοιοῦτο
2166 3569 2203 3612 L

208 3651 262 3691 22
294 3648 383 3705 μὲν
412 3647 586 3704 scripsi,
616 3644 708 3705 μὴν
736 3646 867 3701 vulgo
1012 3640 1119 3690 οὐδὲ
1147 3644 1194 3687 in
1225 3644 1267 3689 εἰ
1295 3643 1344 3690 δὲ
1373 3656 1488 3688 corr.
1520 3655 1549 3686 a.
1577 3654 1693 3685 man.
1723 3654 1813 3685 rec.
1849 3641 1888 3684 L
2003 3643 2057 3683 23
2089 3640 2173 3685 οὐν
2202 3651 2286 3682 om.

207 3718 247 3762 L
281 3732 338 3763 m.
370 3732 457 3775 pr.‚
487 3730 632 3774 neque
661 3718 767 3761 ferri
795 3718 967 3772 potest3
997 3717 1114 3774 γοῦν
1144 3714 1249 3759 wil.
1860 3782 1953 3824 20*
