2684 4140
949 276 1175 322 ORATIO
1207 276 1346 322 XLV.
2193 275 2258 323 75

0 400 161 484 3333}
186 418 244 472 δὲ
281 422 374 472 καὶ
410 427 502 471 νῦν
543 420 681 482 ἴσως
719 422 1049 492 ἀναμνῆσαι.
1125 423 1230 489 ἐγὼ
1269 424 1400 491 γάρ,
1441 419 1664 490 ἄνδρες,
1705 423 1767 471 τὸ
1805 423 1906 487 μὲν
1944 419 2261 488 βούλεσθαι

180 506 278 574 τήν
318 503 485 555 πόλιν
522 510 751 571 κοσμεῖν
787 508 880 557 καὶ
914 502 1339 568 κατασκευάζειν
1367 508 1439 576 μή
1480 509 1652 572 μόνον
1693 509 1887 567 στοαῖς
1923 507 2016 556 καὶ
2042 503 2258 569 ὕδασιν,

178 585 336 652 ἀλλά,
376 590 428 639 εἰ
467 587 701 642 δυνατὸν
737 588 818 659 ἦν,
855 593 949 642 καὶ
984 592 1191 656 τείχεσι
1227 593 1320 642 καὶ
1359 588 1547 657 λιμέσι
1583 592 1676 641 καὶ
1702 592 1958 660 νεωρίοις
1986 588 2257 657 ὁμολογῶ.

176 673 271 722 καὶ
306 679 504 724 τοῦτον
542 676 638 725 τὸν
677 676 856 742 ἔρωτα
885 677 1077 739 οὕτως,
1118 675 1229 728 εἴτε
1255 673 1522 727 παιδικὸν
1551 677 1722 746 φήσει
1747 692 1834 736 τις
1861 674 1972 726 εἴτε
2000 675 2253 744 ἀνόητον,
2280 678 2344 729 13

120 768 145 809 5
185 756 281 806 οὐκ
318 753 550 825 ἔξαρνός
586 759 703 823 εἰμι
740 761 803 809 τὸ
841 762 934 810 καὶ
961 756 1287 822 συνοικίζειν
1313 757 1532 811 ἐθέλειν
1570 761 1667 829 τήν
1706 758 1875 811 πόλιν
1912 761 2006 810 καὶ
2032 756 2261 828 πλῆθος

179 840 505 909 ἀνθρώπων
543 843 626 903 εἰς
664 844 832 914 αὐτὴν
870 846 1002 895 ὅσον
1041 843 1282 909 δύναμαι
1321 849 1662 911 συναγαγεῖν,
1705 847 1800 895 καὶ
1838 846 1900 895 οὐ
1938 846 2109 910 μόνον
2148 849 2260 895 τῶν

180 925 526 994 ἐπιχωρίων,
590 919 748 991 ἀλλ’,
809 930 859 980 εἰ
906 927 1137 980 δυνατὸν
1184 926 1276 998 ἧν,
1336 931 1429 980 καὶ
1478 933 1672 996 ἐτέρας
1720 926 1917 990 πόλεις
1968 925 2261 978 συνελθεῖν

180 1010 595 1077 ἀναγκάσαντα,
647 1014 838 1082 ὥσπερ
877 1007 1328 1080 Ἐπαμεινώνδας
1377 1015 1517 1064 ποτὲ
1567 1016 1664 1083 τὴν
1707 1014 1991 1064 Βοιωτίαν
2043 1013 2125 1072 εἰς
2162 1011 2262 1071 τὰς

182 1093 374 1163 Θήβας
425 1095 693 1164 συνῴκισε
740 1100 833 1149 καὶ
873 1098 1090 1168 Θησεὺς
1134 1100 1232 1167 τήν
1274 1090 1536 1167 Ἀττικήν
1584 1099 1666 1158 εἰς
1710 1098 1811 1158 τὰς
1853 1091 2126 1166 Ἀθήνας,
2173 1096 2267 1145 καὶ

102 1189 150 1233 10
186 1177 571 1250 Μυτιληναῖοί
593 1198 734 1233 ποτε
761 1180 1014 1250 λέγονται
1039 1189 1137 1252 τῆς
1162 1179 1443 1243 Αἰολίδος
1466 1184 1836 1246 κατασχόντες
1861 1182 1953 1231 καὶ
1986 1186 2096 1230 τῶν
2135 1181 2268 1246 περὶ

177 1264 274 1314 τὸν
318 1257 723 1334 Ἑλλήσποντον
781 1269 874 1317 καὶ
922 1264 1160 1334 Τρῳάδα
1218 1269 1412 1317 τόπων
1470 1267 1569 1336 τήν
1617 1265 1849 1332 Λέσβον
1907 1266 2136 1314 ἅπασαν
2185 1265 2266 1324 εἰς

175 1348 311 1412 μίαν
357 1351 454 1419 τήν
494 1352 674 1400 αὐτῶν
724 1355 1048 1417 συναγαγεῖν
1087 1347 1270 1400 πόλιν.
1359 1343 1420 1400 οὗ
1468 1352 1576 1421 μὴν
1615 1343 1740 1400 ἀλλ’
1784 1350 2162 1414 ἐπιστάμενός
2198 1363 2259 1414 γε
2284 1358 2347 1407 14

179 1432 279 1492 τὰς
320 1430 576 1494 διανοίας
613 1440 724 1485 τῶν
762 1432 971 1485 ἐνθάδε
1010 1436 1336 1504 ἀνθρώπων
1375 1436 1538 1486 ἐνίων
1565 1437 1659 1486 καὶ
1697 1436 1795 1504 τήν
1822 1436 2068 1499 ἐμαυτοῦ
2105 1430 2265 1483 δύνα-

174 1532 272 1579 μιν
325 1518 418 1567 καὶ
472 1518 575 1579 τὰς
631 1516 899 1583 ἀσχολίας
952 1521 1046 1570 καὶ
1094 1521 1189 1570 τὸν
1231 1523 1434 1589 χρόνον
1482 1527 1580 1591 τῆς
1633 1517 1968 1589 ἐπιδημίας,
2026 1520 2114 1569 ὅτι
2168 1534 2269 1583 μοι

97 1612 143 1654 15
178 1599 383 1667 βραχύς
408 1602 530 1653 ἐστι
554 1601 862 1668 παντελῶς,
891 1604 1015 1656 οὔτε
1039 1608 1300 1675 ἡπτόμην
1329 1599 1555 1667 οὐδενὸς
1579 1601 1834 1671 μείζονος
1862 1604 1987 1654 οὔτε
2012 1599 2266 1673 ἤλπιζον,

179 1686 352 1750 μόνον
392 1683 451 1737 δὲ
490 1689 589 1757 τήν
628 1686 882 1740 διάνοιαν
922 1680 1019 1740 οὐκ
1055 1687 1330 1760 ἐδυνάμην
1368 1692 1466 1761 τήν
1515 1692 1762 1756 ἐμαυτοῦ
1804 1693 2086 1753 κατέχειν,
2138 1678 2261 1738 ἀλλ’

182 1770 372 1839 ὥσπερ
403 1772 458 1821 οἱ
493 1773 728 1841 ἐρῶντες
766 1775 857 1825 ἀεί
892 1790 1035 1826 ποτε
1072 1777 1204 1844 περὶ
1241 1781 1352 1826 τῶν
1378 1778 1649 1825 τοιούτων
1683 1768 1955 1843 [τοιαῦτα]
1995 1770 2269 1836 διεξίασιν

0 1867 153 1908 mnu}
181 1854 314 1905 οἴων
342 1857 435 1906 καὶ
466 1857 835 1923 ἐπιθυμοῦσι,
874 1860 1021 1926 κάγὼ
1062 1857 1335 1921 πολλάκις
1373 1861 1690 1929 ἐμεμνήμην
1725 1854 1864 1926 <ὧν>
1896 1860 1990 1909 καὶ
2015 1852 2269 1923 ἐνόμιζον

185 1943 488 2009 συμφέρειν
513 1944 783 2009 γενέσθαι
808 1951 876 2013 τῇ
901 1942 1068 1996 πόλει
1093 1952 1434 2016 κατασκευῆς
1463 1948 1617 1996 ἕνεκα
1648 1946 1741 1995 καὶ
1781 1950 2145 2009 συνοικισμοῦ
2178 1943 2271 1994 καὶ

102 2035 152 2077 20
187 2023 486 2093 προσόδων
533 2029 626 2079 καὶ
669 2029 882 2097 μυρίων
931 2027 1130 2081 ἄλλων.
1212 2032 1246 2080 ἃ
1292 2029 1351 2081 εἴ
1392 2046 1532 2081 ποτε
1581 2034 1798 2097 γένοιτο
1847 2032 2042 2098 καιρὸς
2079 2031 2265 2080 ἐπιτε-
2291 2039 2354 2089 15

186 2105 460 2179 λεσθῆναι
509 2113 602 2162 καὶ
650 2113 805 2163 θεῶν
853 2132 940 2175 τις
988 2116 1276 2184 ποιήσειε,
1333 2117 1460 2165 τότε
1512 2115 1737 2181 ὄψεσθε
1794 2116 1893 2184 τὴν
1949 2112 2266 2184 ὑπερβολήν

182 2200 280 2263 τῆς
319 2212 485 2246 τινων
524 2196 734 2264 ἔχθρας
758 2199 851 2249 καὶ
875 2205 977 2249 τοῦ
1001 2202 1145 2267 πρὸς
1183 2201 1279 2265 ἐμὲ
1317 2201 1536 2265 μίσους,
1580 2200 1668 2250 ἵνα
1708 2201 1781 2269 μὴ
1826 2196 1964 2266 λέγω
1997 2205 2100 2249 τοῦ
2124 2201 2268 2267 πρὸς

182 2279 336 2344 ὑμᾶς,
377 2281 453 2341 ὡς
490 2275 674 2333 οὐκέτι
711 2281 1045 2354 ἀμφιβόλως
1084 2278 1213 2336 οὐδὲ
1252 2284 1453 2355 πρᾴως
1479 2287 1671 2354 ἐροῦσι
1696 2286 1790 2336 καὶ
1817 2282 2265 2354 λοιδορήσονται,

187 2371 442 2434 φανερῶς
482 2364 540 2417 δὲ
578 2370 672 2419 καὶ
708 2371 980 2440 ἄντικρυς,
1018 2372 1119 2422 κᾶν
1155 2373 1228 2442 μή
1257 2369 1505 2423 κωλῦσαι
1535 2369 1878 2440 δυνηθῶσιν,
1917 2366 2269 2436 ἀπάγξονται

106 2459 154 2501 25
190 2452 464 2519 πρότερον
511 2453 541 2522 ἢ
592 2455 689 2524 τήν
737 2453 905 2507 πόλιν
957 2454 1122 2519 ἰδεῖν,
1174 2458 1298 2508 οἷαν
1346 2450 1517 2526 αὐτὴν
1563 2454 1919 2524 βουλομένων
1966 2455 2122 2505 θεῶν
2175 2447 2271 2504 οὐκ

188 2534 460 2588 ἀδύνατον
516 2540 803 2605 γενέσθαι.
912 2544 1038 2593 τότε
1094 2534 1146 2592 δ’
1211 2543 1305 2594 οὖν
1362 2549 1464 2593 τοῦ
1517 2545 1788 2612 ήγεμόνος
1848 2539 2149 2606 δεξαμένου
2206 2540 2268 2588 τὸ

188 2627 438 2689 πρᾶγμα,
488 2625 650 2688 τυχὸν
696 2627 797 2690 μὲν
847 2618 925 2677 δι’
969 2629 1133 2693 ὑμᾶς,
1182 2627 1320 2689 ἴσως
1370 2626 1428 2679 δὲ
1476 2630 1570 2679 καὶ
1610 2621 1688 2679 δι’
1733 2630 1855 2693 ἐμέ,
1904 2628 1998 2677 καὶ
2038 2640 2270 2691 συναγα-

7 2694 11 2859 ι
188 2709 381 2773 γόντος
418 2706 709 2777 ἐκκλησίαν
750 2703 811 2760 οὗ
853 2710 1188 2780 προειδότος
1226 2715 1366 2778 ἐμοῦ
1398 2716 1493 2764 καὶ
1531 2715 1662 2782 περὶ
1709 2715 1922 2763 τούτων
1971 2709 2271 2775 ἀναγιγνώ-

191 2805 434 2855 σκοντος,
476 2786 571 2844 οἰκ
608 2791 887 2866 ἐδυνήθην
925 2794 1023 2866 τὴν
1060 2799 1292 2868 ήσυχίαν
1332 2800 1502 2865 ἄγειν,
1543 2791 1668 2848 ἀλλ’
1713 2799 1948 2866 ἀνέστην
1985 2796 2079 2845 καὶ
2119 2808 2270 2843 συνε-

9 2861 15 3107 ὶ
331 3033 359 3073 4
380 3022 531 3085 οὕτως
553 3035 827 3087 corruptum,
848 3032 967 3077 delet
984 3031 1211 3088 Reiskius,
1235 3029 1388 3086 ὅντως
1402 3032 1557 3088 Emp.;
1579 3032 1729 3077 malim
1753 3023 1878 3086 ὅλως
1893 3052 1949 3068 =
1969 3030 2209 3085 „denique“

12 3114 14 3119 ¹
191 3103 217 3143 5
247 3100 315 3145 τῶ
345 3103 426 3145 καὶ
454 3101 495 3145 U
523 3115 582 3146 m.
615 3114 703 3147 sec.
735 3105 816 3149 καὶ
844 3105 914 3149 τῶ
942 3103 981 3147 Τ
1126 3106 1209 3150 νῦν
1238 3103 1433 3159 οἰκίζειν
1462 3103 1542 3148 UT
1687 3106 1712 3146 6
1744 3095 2004 3161 ἀναγαγεῖν
2033 3100 2072 3142 Τ
2193 3103 2274 3146 καὶ

192 3175 448 3225 suspectum
477 3171 688 3227 Emperio
805 3177 830 3217 8
859 3172 1186 3230 ἐπαμινώνὸας
1215 3174 1336 3218 UBT
1474 3178 1499 3216 9
1533 3170 1773 3235 συνῴκησε
1803 3174 1840 3217 Β
1987 3177 2038 3217 10
2072 3175 2274 3230 Μυτιλη-

195 3241 326 3285 ναῖοί
355 3240 404 3284 C.
427 3241 503 3284 Fr.
526 3240 766 3295 Hermann,
795 3241 1025 3301 μειλήσιοι
1053 3244 1103 3288 Μ
1123 3241 1334 3303 μιλήσιοί
1353 3244 1475 3289 UBT
1573 3248 1622 3289 11
1646 3242 1958 3291 ἑλλίσποντον
1977 3256 2035 3287 m.
2057 3255 2125 3300 pr.
2148 3242 2188 3287 U

195 3307 415 3369 τρωάεας
434 3310 474 3354 U
564 3314 614 3354 12
637 3308 794 3358 αὐτῶν
812 3314 929 3367 libri,
951 3327 1066 3359 corr.
1083 3315 1213 3372 Emp.
1314 3319 1364 3360 13
1386 3313 1528 3361 ἐνίων
1549 3327 1636 3359 om.
1652 3315 1691 3360 Β
1785 3318 1836 3359 14
1854 3306 1931 3361 ὅτι
1949 3310 2011 3373 μὴ
2033 3318 2113 3374 βρ.
2136 3313 2216 3358 UT

198 3384 249 3423 17
281 3375 360 3427 ἀεί
390 3397 510 3428 ποτε
540 3382 645 3451 th
677 3377 752 3430 ἀεὶ
783 3384 962 3430 Geelius
993 3386 1214 3442 probante
1243 3386 1472 3443 Emperio‚
1504 3381 1640 3432 αὐτοὶ
1668 3386 1775 3431 libri
1927 3388 2126 3432 τοιαῦτα
2157 3384 2276 3429 delet

196 3450 363 3496 Reiske
481 3456 530 3497 18
563 3454 632 3498 ὠν
660 3454 762 3498 add.
794 3454 910 3500 Seld.
1028 3457 1270 3516 συμφέρον
1300 3457 1422 3502 UBT
1538 3461 1590 3502 21
1627 3454 1840 3518 ὄψεσθαι
1870 3455 2002 3502 BMU
2032 3471 2090 3500 m.
2122 3469 2191 3512 pr.

194 3524 248 3564 22
279 3526 366 3568 τοῦ
394 3522 622 3580 Reiskiu8‚
652 3529 794 3572 τοῦτο
825 3526 931 3571 libri
1044 3530 1097 3572 23
1127 3528 1299 3573 malim:
1331 3524 1584 3590 ἀντεροῦσι
1728 3532 1783 3573 24
1813 3522 2082 3582 ἀπάξονται
2112 3527 2161 3571 Μ

196 3596 247 3636 27
279 3597 478 3652 πρᾶγμα
506 3595 554 3638 in
584 3592 873 3655 πρόσταγμα
903 3600 1123 3643 mutatum
1152 3612 1180 3643 a
1211 3613 1327 3644 corr.
1359 3600 1414 3656 U,
1445 3597 1734 3661 πρόσταγμα
1766 3599 1804 3644 Τ
1982 3596 2277 3657 συνάγοντος

17 3710 24 3738 3
194 3661 696 3781 ξξτίζλὲυνῧγαγόντος
725 3667 886 3723 Pflugk
988 3672 1040 3713 28
1072 3674 1248 3717 τοῦτον
1276 3669 1316 3715 U
1336 3683 1393 3716 m.
1416 3684 1501 3727 pr„
1535 3672 1573 3717 B
1660 3666 2080 3730 ἀναγινώσκοντος
2110 3669 2189 3714 UT

19 3763 29 4140 ὶ
278 3748 307 3777 α
369 3751 397 3778 α
