2684 4140
1033 230 1259 276 ORATIO
1289 230 1451 275 LXVI.
2189 226 2292 274 167

209 379 367 428 κίττα
404 379 497 428 καὶ
533 378 657 427 τίνα
686 378 798 440 ἔχει
826 373 1008 439 δόξαν.
1074 368 1270 425 οὐκοῦν
1296 369 1571 445 εὐτύχημα
1600 376 1663 425 τὸ
1690 370 1764 443 μὴ
1796 372 2055 437 ξυνιέναι.
2120 375 2296 423 πόσοι

214 459 278 528 δὴ
315 460 425 512 τῶν
465 462 789 530 ἀνθρώπων
827 459 937 510 τῶν
974 461 1266 528 βατράχων
1305 462 1447 511 εἰσὶν
1487 461 1894 530 ἀφρονέστεροι
1930 461 2022 510 καὶ
2059 456 2170 508 τῶν
2206 474 2295 508 κο-

215 544 411 608 λοιῶν;
459 539 584 596 ἀλλ’
638 548 789 611 ὅμως
834 548 984 596 κινεῖ
1023 545 1091 594 τὰ
1145 545 1300 613 παρὰ
1349 547 1562 595 τούτων
1599 548 1747 614 ἡμᾶς
1802 545 1896 594 καὶ
1934 545 2081 594 πάνυ
2118 541 2298 603 κακῶς

214 629 559 699 διατίθησιν.

157 724 180 764 5
359 707 422 764 οὗ
471 710 579 782 μὴν
626 715 657 763 ὅ
693 705 748 779 γ’
791 713 957 781 ἀφεὶς
1000 710 1300 779 ἐλεύθερον
1348 714 1545 762 ἑαυτὸν
1595 713 2002 782 ἐπιστρέφεται
2050 720 2149 782 τῆς
2185 712 2296 763 τῶν
2317 712 2384 762 23

25 795 438 852 367ΒΙΙ)πολλιῦν
478 794 772 866 φλυαρίας,
813 794 953 846 ἀλλά
981 804 1079 866 τῆς
1115 799 1216 861 μὲν
1242 798 1466 847 ἐκείνων
1499 794 1831 861 ἀδολεσχίας
1855 795 2150 865 καταγελᾷ,
2191 801 2299 848 πά-

214 881 307 933 λαι
346 878 410 950 δὴ
451 877 595 949 πρὸς
634 882 891 941 ἅπαντας
930 882 1180 950 εἰρηκώς,

495 958 591 1014 οὐκ
629 962 829 1030 ἀλέγω,
870 965 1009 1014 ὡσεί
1043 982 1112 1029 με
1149 962 1280 1034 γυνὴ
1320 962 1487 1031 βάλοι
1523 956 1557 1034 ἢ
1596 968 1736 1026 πάϊς
1775 967 1999 1035 ἄφρων’

489 1050 682 1118 κωφὸν
719 1049 822 1117 γάρ
861 1046 1025 1113 βέλος
1066 1046 1269 1116 ἀνδρὸς
1307 1046 1605 1110 ἀνάλκιδος
1646 1044 1986 1100 οὐτιδανοῖο.

139 1143 185 1184 10
220 1136 316 1184 τὸν
356 1126 628 1201 Ἡρακλέα
679 1135 775 1183 τὸν
823 1139 925 1182 τοῦ
971 1134 1115 1193 Διὸς
1164 1135 1379 1193 πόσους
1430 1132 1538 1182 οἴει
1585 1131 1969 1203 βλασφημεῖν,
2029 1136 2159 1194 τούς
2205 1136 2305 1199 μὲν

213 1220 290 1280 ὡς
336 1215 563 1280 κλῶπα,
624 1219 755 1278 τούς
808 1215 866 1267 δὲ
917 1218 994 1277 ὡς
1051 1217 1266 1282 βίαιον,
1323 1218 1455 1277 τούς
1516 1215 1574 1266 δὲ
1633 1219 1727 1267 καὶ
1784 1220 1982 1282 μοιχὸν
2040 1215 2216 1284 λέγειν
2272 1208 2304 1286 ἢ

109 1305 120 1316 “
211 1306 563 1354 τεκνοκτόνον
576 1321 594 1364 ,·
645 1295 773 1352 ἀλλ’
817 1304 968 1367 ὅμως
1007 1295 1166 1352 οὐδὲν
1208 1295 1359 1368 αὐτῷ
1397 1303 1611 1352 τούτων
1649 1299 1839 1367 ἔμελεν
1881 1295 2007 1351 οὐδὲ
2056 1298 2122 1370 ἦν
2169 1300 2308 1362 ἴσως

212 1404 299 1449 τις
349 1389 379 1437 ὁ
427 1393 600 1437 ταῦτα
665 1384 922 1456 φανερῶς
973 1382 1172 1452 λέγων,
1231 1386 1360 1435 ἐπεὶ
1416 1392 1756 1455 παραχρῆμα
1817 1387 1884 1435 ἄν
1934 1387 2142 1450 ὑπέσχε
2205 1382 2303 1454 τὴν
2326 1385 2394 1435 24

214 1470 384 1542 δίκην.
474 1473 524 1522 εἰ
558 1474 632 1541 μὴ
673 1477 785 1522 τῶν
822 1468 1006 1521 ἄλλων
1042 1477 1469 1540 καταφρονῆσαι
1510 1471 1732 1532 πείσεις
1773 1473 1993 1534 σαυτόν,
2035 1468 2308 1521 οὐδέποτε

135 1569 181 1610 15
219 1560 408 1626 παύσῃ
451 1554 902 1622 κακοδαιμονῶν,
953 1549 1081 1606 ἀλλ’
1135 1556 1224 1606 ἀεὶ
1273 1556 1398 1621 βίον
1437 1552 1647 1606 ἄθλιον
1696 1550 1881 1625 ζήσεις
1916 1557 2010 1606 καὶ
2042 1552 2308 1620 χαλεπόν,

216 1647 390 1693 πᾶσιν
429 1643 794 1707 ὑποκείμενος
831 1645 953 1702 τοῖς
990 1638 1355 1707 βουλομένοις
1396 1637 1620 1703 λυπεῖν,
1667 1642 1761 1690 καὶ
1797 1646 1962 1690 τοῦτο
2003 1637 2065 1710 δὴ
2107 1641 2170 1689 τὸ
2210 1645 2312 1688 τοῦ

218 1725 398 1794 λόγου,
439 1724 585 1794 λαγὼ
625 1728 750 1793 βίον
790 1722 911 1788 ζῶν.
987 1719 1114 1775 ἀλλ’
1157 1727 1363 1776 ἐκεῖνοι
1398 1726 1500 1790 μὲν
1539 1727 1670 1786 τούς
1694 1727 1861 1786 κύνας
1884 1726 1978 1776 καὶ
2007 1725 2075 1774 τοὶ
2118 1721 2309 1774 δίκτυα

215 1814 309 1863 καὶ
344 1814 475 1873 τούς
512 1813 709 1872 ἀετούς
749 1809 1062 1861 δεδοίκασι·
1106 1812 1171 1860 σύ
1200 1807 1259 1860 δὲ
1286 1811 1418 1870 τούς
1458 1807 1654 1876 λόγους
1691 1811 1950 1880 ἐπτηχὼς
1973 1810 2067 1860 καὶ
2093 1812 2311 1877 τρέμων

220 1894 579 1965 περιελεύσῃ,
629 1894 907 1966 μηδεμίαν
960 1892 1209 1965 φυλακὴν
1260 1891 1632 1965 φυλάξασθαι
1683 1892 2013 1960 δυνάμενος,
2064 1887 2199 1963 μηδ’
2244 1894 2311 1943 ἂν

143 1992 192 2033 2ο
229 1983 415 2032 ὁτιοῦν
454 1983 731 2050 πράττῃς,
780 1974 913 2050 μηδ’
957 1981 1025 2030 ἂν
1073 1982 1231 2041 ὅπως
1273 1977 1445 2048 βούλῃ
1486 1977 1695 2048 διάγῃς.
1772 1973 1900 2029 ἀλλ’
1943 1980 2040 2030 ἐὰν
2077 1980 2178 2044 μὲν
2216 1979 2309 2042 ἐμ·
2330 1979 2398 2029 25

222 2064 431 2135 βάλλῃς
470 2073 709 2130 συνεχῶς
747 2067 829 2127 εἰς
866 2067 965 2135 τὴν
1003 2066 1227 2132 ἀγοράν,
1268 2065 1536 2133 ἀγοραῖος
1574 2065 1782 2133 ἀκούσῃ
1809 2067 1902 2115 καὶ
1932 2065 2310 2133 συκοφάντης·

222 2152 319 2202 ἐὰν
358 2149 417 2201 δὲ
455 2151 780 2201 τούναντίον
820 2147 1069 2220 φυλάττῃ
1110 2151 1173 2198 τὸ
1213 2155 1470 2199 τοιοῦτον
1497 2150 1590 2199 καὶ
1614 2146 1827 2215 μᾶλλον
1864 2133 1934 2218 ᾗς
1961 2141 2086 2198 κατ>
2132 2149 2313 2198 οἰκίαν

222 2237 316 2287 καὶ
354 2238 499 2303 πρὸς
538 2239 659 2296 τοῖς
697 2238 923 2297 ἑαυτοῦ,
978 2231 1162 2294 δειλὸς
1199 2235 1293 2284 καὶ
1331 2230 1562 2302 ἰδιώτης
1598 2235 1693 2284 καὶ
1728 2235 1791 2283 τὸ
1830 2230 2030 2302 μηδέν’
2080 2233 2176 2283 ἐὰν
2216 2230 2314 2311 [δὲ]

17 2303 209 2389 (ffllfi),
227 2318 493 2382 παιδείας
540 2326 782 2390 προνοῇ,
832 2320 1044 2388 εὐήθης
1079 2320 1172 2369 καὶ
1208 2315 1482 2383 μαλακός·
1531 2318 1629 2369 ἐὰν
1665 2312 1764 2386 [δὲ]
1804 2311 1902 2368 ἐπ’
1945 2318 2211 2386 ἐργασίας
2248 2301 2316 2385 ᾗς

147 2415 195 2456 25
231 2407 408 2468 τινος,
456 2407 761 2471 βάναυσος·
811 2405 908 2455 ἐὰν
960 2399 1242 2468 σχολάζων
1292 2410 1641 2472 περιπατῇς,
1693 2404 1885 2472 ἀργός·
1948 2404 2045 2453 ἐὰν
2095 2403 2315 2472 ἐσθῆτα

225 2488 623 2558 μαλακωτέραν
663 2487 961 2558 ἀναλάβῃς,
1002 2484 1220 2551 ἀλαζὼν
1257 2489 1351 2539 καὶ
1388 2491 1691 2558 τρυφερός·
1731 2489 1828 2538 ἐὰν
1867 2485 2222 2557 ἀνυπόδητος
2259 2489 2316 2536 ἐν

227 2576 531 2644 τριβωνίῳ,
570 2575 884 2640 μαίνεσθαί
932 2587 994 2625 σε
1045 2575 1340 2644 φήσουσιν.
1427 2576 1726 2643 Σωκράτην
1779 2571 2145 2644 διαφθείρειν
2182 2573 2312 2631 τούς
2333 2573 2400 2623 26

227 2663 384 2721 νέους
422 2661 658 2730 ἔφασαν,
698 2661 780 2721 εἰς
817 2661 880 2709 τὸ
919 2660 1084 2710 θεῖον
1122 2660 1373 2726 ἀσεβεῖν·
1422 2661 1516 2709 καὶ
1556 2659 1651 2709 ούκ
1690 2657 1855 2710 εἶπον
1902 2663 2077 2708 ταῦτα
2115 2659 2317 2721 μόνον·

228 2744 393 2813 ἧττον
430 2745 532 2811 γὰρ
573 2746 639 2795 ἂν
677 2741 742 2814 ἧν
779 2739 1045 2810 <δεινὸν>·
1097 2741 1237 2793 ἀλλὰ
1274 2744 1367 2794 καὶ
1405 2744 1738 2794 ἀπέκτειναν
1793 2744 1986 2805 αὐτόν,
2037 2738 2317 2809 ἀνυποδη-

0 2110 17 2172 ³!

369 2884 392 2924 2
423 2874 726 2939 ἀφωνότεροι
748 2880 829 2924 ΡΗ
919 2886 944 2924 6
965 2881 1174 2924 lacunam
1206 2885 1311 2922 ante
1343 2875 1491 2925 πάλαι
1512 2878 1674 2923 statuit
1695 2878 1802 2921 Wil.
1855 2929 1868 2944 ²
1894 2882 1915 2918 7
1949 2878 2194 2944 εἰρηνικοῖς
2226 2878 2261 2919 Β

229 2984 253 3022 8
284 2979 353 3024 cf.
377 2979 506 3022 Hom.
527 2978 579 3022 Il.
601 2978 668 3022 XI
689 2982 771 3022 389
787 2991 854 3034 sq.
942 2982 967 3021 9
998 2973 1175 3036 ἀνδρὸς
1205 2990 1290 3020 om.
1314 2977 1353 3019 H
1385 2977 1549 3032 (suppl.
1579 2989 1608 3020 a
1629 2982 1762 3029 corr.)
1840 2949 2040 3030 ἷξιλκιδος
2070 2949 2318 3023 οξίιδανοῖοι

228 3049 347 3102 (sicu
370 3050 401 3092 P
524 3053 573 3092 12
595 3046 788 3105 ἔμελλεν
807 3049 850 3093 U
870 3062 927 3092 m.
946 3061 1014 3104 pr.
1136 3052 1189 3090 14
1209 3049 1289 3092 καὶ
1311 3046 1367 3091 σὺ
1388 3048 1551 3092 τοίνυν
1566 3046 1610 3092 εἰ
1626 3046 1704 3090 UB
1808 3045 2181 3107 καταφρονήσας
2200 3047 2318 3101 libri,

230 3119 477 3163 emendavit
497 3119 688 3163 Casaub.
777 3120 956 3172 πείσεις
978 3113 1125 3164 αὑτὸν
1146 3117 1188 3160 Η
1207 3118 1389 3169 πείσεις
1419 3111 1569 3162 αὐτὸν
1594 3116 1627 3159 Ρ
1649 3118 1833 3171 πείθεις
1854 3114 2034 3163 σαυτὸν
2057 3118 2105 3160 Μ
2137 3120 2320 3177 πείσηις
2353 3114 2366 3128 ‘

4 3191 8 3279 ξ
230 3183 380 3236 αὐτὸν
408 3188 490 3233 UB
605 3188 654 3234 δέ
683 3205 803 3235 ποτε
833 3201 916 3244 pro
949 3183 1180 3234 οὐδέποτε
1210 3188 1248 3230 Β
1341 3191 1390 3230 15
1422 3185 1562 3245 ζήσης
1592 3187 1627 3230 Ρ
1739 3192 1788 3230 17
1821 3181 1981 3234 δύκτια
2001 3188 2038 3232 P
2160 3193 2208 3232 18
2238 3198 2320 3240 καὶ

3 3282 8 3334 ³
229 3265 334 3317 post
362 3259 551 3319 τρέμων
580 3259 682 3303 add.
713 3260 752 3303 Β
842 3262 891 3302 19
921 3259 1033 3316 μηδὲ
1063 3258 1156 3301 ΗΜ
1186 3257 1345 3309 (altero
1376 3258 1491 3311 loco)
1578 3261 1631 3301 20
1661 3254 1824 3317 βούλει
1853 3259 1986 3303 ΡΗΜ
2094 3255 2321 3306 ὁπωσοῦν

4 3340 5 3343 ’
230 3343 312 3387 pro
345 3322 479 3383 ὅπως
507 3326 658 3389 βούλῃ
687 3329 959 3373 Herwerden
1074 3331 1124 3371 21
1163 3330 1370 3386 συνεχῶς
1399 3329 1466 3372 bis
1498 3328 1698 3373 exaravit
1726 3329 1766 3374 U
1795 3342 1852 3373 m.
1883 3342 1952 3387 pr.
2055 3333 2108 3374 22
2139 3327 2206 3384 εἷς
2234 3343 2317 3386 pro

230 3394 286 3460 ἧς
315 3402 354 3445 Β
498 3403 548 3444 23
582 3398 754 3446 ἑαυτοῦ
781 3400 827 3443 in
859 3402 1064 3445 σεαυτοῦ
1094 3405 1203 3443 mut.
1235 3411 1350 3443 corr.
1381 3398 1420 3443 U
1570 3399 1620 3446 δὲ
1649 3412 1736 3447 om.
1766 3399 1887 3445 UPH
2022 3404 2075 3444 24
2106 3403 2321 3458 προνοῇς

231 3471 364 3517 UBM
498 3471 546 3518 δὲ
575 3471 740 3515 seclusi
882 3462 911 3527 ᾖ
941 3470 984 3514 Η
1013 3470 1137 3525 (quid
1167 3470 1205 3513 B
1235 3469 1407 3525 ignoro)
1551 3474 1604 3514 25
1635 3467 1721 3517 ἐὰν
1750 3470 1799 3518 δὲ
1829 3471 1912 3515 BH
2055 3475 2321 3531 περιπατῇς

232 3542 415 3599 Jacobs,
446 3537 689 3602 προπετὴς
718 3541 878 3586 UBPH
908 3539 1150 3600 προπέτης
1182 3539 1228 3582 Μ
1363 3542 1416 3583 26
1448 3536 1744 3595 ἀνυπόδετος
1774 3542 1814 3585 Η
1845 3536 2168 3596 άνυπόδεκτος
2199 3542 2233 3585 Ρ

236 3617 288 3656 27
320 3611 522 3673 φήσουσι
551 3613 586 3656 Ρ
678 3615 730 3656 28
763 3608 1010 3670 ἔφειασαν
1037 3614 1157 3663 (cum
1188 3614 1363 3664 rasura)
1394 3611 1435 3654 H
1543 3616 1598 3657 29
1628 3608 1787 3658 δεινὸν
1816 3612 1968 3656 addidi
1998 3618 2181 3657 secutus
2213 3613 2319 3656 Em-

233 3684 406 3739 perium
520 3678 832 3736 άνυποδεσίας
858 3682 960 3728 libri
