<?xml version="1.0" encoding="UTF-8"?>
<!DOCTYPE html PUBLIC "-//W3C//DTD XHTML 1.0 Transitional//EN"
    "http://www.w3.org/TR/xhtml1/DTD/xhtml1-transitional.dtd">
<html xmlns="http://www.w3.org/1999/xhtml" xml:lang="en" lang="en">
 <head>
  <title>
</title>
<meta http-equiv="Content-Type" content="text/html;charset=utf-8" />
  <meta name='ocr-system' content='tesseract 3.04.00' />
  <meta name='ocr-capabilities' content='ocr_page ocr_carea ocr_par ocr_line ocrx_word'/>
</head>
<body>
  <div class='ocr_page' id='page_1' title='image "./dionisprusaensis02diocuoft_0221.png"; bbox 0 0 2684 4140; ppageno 0'>
   <div class='ocr_carea' id='block_1_1' title="bbox 1057 253 2328 305">
    <p class='ocr_par' dir='ltr' id='par_1_1' title="bbox 1057 253 2328 305">
     <span class='ocr_line' id='line_1_1' title="bbox 1057 253 2328 305; baseline 0.005 -7"><span class='ocrx_word' id='word_1_1' title='bbox 1057 253 1283 299; x_wconf 87' lang='lat' dir='ltr'><strong>ORATIO</strong></span> <span class='ocrx_word' id='word_1_2' title='bbox 1314 253 1497 301; x_wconf 86' lang='lat' dir='ltr'><strong>LXXV.</strong></span> <span class='ocrx_word' id='word_1_3' title='bbox 2226 253 2328 305; x_wconf 84' lang='lat'><em>203</em></span> 
     </span>
    </p>
   </div>
   <div class='ocr_carea' id='block_1_2' title="bbox 0 398 2403 2854">
    <p class='ocr_par' dir='ltr' id='par_1_2' title="bbox 0 398 2403 2854">
     <span class='ocr_line' id='line_1_2' title="bbox 240 398 2325 472; baseline 0.002 -23"><span class='ocrx_word' id='word_1_4' title='bbox 240 400 395 467; x_wconf 85' lang='grc' dir='ltr'><em>παρὰ</em></span> <span class='ocrx_word' id='word_1_5' title='bbox 434 404 544 451; x_wconf 89' lang='grc' dir='ltr'><em>τῶν</em></span> <span class='ocrx_word' id='word_1_6' title='bbox 582 400 734 451; x_wconf 90' lang='grc' dir='ltr'><em>θεῶν</em></span> <span class='ocrx_word' id='word_1_7' title='bbox 771 401 1039 466; x_wconf 83' lang='grc' dir='ltr'><strong><em>μαντείας</em></strong></span> <span class='ocrx_word' id='word_1_8' title='bbox 1065 398 1499 472; x_wconf 80' lang='grc' dir='ltr'><em>ὠφελιμώτερός</em></span> <span class='ocrx_word' id='word_1_9' title='bbox 1525 402 1648 453; x_wconf 78' lang='grc' dir='ltr'><em>ἐστι</em></span> <span class='ocrx_word' id='word_1_10' title='bbox 1673 404 1859 468; x_wconf 85' lang='grc' dir='ltr'><em>νόμος,</em></span> <span class='ocrx_word' id='word_1_11' title='bbox 1899 404 2012 469; x_wconf 84' lang='grc' dir='ltr'><em>ὅσῳ</em></span> <span class='ocrx_word' id='word_1_12' title='bbox 2052 403 2185 463; x_wconf 83' lang='grc' dir='ltr'><em>τοὺς</em></span> <span class='ocrx_word' id='word_1_13' title='bbox 2222 404 2325 467; x_wconf 82' lang='grc' dir='ltr'><em>μὲν</em></span> 
     </span>
     <span class='ocr_line' id='line_1_3' title="bbox 235 479 2330 557; baseline 0.002 -23"><span class='ocrx_word' id='word_1_14' title='bbox 235 486 519 554; x_wconf 79' lang='grc' dir='ltr'><em>χρησμοὺς</em></span> <span class='ocrx_word' id='word_1_15' title='bbox 555 483 658 555; x_wconf 85' lang='grc' dir='ltr'><em>ἤδη</em></span> <span class='ocrx_word' id='word_1_16' title='bbox 699 487 847 547; x_wconf 85' lang='grc' dir='ltr'><em>τινὲς</em></span> <span class='ocrx_word' id='word_1_17' title='bbox 882 488 1158 555; x_wconf 81' lang='grc' dir='ltr'><em>ἠγνόησαν</em></span> <span class='ocrx_word' id='word_1_18' title='bbox 1195 488 1289 537; x_wconf 82' lang='grc' dir='ltr'><em>καὶ</em></span> <span class='ocrx_word' id='word_1_19' title='bbox 1329 484 1618 549; x_wconf 90' lang='grc' dir='ltr'><em>δοκοῦντες</em></span> <span class='ocrx_word' id='word_1_20' title='bbox 1644 489 1914 557; x_wconf 89' lang='grc' dir='ltr'><em>πράττειν</em></span> <span class='ocrx_word' id='word_1_21' title='bbox 1950 479 2077 538; x_wconf 78' lang='grc' dir='ltr'><em>κατ’</em></span> <span class='ocrx_word' id='word_1_22' title='bbox 2123 480 2330 550; x_wconf 79' lang='grc' dir='ltr'><em>αὐτούς</em></span> 
     </span>
     <span class='ocr_line' id='line_1_4' title="bbox 240 569 2334 642; baseline 0.002 -23"><span class='ocrx_word' id='word_1_23' title='bbox 240 570 507 620; x_wconf 91' lang='grc' dir='ltr'><em>τάναντία</em></span> <span class='ocrx_word' id='word_1_24' title='bbox 545 571 849 639; x_wconf 80' lang='grc' dir='ltr'><em>ἐποίησαν,</em></span> <span class='ocrx_word' id='word_1_25' title='bbox 888 571 1024 621; x_wconf 84' lang='grc' dir='ltr'><em>ὅθεν</em></span> <span class='ocrx_word' id='word_1_26' title='bbox 1065 569 1225 637; x_wconf 87' lang='grc' dir='ltr'><em>οἶμαι</em></span> <span class='ocrx_word' id='word_1_27' title='bbox 1265 576 1585 642; x_wconf 83' lang='grc' dir='ltr'><em>συμφοραῖς</em></span> <span class='ocrx_word' id='word_1_28' title='bbox 1623 574 1943 642; x_wconf 81' lang='grc' dir='ltr'><em>ἐχρήσαντο.</em></span> <span class='ocrx_word' id='word_1_29' title='bbox 2034 573 2191 642; x_wconf 84' lang='grc' dir='ltr'><em>παρὰ</em></span> <span class='ocrx_word' id='word_1_30' title='bbox 2230 580 2334 623; x_wconf 91' lang='grc' dir='ltr'><em>τοῦ</em></span> 
     </span>
     <span class='ocr_line' id='line_1_5' title="bbox 241 648 2331 727; baseline 0.002 -23"><span class='ocrx_word' id='word_1_31' title='bbox 241 656 413 720; x_wconf 90' lang='grc' dir='ltr'><em>νόμου</em></span> <span class='ocrx_word' id='word_1_32' title='bbox 453 652 512 705; x_wconf 81' lang='grc' dir='ltr'><em>δὲ</em></span> <span class='ocrx_word' id='word_1_33' title='bbox 553 648 712 706; x_wconf 78' lang='grc' dir='ltr'><em>οὐδέν</em></span> <span class='ocrx_word' id='word_1_34' title='bbox 750 657 873 706; x_wconf 84' lang='grc' dir='ltr'><em>ἐστι</em></span> <span class='ocrx_word' id='word_1_35' title='bbox 913 654 1135 707; x_wconf 79' lang='grc' dir='ltr'><em>σκολιὸν</em></span> <span class='ocrx_word' id='word_1_36' title='bbox 1175 649 1304 708; x_wconf 77' lang='grc' dir='ltr'><em>οὐδὲ</em></span> <span class='ocrx_word' id='word_1_37' title='bbox 1331 654 1668 727; x_wconf 85' lang='grc' dir='ltr'><em>ἀμφίβολον,</em></span> <span class='ocrx_word' id='word_1_38' title='bbox 1709 651 1835 708; x_wconf 78' lang='grc' dir='ltr'><em>ἀλλ’</em></span> <span class='ocrx_word' id='word_1_39' title='bbox 1879 655 2076 719; x_wconf 83' lang='grc' dir='ltr'><em>ἅπλῶς</em></span> <span class='ocrx_word' id='word_1_40' title='bbox 2104 660 2331 710; x_wconf 82' lang='grc' dir='ltr'><em>ἅπαντα</em></span> 
     </span>
     <span class='ocr_line' id='line_1_6' title="bbox 186 738 2331 812; baseline 0.003 -26"><span class='ocrx_word' id='word_1_41' title='bbox 186 745 210 785; x_wconf 82' lang='lat'>5</span> <span class='ocrx_word' id='word_1_42' title='bbox 248 740 283 788; x_wconf 83' lang='grc' dir='ltr'><em>ἀ</em></span> <span class='ocrx_word' id='word_1_43' title='bbox 322 740 594 808; x_wconf 88' lang='grc' dir='ltr'><em>προσήκει</em></span> <span class='ocrx_word' id='word_1_44' title='bbox 631 744 752 801; x_wconf 88' lang='grc' dir='ltr'><em>τοῖς</em></span> <span class='ocrx_word' id='word_1_45' title='bbox 791 738 1078 806; x_wconf 79' lang='grc' dir='ltr'><em>δεομένοις</em></span> <span class='ocrx_word' id='word_1_46' title='bbox 1117 738 1334 811; x_wconf 85' lang='grc' dir='ltr'><em>φράζει.</em></span> <span class='ocrx_word' id='word_1_47' title='bbox 1488 744 1671 812; x_wconf 82' lang='grc' dir='ltr'><em>ἄρχων</em></span> <span class='ocrx_word' id='word_1_48' title='bbox 1711 740 1770 793; x_wconf 86' lang='grc' dir='ltr'><em>δὲ</em></span> <span class='ocrx_word' id='word_1_49' title='bbox 1809 744 2076 794; x_wconf 81' lang='grc' dir='ltr'><em>ἁπάντων</em></span> <span class='ocrx_word' id='word_1_50' title='bbox 2112 745 2206 794; x_wconf 83' lang='grc' dir='ltr'><em>καὶ</em></span> <span class='ocrx_word' id='word_1_51' title='bbox 2240 745 2331 793; x_wconf 90' lang='grc' dir='ltr'><em>κύ·-</em></span> 
     </span>
     <span class='ocr_line' id='line_1_7' title="bbox 239 821 2331 897; baseline 0.003 -25"><span class='ocrx_word' id='word_1_52' title='bbox 239 839 363 892; x_wconf 90' lang='grc' dir='ltr'><em>ριος</em></span> <span class='ocrx_word' id='word_1_53' title='bbox 401 825 477 874; x_wconf 82' lang='grc' dir='ltr'><em>ὢν</em></span> <span class='ocrx_word' id='word_1_54' title='bbox 509 825 682 893; x_wconf 83' lang='grc' dir='ltr'><em>χωρὶς</em></span> <span class='ocrx_word' id='word_1_55' title='bbox 718 822 910 876; x_wconf 82' lang='grc' dir='ltr'><em>ὅπλων</em></span> <span class='ocrx_word' id='word_1_56' title='bbox 945 828 1039 877; x_wconf 82' lang='grc' dir='ltr'><em>καὶ</em></span> <span class='ocrx_word' id='word_1_57' title='bbox 1074 827 1204 893; x_wconf 83' lang='grc' dir='ltr'><em>βίας</em></span> <span class='ocrx_word' id='word_1_58' title='bbox 1228 831 1446 896; x_wconf 89' lang='grc' dir='ltr'><em>κρατεῖ·</em></span> <span class='ocrx_word' id='word_1_59' title='bbox 1485 821 1810 878; x_wconf 78' lang='grc' dir='ltr'><em>τούναντίον</em></span> <span class='ocrx_word' id='word_1_60' title='bbox 1837 828 1939 897; x_wconf 83' lang='grc' dir='ltr'><em>γὰρ</em></span> <span class='ocrx_word' id='word_1_61' title='bbox 1969 821 2138 890; x_wconf 79' lang='grc' dir='ltr'><em>αὐτὸς</em></span> <span class='ocrx_word' id='word_1_62' title='bbox 2163 845 2331 878; x_wconf 91' lang='grc' dir='ltr'><em>κατα-</em></span> 
     </span>
     <span class='ocr_line' id='line_1_8' title="bbox 242 904 2328 982; baseline 0.003 -25"><span class='ocrx_word' id='word_1_63' title='bbox 242 904 360 958; x_wconf 84' lang='grc' dir='ltr'><em>λύει</em></span> <span class='ocrx_word' id='word_1_64' title='bbox 405 909 503 979; x_wconf 82' lang='grc' dir='ltr'><em>τὴν</em></span> <span class='ocrx_word' id='word_1_65' title='bbox 550 910 707 975; x_wconf 89' lang='grc' dir='ltr'><em>βίαν·</em></span> <span class='ocrx_word' id='word_1_66' title='bbox 756 907 896 960; x_wconf 86' lang='grc' dir='ltr'><em>ἀλλά</em></span> <span class='ocrx_word' id='word_1_67' title='bbox 945 912 1085 976; x_wconf 80' lang='grc' dir='ltr'><em>μετὰ</em></span> <span class='ocrx_word' id='word_1_68' title='bbox 1134 912 1381 973; x_wconf 75' lang='grc' dir='ltr'><em>πειθοῦς</em></span> <span class='ocrx_word' id='word_1_69' title='bbox 1426 914 1519 964; x_wconf 82' lang='grc' dir='ltr'><em>καὶ</em></span> <span class='ocrx_word' id='word_1_70' title='bbox 1565 910 1920 979; x_wconf 80' lang='grc' dir='ltr'><em>βουλομένων</em></span> <span class='ocrx_word' id='word_1_71' title='bbox 1969 916 2328 982; x_wconf 78' lang='grc' dir='ltr'><em>προέστηκεν.</em></span> 
     </span>
     <span class='ocr_line' id='line_1_9' title="bbox 241 993 2331 1068; baseline 0.003 -26"><span class='ocrx_word' id='word_1_72' title='bbox 241 993 447 1054; x_wconf 78' lang='grc' dir='ltr'><em>πείσας</em></span> <span class='ocrx_word' id='word_1_73' title='bbox 482 994 585 1064; x_wconf 82' lang='grc' dir='ltr'><em>γὰρ</em></span> <span class='ocrx_word' id='word_1_74' title='bbox 626 997 902 1064; x_wconf 90' lang='grc' dir='ltr'><em>πρότερον</em></span> <span class='ocrx_word' id='word_1_75' title='bbox 939 998 1032 1047; x_wconf 82' lang='grc' dir='ltr'><em>καὶ</em></span> <span class='ocrx_word' id='word_1_76' title='bbox 1059 994 1429 1062; x_wconf 84' lang='grc' dir='ltr'><em>δοκιμασθεὶς</em></span> <span class='ocrx_word' id='word_1_77' title='bbox 1457 999 1634 1059; x_wconf 81' lang='grc' dir='ltr'><em>οὕτως</em></span> <span class='ocrx_word' id='word_1_78' title='bbox 1658 999 1905 1065; x_wconf 89' lang='grc' dir='ltr'><em>γίγνεται</em></span> <span class='ocrx_word' id='word_1_79' title='bbox 1930 1000 2024 1050; x_wconf 82' lang='grc' dir='ltr'><em>καὶ</em></span> <span class='ocrx_word' id='word_1_80' title='bbox 2049 1000 2147 1068; x_wconf 85' lang='grc' dir='ltr'><em>τὴν</em></span> <span class='ocrx_word' id='word_1_81' title='bbox 2175 999 2331 1063; x_wconf 80' lang='grc' dir='ltr'><em>ἰσχὺν</em></span> 
     </span>
     <span class='ocr_line' id='line_1_10' title="bbox 238 1077 2402 1151; baseline 0.003 -24"><span class='ocrx_word' id='word_1_82' title='bbox 238 1078 337 1147; x_wconf 86' lang='grc' dir='ltr'><em>τὴν</em></span> <span class='ocrx_word' id='word_1_83' title='bbox 377 1080 549 1129; x_wconf 80' lang='grc' dir='ltr'><em>αὐτοῦ</em></span> <span class='ocrx_word' id='word_1_84' title='bbox 585 1077 871 1146; x_wconf 85' lang='grc' dir='ltr'><em>λαμβάνει.</em></span> <span class='ocrx_word' id='word_1_85' title='bbox 947 1078 1281 1151; x_wconf 82' lang='grc' dir='ltr'><em>τηλικαύτην</em></span> <span class='ocrx_word' id='word_1_86' title='bbox 1331 1080 1390 1133; x_wconf 83' lang='grc' dir='ltr'><em>δὲ</em></span> <span class='ocrx_word' id='word_1_87' title='bbox 1439 1083 1553 1146; x_wconf 84' lang='grc' dir='ltr'><em>ἔχει</em></span> <span class='ocrx_word' id='word_1_88' title='bbox 1601 1080 1835 1148; x_wconf 86' lang='grc' dir='ltr'><em>δύναμιν</em></span> <span class='ocrx_word' id='word_1_89' title='bbox 1886 1083 2029 1133; x_wconf 85' lang='grc' dir='ltr'><em>ὥστε</em></span> <span class='ocrx_word' id='word_1_90' title='bbox 2078 1084 2172 1134; x_wconf 81' lang='grc' dir='ltr'><em>καὶ</em></span> <span class='ocrx_word' id='word_1_91' title='bbox 2209 1086 2330 1144; x_wconf 92' lang='grc' dir='ltr'><em>τοῖς</em></span> <span class='ocrx_word' id='word_1_92' title='bbox 2369 1084 2402 1134; x_wconf 89' lang='grc'>5</span> 
     </span>
     <span class='ocr_line' id='line_1_11' title="bbox 163 1161 2335 1236; baseline 0.004 -27"><span class='ocrx_word' id='word_1_93' title='bbox 163 1165 210 1208; x_wconf 85' lang='grc'><em>10</em></span> <span class='ocrx_word' id='word_1_94' title='bbox 245 1161 411 1224; x_wconf 90' lang='grc' dir='ltr'><em>θεοῖς</em></span> <span class='ocrx_word' id='word_1_95' title='bbox 449 1161 612 1225; x_wconf 76' lang='grc' dir='ltr'><em>οὗτός</em></span> <span class='ocrx_word' id='word_1_96' title='bbox 648 1165 802 1215; x_wconf 77' lang='grc' dir='ltr'><em>ἐστιν</em></span> <span class='ocrx_word' id='word_1_97' title='bbox 840 1166 871 1214; x_wconf 99' lang='lat'><em>6</em></span> <span class='ocrx_word' id='word_1_98' title='bbox 905 1165 1154 1234; x_wconf 92' lang='grc' dir='ltr'><em>βοηθῶν.</em></span> <span class='ocrx_word' id='word_1_99' title='bbox 1218 1167 1349 1227; x_wconf 82' lang='grc' dir='ltr'><em>τούς</em></span> <span class='ocrx_word' id='word_1_100' title='bbox 1373 1166 1476 1235; x_wconf 82' lang='grc' dir='ltr'><em>γὰρ</em></span> <span class='ocrx_word' id='word_1_101' title='bbox 1506 1164 1830 1235; x_wconf 84' lang='grc' dir='ltr'><em>ἱεροσύλους</em></span> <span class='ocrx_word' id='word_1_102' title='bbox 1853 1169 1947 1217; x_wconf 82' lang='grc' dir='ltr'><em>καὶ</em></span> <span class='ocrx_word' id='word_1_103' title='bbox 1983 1168 2114 1228; x_wconf 80' lang='grc' dir='ltr'><em>τοὺς</em></span> <span class='ocrx_word' id='word_1_104' title='bbox 2152 1183 2335 1236; x_wconf 81' lang='grc' dir='ltr'><em>παρα·</em></span> 
     </span>
     <span class='ocr_line' id='line_1_12' title="bbox 240 1240 2337 1322; baseline 0.002 -24"><span class='ocrx_word' id='word_1_105' title='bbox 240 1247 540 1314; x_wconf 88' lang='grc' dir='ltr'><em>βαίνοντας</em></span> <span class='ocrx_word' id='word_1_106' title='bbox 586 1250 684 1318; x_wconf 83' lang='grc' dir='ltr'><em>τὴν</em></span> <span class='ocrx_word' id='word_1_107' title='bbox 723 1250 868 1317; x_wconf 82' lang='grc' dir='ltr'><em>πρὸς</em></span> <span class='ocrx_word' id='word_1_108' title='bbox 907 1240 1110 1310; x_wconf 75' lang='grc' dir='ltr'><em>αὐτούς</em></span> <span class='ocrx_word' id='word_1_109' title='bbox 1147 1243 1436 1315; x_wconf 80' lang='grc' dir='ltr'><em>εὐσέβειαν</em></span> <span class='ocrx_word' id='word_1_110' title='bbox 1473 1246 1710 1312; x_wconf 81' lang='grc' dir='ltr'><em>κολάζει.</em></span> <span class='ocrx_word' id='word_1_111' title='bbox 1795 1253 1888 1301; x_wconf 84' lang='grc' dir='ltr'><em>καὶ</em></span> <span class='ocrx_word' id='word_1_112' title='bbox 1924 1253 2031 1322; x_wconf 84' lang='grc' dir='ltr'><em>μὴν</em></span> <span class='ocrx_word' id='word_1_113' title='bbox 2072 1245 2238 1302; x_wconf 76' lang='grc' dir='ltr'><em>αὐτόν</em></span> <span class='ocrx_word' id='word_1_114' title='bbox 2275 1268 2337 1319; x_wconf 87' lang='grc' dir='ltr'><em>γε</em></span> 
     </span>
     <span class='ocr_line' id='line_1_13' title="bbox 243 1324 2336 1405; baseline 0.002 -23"><span class='ocrx_word' id='word_1_115' title='bbox 243 1324 370 1383; x_wconf 70' lang='grc' dir='ltr'><em>οὐδὲ</em></span> <span class='ocrx_word' id='word_1_116' title='bbox 410 1333 491 1394; x_wconf 88' lang='grc' dir='ltr'><em>εἷς</em></span> <span class='ocrx_word' id='word_1_117' title='bbox 518 1332 638 1394; x_wconf 88' lang='grc' dir='ltr'><em>οἷός</em></span> <span class='ocrx_word' id='word_1_118' title='bbox 663 1337 726 1383; x_wconf 90' lang='grc' dir='ltr'><em>τέ</em></span> <span class='ocrx_word' id='word_1_119' title='bbox 749 1335 902 1384; x_wconf 84' lang='grc' dir='ltr'><em>ἐστιν</em></span> <span class='ocrx_word' id='word_1_120' title='bbox 930 1331 1211 1404; x_wconf 86' lang='grc' dir='ltr'><em>ἀδικῆσαι.</em></span> <span class='ocrx_word' id='word_1_121' title='bbox 1275 1340 1386 1385; x_wconf 90' lang='grc' dir='ltr'><em>τῶν</em></span> <span class='ocrx_word' id='word_1_122' title='bbox 1413 1336 1516 1404; x_wconf 82' lang='grc' dir='ltr'><em>γὰρ</em></span> <span class='ocrx_word' id='word_1_123' title='bbox 1546 1336 2014 1405; x_wconf 89' lang='grc' dir='ltr'><em>παραβαινόντων</em></span> <span class='ocrx_word' id='word_1_124' title='bbox 2041 1338 2137 1387; x_wconf 85' lang='grc' dir='ltr'><em>τὸν</em></span> <span class='ocrx_word' id='word_1_125' title='bbox 2164 1339 2336 1402; x_wconf 91' lang='grc' dir='ltr'><em>νόμον</em></span> 
     </span>
     <span class='ocr_line' id='line_1_14' title="bbox 240 1410 2403 1490; baseline 0.004 -24"><span class='ocrx_word' id='word_1_126' title='bbox 240 1419 473 1478; x_wconf 78' lang='grc' dir='ltr'><em>ἕκαστος</em></span> <span class='ocrx_word' id='word_1_127' title='bbox 521 1410 619 1467; x_wconf 70' lang='grc' dir='ltr'><em>οἰκ</em></span> <span class='ocrx_word' id='word_1_128' title='bbox 655 1418 892 1480; x_wconf 82' lang='grc' dir='ltr'><em>ἐκεῖνον,</em></span> <span class='ocrx_word' id='word_1_129' title='bbox 942 1411 1068 1467; x_wconf 74' lang='grc' dir='ltr'><em>ἀλλ’</em></span> <span class='ocrx_word' id='word_1_130' title='bbox 1112 1420 1309 1469; x_wconf 83' lang='grc' dir='ltr'><em>ἑαυτὸν</em></span> <span class='ocrx_word' id='word_1_131' title='bbox 1356 1417 1616 1486; x_wconf 82' lang='grc' dir='ltr'><em>βλάπτει.</em></span> <span class='ocrx_word' id='word_1_132' title='bbox 1701 1422 1980 1490; x_wconf 89' lang='grc' dir='ltr'><em>τοσαύτης</em></span> <span class='ocrx_word' id='word_1_133' title='bbox 2019 1418 2078 1472; x_wconf 86' lang='grc' dir='ltr'><em>δὲ</em></span> <span class='ocrx_word' id='word_1_134' title='bbox 2120 1418 2330 1471; x_wconf 87' lang='grc' dir='ltr'><em>δικαιο-</em></span> <span class='ocrx_word' id='word_1_135' title='bbox 2371 1425 2403 1475; x_wconf 89' lang='grc'>6</span> 
     </span>
     <span class='ocr_line' id='line_1_15' title="bbox 243 1499 2335 1572; baseline 0.002 -21"><span class='ocrx_word' id='word_1_136' title='bbox 243 1503 409 1571; x_wconf 90' lang='grc' dir='ltr'><em>σύνης</em></span> <span class='ocrx_word' id='word_1_137' title='bbox 443 1503 538 1552; x_wconf 84' lang='grc' dir='ltr'><em>καὶ</em></span> <span class='ocrx_word' id='word_1_138' title='bbox 583 1499 1031 1572; x_wconf 83' lang='grc' dir='ltr'><em>φιλανθρωπίας</em></span> <span class='ocrx_word' id='word_1_139' title='bbox 1076 1507 1282 1570; x_wconf 91' lang='grc' dir='ltr'><em>μεστός</em></span> <span class='ocrx_word' id='word_1_140' title='bbox 1330 1506 1513 1569; x_wconf 79' lang='grc' dir='ltr'><em>ἐστιν,</em></span> <span class='ocrx_word' id='word_1_141' title='bbox 1565 1507 1708 1556; x_wconf 86' lang='grc' dir='ltr'><em>ὥστε</em></span> <span class='ocrx_word' id='word_1_142' title='bbox 1754 1507 1849 1557; x_wconf 82' lang='grc' dir='ltr'><em>καὶ</em></span> <span class='ocrx_word' id='word_1_143' title='bbox 1899 1510 2021 1567; x_wconf 92' lang='grc' dir='ltr'><em>τοῖς</em></span> <span class='ocrx_word' id='word_1_144' title='bbox 2069 1507 2335 1570; x_wconf 79' lang='grc' dir='ltr'><em>ἀτυχοῦσι</em></span> 
     </span>
     <span class='ocr_line' id='line_1_16' title="bbox 162 1588 2335 1660; baseline 0.002 -25"><span class='ocrx_word' id='word_1_145' title='bbox 162 1589 208 1630; x_wconf 86' lang='grc'><em>15</em></span> <span class='ocrx_word' id='word_1_146' title='bbox 238 1588 660 1656; x_wconf 88' lang='grc' dir='ltr'><em>χρησιμώτερος</em></span> <span class='ocrx_word' id='word_1_147' title='bbox 695 1588 1011 1659; x_wconf 89' lang='grc' dir='ltr'><em>καθέστηκε</em></span> <span class='ocrx_word' id='word_1_148' title='bbox 1048 1595 1159 1640; x_wconf 91' lang='grc' dir='ltr'><em>τῶν</em></span> <span class='ocrx_word' id='word_1_149' title='bbox 1195 1594 1342 1657; x_wconf 81' lang='grc' dir='ltr'><em>γένει</em></span> <span class='ocrx_word' id='word_1_150' title='bbox 1380 1594 1780 1660; x_wconf 91' lang='grc' dir='ltr'><em>προσηκόντων</em></span> <span class='ocrx_word' id='word_1_151' title='bbox 1824 1592 1919 1642; x_wconf 83' lang='grc' dir='ltr'><em>καὶ</em></span> <span class='ocrx_word' id='word_1_152' title='bbox 1954 1595 2075 1652; x_wconf 92' lang='grc' dir='ltr'><em>τοῖς</em></span> <span class='ocrx_word' id='word_1_153' title='bbox 2113 1588 2335 1641; x_wconf 87' lang='grc' dir='ltr'><em>ἀδικου-</em></span> 
     </span>
     <span class='ocr_line' id='line_1_17' title="bbox 0 1661 2334 1759; baseline 0.003 -39"><span class='ocrx_word' id='word_1_154' title='bbox 0 1661 5 1759; x_wconf 54' lang='lat' dir='ltr'>j</span> <span class='ocrx_word' id='word_1_155' title='bbox 236 1674 429 1735; x_wconf 89' lang='grc' dir='ltr'><em>μένοις</em></span> <span class='ocrx_word' id='word_1_156' title='bbox 467 1673 823 1742; x_wconf 88' lang='grc' dir='ltr'><em>ἰσχυρότερος</em></span> <span class='ocrx_word' id='word_1_157' title='bbox 859 1681 958 1744; x_wconf 82' lang='grc' dir='ltr'><em>τῆς</em></span> <span class='ocrx_word' id='word_1_158' title='bbox 997 1667 1180 1726; x_wconf 77' lang='grc' dir='ltr'><em>αὐτῶν</em></span> <span class='ocrx_word' id='word_1_159' title='bbox 1219 1676 1443 1727; x_wconf 81' lang='grc' dir='ltr'><em>ἐκείνων</em></span> <span class='ocrx_word' id='word_1_160' title='bbox 1481 1678 1673 1746; x_wconf 80' lang='grc' dir='ltr'><em>ῥώμης</em></span> <span class='ocrx_word' id='word_1_161' title='bbox 1709 1678 1803 1728; x_wconf 81' lang='grc' dir='ltr'><em>καὶ</em></span> <span class='ocrx_word' id='word_1_162' title='bbox 1840 1679 2127 1746; x_wconf 92' lang='grc' dir='ltr'><em>πατράσιν</em></span> <span class='ocrx_word' id='word_1_163' title='bbox 2166 1678 2334 1727; x_wconf 89' lang='grc' dir='ltr'><em>υἱέων</em></span> 
     </span>
     <span class='ocr_line' id='line_1_18' title="bbox 237 1748 2329 1832; baseline 0.003 -26.288"><span class='ocrx_word' id='word_1_164' title='bbox 237 1748 600 1827; x_wconf 71' lang='grc' dir='ltr'><em>εῖνούστερος</em></span> <span class='ocrx_word' id='word_1_165' title='bbox 636 1760 731 1809; x_wconf 83' lang='grc' dir='ltr'><em>καὶ</em></span> <span class='ocrx_word' id='word_1_166' title='bbox 767 1761 939 1811; x_wconf 81' lang='grc' dir='ltr'><em>παισὶ</em></span> <span class='ocrx_word' id='word_1_167' title='bbox 972 1763 1180 1827; x_wconf 88' lang='grc' dir='ltr'><em>γονέων</em></span> <span class='ocrx_word' id='word_1_168' title='bbox 1205 1762 1299 1811; x_wconf 82' lang='grc' dir='ltr'><em>καὶ</em></span> <span class='ocrx_word' id='word_1_169' title='bbox 1325 1758 1598 1832; x_wconf 78' lang='grc' dir='ltr'><em>ἀδελφοῖς</em></span> <span class='ocrx_word' id='word_1_170' title='bbox 1624 1759 1901 1832; x_wconf 79' lang='grc' dir='ltr'><em>ἀδελφῶν.</em></span> <span class='ocrx_word' id='word_1_171' title='bbox 1967 1759 2173 1812; x_wconf 85' lang='grc' dir='ltr'><em>πολλοὶ</em></span> <span class='ocrx_word' id='word_1_172' title='bbox 2198 1767 2329 1829; x_wconf 92' lang='grc' dir='ltr'><em>γοῦν</em></span> 
     </span>
     <span class='ocr_line' id='line_1_19' title="bbox 0 1835 2333 1918; baseline 0.002 -26"><span class='ocrx_word' id='word_1_173' title='bbox 0 1835 2 1892; x_wconf 63' lang='grc' dir='ltr'><strong><em>ἓ</em></strong></span> <span class='ocrx_word' id='word_1_174' title='bbox 238 1842 350 1892; x_wconf 82' lang='grc' dir='ltr'><em>ὑπὸ</em></span> <span class='ocrx_word' id='word_1_175' title='bbox 389 1848 500 1893; x_wconf 91' lang='grc' dir='ltr'><em>τῶν</em></span> <span class='ocrx_word' id='word_1_176' title='bbox 540 1841 828 1912; x_wconf 88' lang='grc' dir='ltr'><em>φιλτάτων</em></span> <span class='ocrx_word' id='word_1_177' title='bbox 866 1842 1225 1911; x_wconf 88' lang='grc' dir='ltr'><em>ἀδικούμενοι</em></span> <span class='ocrx_word' id='word_1_178' title='bbox 1263 1848 1409 1913; x_wconf 84' lang='grc' dir='ltr'><em>πρὸς</em></span> <span class='ocrx_word' id='word_1_179' title='bbox 1458 1853 1656 1898; x_wconf 89' lang='grc' dir='ltr'><em>τοῦτον</em></span> <span class='ocrx_word' id='word_1_180' title='bbox 1703 1850 2168 1918; x_wconf 89' lang='grc' dir='ltr'><em>καταφεύγουσιν.</em></span> <span class='ocrx_word' id='word_1_181' title='bbox 2246 1847 2333 1897; x_wconf 82' lang='grc' dir='ltr'><em>ἔτι</em></span> 
     </span>
     <span class='ocr_line' id='line_1_20' title="bbox 27 1923 2332 2000; baseline 0.007 -28"><span class='ocrx_word' id='word_1_182' title='bbox 27 1931 223 1975; x_wconf 66' lang='grc'>(408311)</span> <span class='ocrx_word' id='word_1_183' title='bbox 242 1923 300 1976; x_wconf 79' lang='grc' dir='ltr'><em>δὲ</em></span> <span class='ocrx_word' id='word_1_184' title='bbox 351 1930 445 1979; x_wconf 82' lang='grc' dir='ltr'><em>καὶ</em></span> <span class='ocrx_word' id='word_1_185' title='bbox 479 1927 652 1998; x_wconf 83' lang='grc' dir='ltr'><em>μηδὲν</em></span> <span class='ocrx_word' id='word_1_186' title='bbox 695 1931 807 1980; x_wconf 82' lang='grc' dir='ltr'><em>ὑπὸ</em></span> <span class='ocrx_word' id='word_1_187' title='bbox 856 1928 1095 2000; x_wconf 85' lang='grc' dir='ltr'><em>μηδενὸς</em></span> <span class='ocrx_word' id='word_1_188' title='bbox 1143 1931 1207 1982; x_wconf 80' lang='grc' dir='ltr'><em>εὖ</em></span> <span class='ocrx_word' id='word_1_189' title='bbox 1254 1933 1571 1994; x_wconf 80' lang='grc' dir='ltr'><em>πεπονθώς</em></span> <span class='ocrx_word' id='word_1_190' title='bbox 1621 1934 1652 1982; x_wconf 90' lang='lat'><em>6</em></span> <span class='ocrx_word' id='word_1_191' title='bbox 1700 1935 1870 1999; x_wconf 92' lang='grc' dir='ltr'><em>νόμος</em></span> <span class='ocrx_word' id='word_1_192' title='bbox 1920 1940 2098 1984; x_wconf 83' lang='grc' dir='ltr'><em>πᾶσιν</em></span> <span class='ocrx_word' id='word_1_193' title='bbox 2150 1931 2226 1982; x_wconf 87' lang='grc' dir='ltr'><em>ὧν</em></span> <span class='ocrx_word' id='word_1_194' title='bbox 2265 1933 2332 1987; x_wconf 75' lang='grc' dir='ltr'><em>ἂν</em></span> 
     </span>
     <span class='ocr_line' id='line_1_21' title="bbox 161 2004 2335 2088; baseline 0.004 -28"><span class='ocrx_word' id='word_1_195' title='bbox 161 2015 211 2058; x_wconf 92' lang='grc'><em>20</em></span> <span class='ocrx_word' id='word_1_196' title='bbox 248 2004 682 2083; x_wconf 75' lang='grc' dir='ltr'><em>εὐεργετήσωσιν</em></span> <span class='ocrx_word' id='word_1_197' title='bbox 721 2018 944 2085; x_wconf 77' lang='grc' dir='ltr'><em>ἑτέρους</em></span> <span class='ocrx_word' id='word_1_198' title='bbox 980 2018 1182 2067; x_wconf 83' lang='grc' dir='ltr'><em>έκτίνει</em></span> <span class='ocrx_word' id='word_1_199' title='bbox 1218 2018 1319 2078; x_wconf 83' lang='grc' dir='ltr'><em>τὰς</em></span> <span class='ocrx_word' id='word_1_200' title='bbox 1351 2019 1604 2083; x_wconf 84' lang='grc' dir='ltr'><em>χάριτας,</em></span> <span class='ocrx_word' id='word_1_201' title='bbox 1641 2020 1735 2069; x_wconf 81' lang='grc' dir='ltr'><em>καὶ</em></span> <span class='ocrx_word' id='word_1_202' title='bbox 1769 2025 1994 2085; x_wconf 81' lang='grc' dir='ltr'><em>γονεῦσι</em></span> <span class='ocrx_word' id='word_1_203' title='bbox 2020 2019 2176 2088; x_wconf 83' lang='grc' dir='ltr'><em>παρὰ</em></span> <span class='ocrx_word' id='word_1_204' title='bbox 2204 2019 2335 2069; x_wconf 87' lang='grc' dir='ltr'><em>παί-</em></span> 
     </span>
     <span class='ocr_line' id='line_1_22' title="bbox 240 2093 2335 2173; baseline 0.003 -27"><span class='ocrx_word' id='word_1_205' title='bbox 240 2093 351 2147; x_wconf 93' lang='grc' dir='ltr'><em>δων</em></span> <span class='ocrx_word' id='word_1_206' title='bbox 390 2098 491 2159; x_wconf 81' lang='grc' dir='ltr'><em>τὰς</em></span> <span class='ocrx_word' id='word_1_207' title='bbox 534 2100 735 2164; x_wconf 85' lang='grc' dir='ltr'><em>ὁμοίας</em></span> <span class='ocrx_word' id='word_1_208' title='bbox 773 2096 1136 2167; x_wconf 82' lang='grc' dir='ltr'><em>κομιζόμενος</em></span> <span class='ocrx_word' id='word_1_209' title='bbox 1171 2103 1265 2152; x_wconf 84' lang='grc' dir='ltr'><em>καὶ</em></span> <span class='ocrx_word' id='word_1_210' title='bbox 1302 2106 1423 2163; x_wconf 89' lang='grc' dir='ltr'><em>τοῖς</em></span> <span class='ocrx_word' id='word_1_211' title='bbox 1460 2100 1580 2170; x_wconf 75' lang='grc' dir='ltr'><em>ἰδίᾳ</em></span> <span class='ocrx_word' id='word_1_212' title='bbox 1616 2108 1783 2154; x_wconf 86' lang='grc' dir='ltr'><em>τινῶν</em></span> <span class='ocrx_word' id='word_1_213' title='bbox 1822 2096 2138 2173; x_wconf 77' lang='grc' dir='ltr'><em>εὐεργέταις</em></span> <span class='ocrx_word' id='word_1_214' title='bbox 2178 2103 2335 2172; x_wconf 84' lang='grc' dir='ltr'><em>παρὰ</em></span> 
     </span>
     <span class='ocr_line' id='line_1_23' title="bbox 0 2165 2336 2258; baseline 0.004 -29"><span class='ocrx_word' id='word_1_215' title='bbox 0 2165 2 2179; x_wconf 61' lang='grc'>’</span> <span class='ocrx_word' id='word_1_216' title='bbox 69 2187 147 2229; x_wconf 80' lang='grc'><strong>(647</strong></span> <span class='ocrx_word' id='word_1_217' title='bbox 168 2187 220 2231; x_wconf 84' lang='lat' dir='ltr'><em>M)</em></span> <span class='ocrx_word' id='word_1_218' title='bbox 237 2187 347 2232; x_wconf 88' lang='grc' dir='ltr'><em>τῶν</em></span> <span class='ocrx_word' id='word_1_219' title='bbox 386 2183 450 2233; x_wconf 84' lang='grc' dir='ltr'><em>εὖ</em></span> <span class='ocrx_word' id='word_1_220' title='bbox 484 2185 795 2236; x_wconf 90' lang='grc' dir='ltr'><em>παθόντων</em></span> <span class='ocrx_word' id='word_1_221' title='bbox 832 2187 926 2237; x_wconf 82' lang='grc' dir='ltr'><em>καὶ</em></span> <span class='ocrx_word' id='word_1_222' title='bbox 961 2190 1083 2247; x_wconf 89' lang='grc' dir='ltr'><em>τοῖς</em></span> <span class='ocrx_word' id='word_1_223' title='bbox 1127 2194 1287 2257; x_wconf 86' lang='grc' dir='ltr'><em>κοινῇ</em></span> <span class='ocrx_word' id='word_1_224' title='bbox 1338 2185 1837 2257; x_wconf 89' lang='grc' dir='ltr'><em>φιλοτιμουμένοις</em></span> <span class='ocrx_word' id='word_1_225' title='bbox 1885 2189 2042 2256; x_wconf 85' lang='grc' dir='ltr'><em>παρὰ</em></span> <span class='ocrx_word' id='word_1_226' title='bbox 2092 2195 2191 2258; x_wconf 87' lang='grc' dir='ltr'><em>τῆς</em></span> <span class='ocrx_word' id='word_1_227' title='bbox 2231 2190 2336 2238; x_wconf 90' lang='grc' dir='ltr'><em>πό-</em></span> 
     </span>
     <span class='ocr_line' id='line_1_24' title="bbox 0 2194 2401 2343; baseline 0.003 -28"><span class='ocrx_word' id='word_1_228' title='bbox 0 2194 2 2337; x_wconf 47' lang='lat' dir='ltr'><em>V</em></span> <span class='ocrx_word' id='word_1_229' title='bbox 238 2263 391 2328; x_wconf 88' lang='grc' dir='ltr'><em>λεως.</em></span> <span class='ocrx_word' id='word_1_230' title='bbox 465 2266 736 2320; x_wconf 90' lang='grc' dir='ltr'><em>κάλλιστα</em></span> <span class='ocrx_word' id='word_1_231' title='bbox 777 2268 835 2321; x_wconf 82' lang='grc' dir='ltr'><em>δὲ</em></span> <span class='ocrx_word' id='word_1_232' title='bbox 874 2272 943 2321; x_wconf 84' lang='grc' dir='ltr'><em>τὰ</em></span> <span class='ocrx_word' id='word_1_233' title='bbox 983 2269 1138 2322; x_wconf 81' lang='grc' dir='ltr'><em>ἆθλα</em></span> <span class='ocrx_word' id='word_1_234' title='bbox 1176 2278 1287 2323; x_wconf 93' lang='grc' dir='ltr'><em>τῶν</em></span> <span class='ocrx_word' id='word_1_235' title='bbox 1325 2264 1653 2340; x_wconf 74' lang='grc' dir='ltr'><em>εὐεργεσιῶν</em></span> <span class='ocrx_word' id='word_1_236' title='bbox 1680 2273 1975 2342; x_wconf 82' lang='grc' dir='ltr'><em>πεποίηκε,</em></span> <span class='ocrx_word' id='word_1_237' title='bbox 2018 2275 2331 2343; x_wconf 88' lang='grc' dir='ltr'><em>στεφάνους</em></span> <span class='ocrx_word' id='word_1_238' title='bbox 2372 2282 2401 2332; x_wconf 87' lang='grc'>7</span> 
     </span>
     <span class='ocr_line' id='line_1_25' title="bbox 232 2349 2334 2427; baseline 0.002 -24"><span class='ocrx_word' id='word_1_239' title='bbox 232 2355 327 2404; x_wconf 84' lang='grc' dir='ltr'><em>καὶ</em></span> <span class='ocrx_word' id='word_1_240' title='bbox 361 2357 682 2426; x_wconf 87' lang='grc' dir='ltr'><em>κηρύγματα</em></span> <span class='ocrx_word' id='word_1_241' title='bbox 708 2358 802 2408; x_wconf 82' lang='grc' dir='ltr'><em>καὶ</em></span> <span class='ocrx_word' id='word_1_242' title='bbox 827 2354 1135 2427; x_wconf 89' lang='grc' dir='ltr'><em>προεδρίας</em></span> <span class='ocrx_word' id='word_1_243' title='bbox 1161 2355 1398 2426; x_wconf 81' lang='grc' dir='ltr'><em>ἐξευρών</em></span> <span class='ocrx_word' id='word_1_244' title='bbox 1415 2370 1425 2381; x_wconf 89' lang='grc'><em>·</em></span> <span class='ocrx_word' id='word_1_245' title='bbox 1467 2360 1502 2408; x_wconf 84' lang='grc' dir='ltr'><em>ἀ</em></span> <span class='ocrx_word' id='word_1_246' title='bbox 1528 2362 1649 2419; x_wconf 92' lang='grc' dir='ltr'><em>τοῖς</em></span> <span class='ocrx_word' id='word_1_247' title='bbox 1674 2359 1775 2424; x_wconf 86' lang='grc' dir='ltr'><em>μὲν</em></span> <span class='ocrx_word' id='word_1_248' title='bbox 1803 2361 2146 2426; x_wconf 89' lang='grc' dir='ltr'><em>παρέχουσιν</em></span> <span class='ocrx_word' id='word_1_249' title='bbox 2179 2349 2334 2408; x_wconf 76' lang='grc' dir='ltr'><em>οὐδε-</em></span> 
     </span>
     <span class='ocr_line' id='line_1_26' title="bbox 160 2439 2337 2512; baseline 0.001 -23"><span class='ocrx_word' id='word_1_250' title='bbox 160 2440 208 2482; x_wconf 83' lang='lat'><em>25</em></span> <span class='ocrx_word' id='word_1_251' title='bbox 242 2439 377 2503; x_wconf 92' lang='grc' dir='ltr'><em>μίαν</em></span> <span class='ocrx_word' id='word_1_252' title='bbox 418 2444 580 2510; x_wconf 90' lang='grc' dir='ltr'><em>φέρει</em></span> <span class='ocrx_word' id='word_1_253' title='bbox 618 2439 891 2512; x_wconf 84' lang='grc' dir='ltr'><em>δαπάνην,</em></span> <span class='ocrx_word' id='word_1_254' title='bbox 930 2447 1052 2504; x_wconf 89' lang='grc' dir='ltr'><em>τοῖς</em></span> <span class='ocrx_word' id='word_1_255' title='bbox 1091 2441 1149 2495; x_wconf 83' lang='grc' dir='ltr'><em>δὲ</em></span> <span class='ocrx_word' id='word_1_256' title='bbox 1177 2445 1509 2511; x_wconf 87' lang='grc' dir='ltr'><em>τυγχάνουσι</em></span> <span class='ocrx_word' id='word_1_257' title='bbox 1534 2449 1638 2494; x_wconf 90' lang='grc' dir='ltr'><em>τοῦ</em></span> <span class='ocrx_word' id='word_1_258' title='bbox 1660 2445 1874 2504; x_wconf 83' lang='grc' dir='ltr'><em>παντὸς</em></span> <span class='ocrx_word' id='word_1_259' title='bbox 1900 2441 2031 2506; x_wconf 82' lang='grc' dir='ltr'><em>ἀξια</em></span> <span class='ocrx_word' id='word_1_260' title='bbox 2057 2444 2337 2511; x_wconf 89' lang='grc' dir='ltr'><em>καθέστη-</em></span> 
     </span>
     <span class='ocr_line' id='line_1_27' title="bbox 235 2519 2337 2597; baseline 0.002 -22"><span class='ocrx_word' id='word_1_261' title='bbox 235 2542 342 2576; x_wconf 88' lang='grc' dir='ltr'><em>κεν.</em></span> <span class='ocrx_word' id='word_1_262' title='bbox 417 2528 525 2589; x_wconf 84' lang='grc' dir='ltr'><em>ὄ,τι</em></span> <span class='ocrx_word' id='word_1_263' title='bbox 574 2519 627 2576; x_wconf 78' lang='grc' dir='ltr'><em>δ’</em></span> <span class='ocrx_word' id='word_1_264' title='bbox 671 2528 738 2578; x_wconf 85' lang='grc' dir='ltr'><em>ἂν</em></span> <span class='ocrx_word' id='word_1_265' title='bbox 788 2525 958 2597; x_wconf 79' lang='grc' dir='ltr'><em>ἐθέλῃ</em></span> <span class='ocrx_word' id='word_1_266' title='bbox 1009 2534 1120 2580; x_wconf 92' lang='grc' dir='ltr'><em>τῶν</em></span> <span class='ocrx_word' id='word_1_267' title='bbox 1158 2526 1596 2593; x_wconf 81' lang='grc' dir='ltr'><em>εὐτελεστάτων,</em></span> <span class='ocrx_word' id='word_1_268' title='bbox 1648 2530 1821 2591; x_wconf 78' lang='grc' dir='ltr'><em>εὐθύς</em></span> <span class='ocrx_word' id='word_1_269' title='bbox 1858 2535 2023 2579; x_wconf 91' lang='grc' dir='ltr'><em>τοῦτο</em></span> <span class='ocrx_word' id='word_1_270' title='bbox 2061 2533 2204 2596; x_wconf 89' lang='grc' dir='ltr'><em>μέγα</em></span> <span class='ocrx_word' id='word_1_271' title='bbox 2242 2531 2337 2580; x_wconf 82' lang='grc' dir='ltr'><em>καὶ</em></span> 
     </span>
     <span class='ocr_line' id='line_1_28' title="bbox 238 2610 2335 2684; baseline 0.002 -24"><span class='ocrx_word' id='word_1_272' title='bbox 238 2610 426 2676; x_wconf 87' lang='grc' dir='ltr'><em>τίμιον</em></span> <span class='ocrx_word' id='word_1_273' title='bbox 465 2613 748 2682; x_wconf 81' lang='grc' dir='ltr'><em>ἐποίησεν.</em></span> <span class='ocrx_word' id='word_1_274' title='bbox 814 2611 978 2674; x_wconf 78' lang='grc' dir='ltr'><em>οὗτός</em></span> <span class='ocrx_word' id='word_1_275' title='bbox 1014 2615 1168 2665; x_wconf 81' lang='grc' dir='ltr'><em>ἐστιν</em></span> <span class='ocrx_word' id='word_1_276' title='bbox 1208 2616 1239 2665; x_wconf 94' lang='lat'><em>6</em></span> <span class='ocrx_word' id='word_1_277' title='bbox 1274 2616 1370 2665; x_wconf 85' lang='grc' dir='ltr'><em>τὸν</em></span> <span class='ocrx_word' id='word_1_278' title='bbox 1407 2617 1630 2666; x_wconf 90' lang='grc' dir='ltr'><em>κότινον</em></span> <span class='ocrx_word' id='word_1_279' title='bbox 1671 2616 1848 2676; x_wconf 81' lang='grc' dir='ltr'><em>οὕτως</em></span> <span class='ocrx_word' id='word_1_280' title='bbox 1884 2618 2024 2682; x_wconf 87' lang='grc' dir='ltr'><em>μέγα</em></span> <span class='ocrx_word' id='word_1_281' title='bbox 2052 2617 2145 2667; x_wconf 85' lang='grc' dir='ltr'><em>καὶ</em></span> <span class='ocrx_word' id='word_1_282' title='bbox 2184 2612 2335 2684; x_wconf 92' lang='grc' dir='ltr'><em>τηλι-</em></span> 
     </span>
     <span class='ocr_line' id='line_1_29' title="bbox 237 2694 2337 2769; baseline 0.002 -24"><span class='ocrx_word' id='word_1_283' title='bbox 237 2697 443 2766; x_wconf 90' lang='grc' dir='ltr'><em>καύτης</em></span> <span class='ocrx_word' id='word_1_284' title='bbox 480 2694 639 2760; x_wconf 76' lang='grc' dir='ltr'><em>ἄξιον</em></span> <span class='ocrx_word' id='word_1_285' title='bbox 681 2695 933 2769; x_wconf 86' lang='grc' dir='ltr'><em>σπουδῆς</em></span> <span class='ocrx_word' id='word_1_286' title='bbox 971 2697 1282 2763; x_wconf 83' lang='grc' dir='ltr'><em>ἀποδείξας</em></span> <span class='ocrx_word' id='word_1_287' title='bbox 1307 2701 1495 2751; x_wconf 82' lang='grc' dir='ltr'><em>καὶτὰ</em></span> <span class='ocrx_word' id='word_1_288' title='bbox 1539 2698 1728 2750; x_wconf 89' lang='grc' dir='ltr'><em>σέλινα</em></span> <span class='ocrx_word' id='word_1_289' title='bbox 1766 2701 1860 2751; x_wconf 79' lang='grc' dir='ltr'><em>καὶ</em></span> <span class='ocrx_word' id='word_1_290' title='bbox 1897 2701 1995 2767; x_wconf 83' lang='grc' dir='ltr'><em>τὴν</em></span> <span class='ocrx_word' id='word_1_291' title='bbox 2035 2701 2204 2750; x_wconf 90' lang='grc' dir='ltr'><em>πίτυν</em></span> <span class='ocrx_word' id='word_1_292' title='bbox 2242 2701 2337 2750; x_wconf 83' lang='grc' dir='ltr'><em>καὶ</em></span> 
     </span>
     <span class='ocr_line' id='line_1_30' title="bbox 237 2780 2336 2854; baseline 0.002 -24"><span class='ocrx_word' id='word_1_293' title='bbox 237 2782 334 2831; x_wconf 87' lang='grc' dir='ltr'><em>τὸν</em></span> <span class='ocrx_word' id='word_1_294' title='bbox 372 2788 475 2832; x_wconf 92' lang='grc' dir='ltr'><em>τοῦ</em></span> <span class='ocrx_word' id='word_1_295' title='bbox 509 2780 732 2833; x_wconf 89' lang='grc' dir='ltr'><em>θαλλοῦ</em></span> <span class='ocrx_word' id='word_1_296' title='bbox 769 2787 1078 2854; x_wconf 87' lang='grc' dir='ltr'><em>στέφανον·</em></span> <span class='ocrx_word' id='word_1_297' title='bbox 1131 2783 1296 2846; x_wconf 76' lang='grc' dir='ltr'><em>οὗτος</em></span> <span class='ocrx_word' id='word_1_298' title='bbox 1333 2787 1364 2836; x_wconf 93' lang='lat'><em>6</em></span> <span class='ocrx_word' id='word_1_299' title='bbox 1400 2786 1469 2835; x_wconf 83' lang='grc' dir='ltr'><em>τὰ</em></span> <span class='ocrx_word' id='word_1_300' title='bbox 1507 2786 1636 2852; x_wconf 87' lang='grc' dir='ltr'><em>τρία</em></span> <span class='ocrx_word' id='word_1_301' title='bbox 1675 2787 1924 2854; x_wconf 80' lang='grc' dir='ltr'><em>ῥήματα,</em></span> <span class='ocrx_word' id='word_1_302' title='bbox 1976 2783 2063 2844; x_wconf 85' lang='grc' dir='ltr'><em>οἷς</em></span> <span class='ocrx_word' id='word_1_303' title='bbox 2101 2786 2336 2844; x_wconf 78' lang='grc' dir='ltr'><em>ἕκαστος</em></span> 
     </span>
    </p>
   </div>
   <div class='ocr_carea' id='block_1_3' title="bbox 237 2991 2339 3797">
    <p class='ocr_par' dir='ltr' id='par_1_3' title="bbox 237 2991 2339 3797">
     <span class='ocr_line' id='line_1_31' title="bbox 380 2991 2215 3081; baseline -0.001 -17"><span class='ocrx_word' id='word_1_304' title='bbox 380 3024 404 3064; x_wconf 88' lang='grc'><strong>3</strong></span> <span class='ocrx_word' id='word_1_305' title='bbox 435 3023 698 3080; x_wconf 78' lang='grc' dir='ltr'><em>ξυμφοραῖς</em></span> <span class='ocrx_word' id='word_1_306' title='bbox 728 3021 765 3064; x_wconf 92' lang='grc' dir='ltr'>Β</span> <span class='ocrx_word' id='word_1_307' title='bbox 880 2991 1118 3081; x_wconf 61' lang='grc' dir='ltr'><em>ἐχρήσῖιτο</em></span> <span class='ocrx_word' id='word_1_308' title='bbox 1151 3021 1271 3076; x_wconf 77' lang='lat' dir='ltr'>(sicl)</span> <span class='ocrx_word' id='word_1_309' title='bbox 1303 3020 1344 3063; x_wconf 93' lang='lat' dir='ltr'>H</span> <span class='ocrx_word' id='word_1_310' title='bbox 1488 3023 1599 3079; x_wconf 83' lang='grc' dir='ltr'><em>περὶ</em></span> <span class='ocrx_word' id='word_1_311' title='bbox 1629 3023 1716 3066; x_wconf 85' lang='grc' dir='ltr'><em>τοῦ</em></span> <span class='ocrx_word' id='word_1_312' title='bbox 1746 3019 1779 3062; x_wconf 88' lang='grc' dir='ltr'>Ρ</span> <span class='ocrx_word' id='word_1_313' title='bbox 1909 3024 1933 3064; x_wconf 89' lang='grc'>5</span> <span class='ocrx_word' id='word_1_314' title='bbox 1965 3016 2135 3078; x_wconf 79' lang='grc' dir='ltr'><em>φράξει</em></span> <span class='ocrx_word' id='word_1_315' title='bbox 2167 3019 2215 3062; x_wconf 90' lang='grc' dir='ltr'><strong>Μ</strong></span> 
     </span>
     <span class='ocr_line' id='line_1_32' title="bbox 237 3083 2263 3149; baseline 0 -17"><span class='ocrx_word' id='word_1_316' title='bbox 237 3092 262 3132; x_wconf 91' lang='grc'>8</span> <span class='ocrx_word' id='word_1_317' title='bbox 297 3083 448 3145; x_wconf 64' lang='grc' dir='ltr'><em>οὕτως</em></span> <span class='ocrx_word' id='word_1_318' title='bbox 476 3090 628 3149; x_wconf 87' lang='grc' dir='ltr'><em>νόμος</em></span> <span class='ocrx_word' id='word_1_319' title='bbox 646 3092 697 3135; x_wconf 87' lang='grc' dir='ltr'><strong>Μ</strong></span> <span class='ocrx_word' id='word_1_320' title='bbox 784 3095 809 3135; x_wconf 91' lang='grc'>9</span> <span class='ocrx_word' id='word_1_321' title='bbox 841 3086 989 3139; x_wconf 78' lang='grc' dir='ltr'><em>αὐτοῦ</em></span> <span class='ocrx_word' id='word_1_322' title='bbox 1015 3092 1120 3135; x_wconf 86' lang='lat' dir='ltr'>libri</span> <span class='ocrx_word' id='word_1_323' title='bbox 1148 3095 1326 3149; x_wconf 77' lang='lat' dir='ltr'>praeter</span> <span class='ocrx_word' id='word_1_324' title='bbox 1345 3091 1388 3137; x_wconf 89' lang='lat' dir='ltr'>U</span> <span class='ocrx_word' id='word_1_325' title='bbox 1481 3096 1525 3135; x_wconf 88' lang='lat'><em>11</em></span> <span class='ocrx_word' id='word_1_326' title='bbox 1560 3086 1802 3138; x_wconf 80' lang='grc' dir='ltr'><em>εὖσεύειαν</em></span> <span class='ocrx_word' id='word_1_327' title='bbox 1833 3090 1868 3134; x_wconf 89' lang='grc' dir='ltr'>Ρ</span> <span class='ocrx_word' id='word_1_328' title='bbox 1961 3093 2010 3134; x_wconf 86' lang='grc'><em>12</em></span> <span class='ocrx_word' id='word_1_329' title='bbox 2034 3085 2185 3145; x_wconf 83' lang='grc' dir='ltr'><em>οὐδεὶς</em></span> <span class='ocrx_word' id='word_1_330' title='bbox 2215 3091 2263 3133; x_wconf 91' lang='grc' dir='ltr'><strong>Μ</strong></span> 
     </span>
     <span class='ocr_line' id='line_1_33' title="bbox 242 3157 2332 3223; baseline 0.002 -19"><span class='ocrx_word' id='word_1_331' title='bbox 242 3165 293 3204; x_wconf 89' lang='grc'><em>15</em></span> <span class='ocrx_word' id='word_1_332' title='bbox 322 3162 663 3221; x_wconf 82' lang='grc' dir='ltr'><em>χρησιμέτερος</em></span> <span class='ocrx_word' id='word_1_333' title='bbox 693 3163 728 3206; x_wconf 90' lang='lat' dir='ltr'>P</span> <span class='ocrx_word' id='word_1_334' title='bbox 847 3166 898 3207; x_wconf 87' lang='lat'><em>16</em></span> <span class='ocrx_word' id='word_1_335' title='bbox 930 3159 1110 3223; x_wconf 81' lang='grc' dir='ltr'><em>ῥώμοις</em></span> <span class='ocrx_word' id='word_1_336' title='bbox 1140 3161 1320 3218; x_wconf 81' lang='lat' dir='ltr'>(empti.)</span> <span class='ocrx_word' id='word_1_337' title='bbox 1351 3161 1386 3205; x_wconf 93' lang='lat' dir='ltr'>P</span> <span class='ocrx_word' id='word_1_338' title='bbox 1506 3165 1557 3205; x_wconf 81' lang='lat'><em>17</em></span> <span class='ocrx_word' id='word_1_339' title='bbox 1590 3157 1966 3222; x_wconf 80' lang='grc' dir='ltr'><em>εὖνουστότερος</em></span> <span class='ocrx_word' id='word_1_340' title='bbox 1996 3162 2034 3205; x_wconf 92' lang='grc' dir='ltr'>Β</span> <span class='ocrx_word' id='word_1_341' title='bbox 2184 3166 2232 3207; x_wconf 87' lang='grc'><em>18</em></span> <span class='ocrx_word' id='word_1_342' title='bbox 2264 3158 2332 3209; x_wconf 75' lang='grc' dir='ltr'><em>ἔτι</em></span> 
     </span>
     <span class='ocr_line' id='line_1_34' title="bbox 238 3226 2332 3290; baseline 0.001 -14"><span class='ocrx_word' id='word_1_343' title='bbox 238 3231 287 3277; x_wconf 80' lang='grc' dir='ltr'><em>δὲ</em></span> <span class='ocrx_word' id='word_1_344' title='bbox 317 3232 496 3289; x_wconf 81' lang='lat' dir='ltr'>scripsi,</span> <span class='ocrx_word' id='word_1_345' title='bbox 527 3232 571 3279; x_wconf 87' lang='grc' dir='ltr'><em>εἰ</em></span> <span class='ocrx_word' id='word_1_346' title='bbox 597 3233 646 3279; x_wconf 82' lang='grc' dir='ltr'><em>δὲ</em></span> <span class='ocrx_word' id='word_1_347' title='bbox 674 3233 777 3278; x_wconf 88' lang='lat' dir='ltr'>libri</span> <span class='ocrx_word' id='word_1_348' title='bbox 806 3233 885 3278; x_wconf 86' lang='lat' dir='ltr'><em>sed</em></span> <span class='ocrx_word' id='word_1_349' title='bbox 915 3235 959 3279; x_wconf 85' lang='grc' dir='ltr'><em>εἰ</em></span> <span class='ocrx_word' id='word_1_350' title='bbox 986 3233 1035 3280; x_wconf 84' lang='grc' dir='ltr'><em>δὲ</em></span> <span class='ocrx_word' id='word_1_351' title='bbox 1064 3233 1148 3278; x_wconf 83' lang='lat' dir='ltr'>del.</span> <span class='ocrx_word' id='word_1_352' title='bbox 1181 3245 1209 3277; x_wconf 84' lang='lat' dir='ltr'><strong>a</strong></span> <span class='ocrx_word' id='word_1_353' title='bbox 1239 3245 1354 3278; x_wconf 87' lang='lat' dir='ltr'><strong>corr.</strong></span> <span class='ocrx_word' id='word_1_354' title='bbox 1378 3232 1412 3275; x_wconf 83' lang='lat' dir='ltr'>P</span> <span class='ocrx_word' id='word_1_355' title='bbox 1504 3236 1555 3277; x_wconf 82' lang='lat'><em>19</em></span> <span class='ocrx_word' id='word_1_356' title='bbox 1586 3226 1639 3280; x_wconf 79' lang='grc' dir='ltr'><em>εὖ</em></span> <span class='ocrx_word' id='word_1_357' title='bbox 1669 3231 1929 3287; x_wconf 77' lang='grc' dir='ltr'><em>πεπονθώς</em></span> <span class='ocrx_word' id='word_1_358' title='bbox 1961 3227 1987 3279; x_wconf 83' lang='grc' dir='ltr'><em>ὃ</em></span> <span class='ocrx_word' id='word_1_359' title='bbox 2020 3232 2172 3290; x_wconf 86' lang='grc' dir='ltr'><em>νόμος</em></span> <span class='ocrx_word' id='word_1_360' title='bbox 2201 3231 2332 3279; x_wconf 77' lang='grc' dir='ltr'><em>ἐστίν</em></span> 
     </span>
     <span class='ocr_line' id='line_1_35' title="bbox 239 3296 2247 3362; baseline -0.002 -11"><span class='ocrx_word' id='word_1_361' title='bbox 239 3301 320 3346; x_wconf 90' lang='grc' dir='ltr'><em>ΡΗ</em></span> <span class='ocrx_word' id='word_1_362' title='bbox 341 3301 599 3358; x_wconf 76' lang='grc' dir='ltr'><em>πεπονθὼς</em></span> <span class='ocrx_word' id='word_1_363' title='bbox 619 3302 769 3361; x_wconf 88' lang='grc' dir='ltr'><em>νόμος</em></span> <span class='ocrx_word' id='word_1_364' title='bbox 789 3307 890 3359; x_wconf 90' lang='lat' dir='ltr'><strong>(om.</strong></span> <span class='ocrx_word' id='word_1_365' title='bbox 914 3306 1019 3358; x_wconf 81' lang='lat' dir='ltr'><strong>eet.)</strong></span> <span class='ocrx_word' id='word_1_366' title='bbox 1041 3303 1088 3346; x_wconf 90' lang='lat' dir='ltr'><strong>M</strong></span> <span class='ocrx_word' id='word_1_367' title='bbox 1110 3296 1162 3351; x_wconf 77' lang='grc' dir='ltr'><em>εὖ</em></span> <span class='ocrx_word' id='word_1_368' title='bbox 1181 3304 1427 3351; x_wconf 79' lang='grc' dir='ltr'><em>πέπονθεν</em></span> <span class='ocrx_word' id='word_1_369' title='bbox 1450 3300 1475 3351; x_wconf 85' lang='grc' dir='ltr'><em>ὃ</em></span> <span class='ocrx_word' id='word_1_370' title='bbox 1499 3302 1651 3362; x_wconf 86' lang='grc' dir='ltr'><em>νόμος</em></span> <span class='ocrx_word' id='word_1_371' title='bbox 1673 3303 1710 3348; x_wconf 92' lang='lat' dir='ltr'>U</span> <span class='ocrx_word' id='word_1_372' title='bbox 1734 3304 1796 3360; x_wconf 90' lang='lat' dir='ltr'><em>(in</em></span> <span class='ocrx_word' id='word_1_373' title='bbox 1817 3317 1924 3361; x_wconf 86' lang='lat' dir='ltr'><strong>mrg.</strong></span> <span class='ocrx_word' id='word_1_374' title='bbox 1940 3304 2073 3349; x_wconf 84' lang='lat' dir='ltr'>lectio</span> <span class='ocrx_word' id='word_1_375' title='bbox 2098 3303 2192 3359; x_wconf 88' lang='grc' dir='ltr'><em>ΡΗ)</em></span> <span class='ocrx_word' id='word_1_376' title='bbox 2209 3305 2247 3348; x_wconf 91' lang='grc' dir='ltr'>Β</span> 
     </span>
     <span class='ocr_line' id='line_1_36' title="bbox 240 3367 2339 3437; baseline 0 -16"><span class='ocrx_word' id='word_1_377' title='bbox 240 3378 388 3422; x_wconf 81' lang='grc' dir='ltr'><em>πᾶσιν</em></span> <span class='ocrx_word' id='word_1_378' title='bbox 417 3375 503 3419; x_wconf 91' lang='grc' dir='ltr'><em>ΜΡ</em></span> <span class='ocrx_word' id='word_1_379' title='bbox 533 3378 679 3422; x_wconf 79' lang='grc' dir='ltr'><em>πᾶσιν</em></span> <span class='ocrx_word' id='word_1_380' title='bbox 711 3367 842 3433; x_wconf 73' lang='grc' dir='ltr'><em>ὅμως</em></span> <span class='ocrx_word' id='word_1_381' title='bbox 870 3374 951 3419; x_wconf 93' lang='lat' dir='ltr'><em>UB</em></span> <span class='ocrx_word' id='word_1_382' title='bbox 983 3370 1102 3423; x_wconf 80' lang='grc' dir='ltr'><em>ἀλλὰ</em></span> <span class='ocrx_word' id='word_1_383' title='bbox 1134 3380 1279 3423; x_wconf 80' lang='grc' dir='ltr'><em>πᾶσιν</em></span> <span class='ocrx_word' id='word_1_384' title='bbox 1308 3375 1351 3419; x_wconf 90' lang='grc' dir='ltr'>Η</span> <span class='ocrx_word' id='word_1_385' title='bbox 1452 3368 1521 3421; x_wconf 77' lang='grc' dir='ltr'><em>ὧν</em></span> <span class='ocrx_word' id='word_1_386' title='bbox 1550 3371 1611 3423; x_wconf 72' lang='grc' dir='ltr'><em>ἂν</em></span> <span class='ocrx_word' id='word_1_387' title='bbox 1642 3371 2016 3437; x_wconf 79' lang='grc' dir='ltr'><em>εὐεργετήσωσιν</em></span> <span class='ocrx_word' id='word_1_388' title='bbox 2044 3373 2175 3419; x_wconf 88' lang='grc' dir='ltr'><em>ΡΗΜ</em></span> <span class='ocrx_word' id='word_1_389' title='bbox 2206 3369 2339 3434; x_wconf 77' lang='grc' dir='ltr'><em>εὐερ-</em></span> 
     </span>
     <span class='ocr_line' id='line_1_37' title="bbox 237 3443 2333 3508; baseline -0 -15"><span class='ocrx_word' id='word_1_390' title='bbox 237 3447 373 3506; x_wconf 86' lang='grc' dir='ltr'><em>γέτης</em></span> <span class='ocrx_word' id='word_1_391' title='bbox 403 3443 472 3493; x_wconf 69' lang='grc' dir='ltr'><em>(ὅν</em></span> <span class='ocrx_word' id='word_1_392' title='bbox 500 3448 582 3492; x_wconf 92' lang='lat' dir='ltr'><em>UB</em></span> <span class='ocrx_word' id='word_1_393' title='bbox 612 3446 797 3507; x_wconf 80' lang='grc' dir='ltr'><em>(έβεργ-</em></span> <span class='ocrx_word' id='word_1_394' title='bbox 827 3447 877 3502; x_wconf 90' lang='grc' dir='ltr'><em>Ρ)</em></span> <span class='ocrx_word' id='word_1_395' title='bbox 1022 3451 1076 3491; x_wconf 85' lang='grc'><em>20</em></span> <span class='ocrx_word' id='word_1_396' title='bbox 1107 3445 1289 3508; x_wconf 74' lang='grc' dir='ltr'><em>ἑτέροις</em></span> <span class='ocrx_word' id='word_1_397' title='bbox 1317 3448 1399 3494; x_wconf 91' lang='lat' dir='ltr'><em>UB</em></span> <span class='ocrx_word' id='word_1_398' title='bbox 1514 3445 1717 3494; x_wconf 80' lang='grc' dir='ltr'><em>ἐκτίνειν</em></span> <span class='ocrx_word' id='word_1_399' title='bbox 1748 3447 1798 3492; x_wconf 91' lang='grc' dir='ltr'><strong>Μ</strong></span> <span class='ocrx_word' id='word_1_400' title='bbox 1915 3450 1965 3490; x_wconf 87' lang='grc'><em>21</em></span> <span class='ocrx_word' id='word_1_401' title='bbox 1997 3446 2333 3504; x_wconf 79' lang='grc' dir='ltr'><em>κομιζομένων</em></span> 
     </span>
     <span class='ocr_line' id='line_1_38' title="bbox 239 3514 2339 3588; baseline -0.001 -23"><span class='ocrx_word' id='word_1_402' title='bbox 239 3519 282 3565; x_wconf 90' lang='lat' dir='ltr'>U</span> <span class='ocrx_word' id='word_1_403' title='bbox 312 3533 370 3565; x_wconf 88' lang='lat' dir='ltr'><em>m.</em></span> <span class='ocrx_word' id='word_1_404' title='bbox 400 3533 470 3576; x_wconf 88' lang='lat' dir='ltr'><em>pr.</em></span> <span class='ocrx_word' id='word_1_405' title='bbox 502 3520 539 3563; x_wconf 94' lang='lat' dir='ltr'>B</span> <span class='ocrx_word' id='word_1_406' title='bbox 572 3517 886 3577; x_wconf 86' lang='grc' dir='ltr'><em>νομιζόμενος</em></span> <span class='ocrx_word' id='word_1_407' title='bbox 914 3519 950 3562; x_wconf 90' lang='grc' dir='ltr'>Ρ</span> <span class='ocrx_word' id='word_1_408' title='bbox 1094 3522 1192 3566; x_wconf 79' lang='grc' dir='ltr'><em>τῶν</em></span> <span class='ocrx_word' id='word_1_409' title='bbox 1222 3519 1315 3583; x_wconf 77' lang='grc' dir='ltr'><em>ἰδίᾳ</em></span> <span class='ocrx_word' id='word_1_410' title='bbox 1344 3518 1385 3565; x_wconf 91' lang='lat' dir='ltr'>U</span> <span class='ocrx_word' id='word_1_411' title='bbox 1415 3532 1471 3563; x_wconf 91' lang='lat' dir='ltr'><em>m.</em></span> <span class='ocrx_word' id='word_1_412' title='bbox 1502 3532 1570 3575; x_wconf 87' lang='lat' dir='ltr'><em>pr.</em></span> <span class='ocrx_word' id='word_1_413' title='bbox 1603 3519 1641 3562; x_wconf 93' lang='lat' dir='ltr'><strong>B</strong></span> <span class='ocrx_word' id='word_1_414' title='bbox 1795 3520 1848 3562; x_wconf 89' lang='lat'><em>23</em></span> <span class='ocrx_word' id='word_1_415' title='bbox 1878 3514 2132 3588; x_wconf 57' lang='lat' dir='ltr'><em>{eductam</em></span> <span class='ocrx_word' id='word_1_416' title='bbox 2162 3517 2197 3561; x_wconf 94' lang='lat' dir='ltr'><strong>P</strong></span> <span class='ocrx_word' id='word_1_417' title='bbox 2227 3520 2339 3563; x_wconf 82' lang='grc' dir='ltr'><em>καλ-</em></span> 
     </span>
     <span class='ocr_line' id='line_1_39' title="bbox 239 3585 2221 3648; baseline -0.001 -13"><span class='ocrx_word' id='word_1_418' title='bbox 239 3591 403 3645; x_wconf 84' lang='grc' dir='ltr'><em>λίστας</em></span> <span class='ocrx_word' id='word_1_419' title='bbox 433 3591 481 3633; x_wconf 91' lang='grc' dir='ltr'><strong>Μ</strong></span> <span class='ocrx_word' id='word_1_420' title='bbox 508 3588 713 3648; x_wconf 84' lang='grc' dir='ltr'><em>μάλιστα</em></span> <span class='ocrx_word' id='word_1_421' title='bbox 744 3592 781 3635; x_wconf 94' lang='grc' dir='ltr'>Β</span> <span class='ocrx_word' id='word_1_422' title='bbox 926 3595 973 3638; x_wconf 80' lang='grc' dir='ltr'><em>δὲ</em></span> <span class='ocrx_word' id='word_1_423' title='bbox 1002 3595 1081 3639; x_wconf 83' lang='grc' dir='ltr'><em>καὶ</em></span> <span class='ocrx_word' id='word_1_424' title='bbox 1111 3590 1190 3636; x_wconf 84' lang='grc' dir='ltr'><em>ΠΒ</em></span> <span class='ocrx_word' id='word_1_425' title='bbox 1336 3589 1422 3644; x_wconf 85' lang='grc' dir='ltr'><em>τὰς</em></span> <span class='ocrx_word' id='word_1_426' title='bbox 1453 3586 1600 3644; x_wconf 73' lang='grc' dir='ltr'><em>ἄλλας</em></span> <span class='ocrx_word' id='word_1_427' title='bbox 1627 3588 1742 3643; x_wconf 87' lang='lat' dir='ltr'>libri,</span> <span class='ocrx_word' id='word_1_428' title='bbox 1775 3585 1834 3635; x_wconf 82' lang='grc' dir='ltr'><em>τὰ</em></span> <span class='ocrx_word' id='word_1_429' title='bbox 1865 3589 1994 3635; x_wconf 59' lang='lat' dir='ltr'><em>daza</em></span> <span class='ocrx_word' id='word_1_430' title='bbox 2027 3587 2221 3633; x_wconf 83' lang='lat' dir='ltr'>Gasaub.</span> 
     </span>
     <span class='ocr_line' id='line_1_40' title="bbox 241 3656 2252 3722; baseline -0.001 -14"><span class='ocrx_word' id='word_1_431' title='bbox 241 3662 295 3703; x_wconf 84' lang='lat'><em>26</em></span> <span class='ocrx_word' id='word_1_432' title='bbox 327 3656 681 3720; x_wconf 79' lang='grc' dir='ltr'><em>εὐτυχεστάτων</em></span> <span class='ocrx_word' id='word_1_433' title='bbox 710 3662 758 3705; x_wconf 92' lang='grc' dir='ltr'><strong>Μ</strong></span> <span class='ocrx_word' id='word_1_434' title='bbox 789 3658 1123 3722; x_wconf 78' lang='grc' dir='ltr'><em>ἀτυχεστάτων</em></span> <span class='ocrx_word' id='word_1_435' title='bbox 1143 3662 1184 3708; x_wconf 90' lang='lat' dir='ltr'>U</span> <span class='ocrx_word' id='word_1_436' title='bbox 1204 3675 1262 3707; x_wconf 90' lang='lat' dir='ltr'><em>m.</em></span> <span class='ocrx_word' id='word_1_437' title='bbox 1283 3673 1352 3718; x_wconf 87' lang='lat' dir='ltr'><em>pr.</em></span> <span class='ocrx_word' id='word_1_438' title='bbox 1374 3662 1412 3705; x_wconf 90' lang='grc' dir='ltr'><em>Β</em></span> <span class='ocrx_word' id='word_1_439' title='bbox 1499 3665 1550 3705; x_wconf 80' lang='grc'><em>27</em></span> <span class='ocrx_word' id='word_1_440' title='bbox 1585 3657 1673 3709; x_wconf 87' lang='grc' dir='ltr'><em>τὸν</em></span> <span class='ocrx_word' id='word_1_441' title='bbox 1701 3661 1751 3718; x_wconf 93' lang='grc' dir='ltr'><em>(ο</em></span> <span class='ocrx_word' id='word_1_442' title='bbox 1782 3662 1828 3705; x_wconf 82' lang='lat' dir='ltr'><em>et</em></span> <span class='ocrx_word' id='word_1_443' title='bbox 1857 3671 1951 3704; x_wconf 78' lang='lat' dir='ltr'>acc.</span> <span class='ocrx_word' id='word_1_444' title='bbox 1984 3671 2012 3703; x_wconf 84' lang='lat' dir='ltr'>a</span> <span class='ocrx_word' id='word_1_445' title='bbox 2042 3661 2180 3713; x_wconf 83' lang='lat' dir='ltr'><strong>corr.)</strong></span> <span class='ocrx_word' id='word_1_446' title='bbox 2210 3659 2252 3705; x_wconf 94' lang='lat' dir='ltr'>U</span> 
     </span>
     <span class='ocr_line' id='line_1_41' title="bbox 244 3731 676 3797; baseline 0.007 -22"><span class='ocrx_word' id='word_1_447' title='bbox 244 3734 297 3775; x_wconf 85' lang='lat'><em>29</em></span> <span class='ocrx_word' id='word_1_448' title='bbox 328 3737 394 3797; x_wconf 75' lang='grc' dir='ltr'><em>εἷς</em></span> <span class='ocrx_word' id='word_1_449' title='bbox 423 3747 505 3790; x_wconf 87' lang='lat' dir='ltr'><em>pro</em></span> <span class='ocrx_word' id='word_1_450' title='bbox 540 3731 611 3791; x_wconf 83' lang='grc' dir='ltr'><em>οἷς</em></span> <span class='ocrx_word' id='word_1_451' title='bbox 640 3735 676 3778; x_wconf 93' lang='grc' dir='ltr'>Ρ</span> 
     </span>
    </p>
   </div>
  </div>
 </body>
</html>
