<?xml version="1.0" encoding="UTF-8"?>
<!DOCTYPE html PUBLIC "-//W3C//DTD XHTML 1.0 Transitional//EN"
    "http://www.w3.org/TR/xhtml1/DTD/xhtml1-transitional.dtd">
<html xmlns="http://www.w3.org/1999/xhtml" xml:lang="en" lang="en">
 <head>
  <title>
</title>
<meta http-equiv="Content-Type" content="text/html;charset=utf-8" />
  <meta name='ocr-system' content='tesseract 3.04.00' />
  <meta name='ocr-capabilities' content='ocr_page ocr_carea ocr_par ocr_line ocrx_word'/>
</head>
<body>
  <div class='ocr_page' id='page_1' title='image "./dionisprusaensis02diocuoft_0123.png"; bbox 0 0 2684 4140; ppageno 0'>
   <div class='ocr_carea' id='block_1_1' title="bbox 1038 277 2265 335">
    <p class='ocr_par' dir='ltr' id='par_1_1' title="bbox 1038 277 2265 335">
     <span class='ocr_line' id='line_1_1' title="bbox 1038 277 2265 335; baseline 0 -4"><span class='ocrx_word' id='word_1_1' title='bbox 1038 284 1267 335; x_wconf 79' lang='lat' dir='ltr'><strong>ORATIO</strong></span> <span class='ocrx_word' id='word_1_2' title='bbox 1294 284 1392 331; x_wconf 86' lang='lat' dir='ltr'><strong>LII.</strong></span> <span class='ocrx_word' id='word_1_3' title='bbox 2158 277 2265 331; x_wconf 15' lang='lat'><strong><em>105⁷</em></strong></span> 
     </span>
    </p>
   </div>
   <div class='ocr_carea' id='block_1_2' title="bbox 0 421 2329 2793">
    <p class='ocr_par' dir='ltr' id='par_1_2' title="bbox 179 421 2259 504">
     <span class='ocr_line' id='line_1_2' title="bbox 179 421 2259 504; baseline -0.005 -19"><span class='ocrx_word' id='word_1_4' title='bbox 179 432 244 504; x_wconf 84' lang='grc' dir='ltr'><strong><em>ἧν</em></strong></span> <span class='ocrx_word' id='word_1_5' title='bbox 282 435 384 502; x_wconf 85' lang='grc' dir='ltr'><strong><em>γὰρ</em></strong></span> <span class='ocrx_word' id='word_1_6' title='bbox 422 437 454 501; x_wconf 88' lang='grc' dir='ltr'><strong><em>ή</em></strong></span> <span class='ocrx_word' id='word_1_7' title='bbox 493 439 602 485; x_wconf 83' lang='grc' dir='ltr'><strong><em>τῶν</em></strong></span> <span class='ocrx_word' id='word_1_8' title='bbox 644 429 988 501; x_wconf 77' lang='grc' dir='ltr'><strong><em>Φιλοκτήτου</em></strong></span> <span class='ocrx_word' id='word_1_9' title='bbox 1027 428 1205 494; x_wconf 85' lang='grc' dir='ltr'><strong><em>τόξων</em></strong></span> <span class='ocrx_word' id='word_1_10' title='bbox 1244 429 1356 483; x_wconf 82' lang='grc' dir='ltr'><strong><em>εἴτε</em></strong></span> <span class='ocrx_word' id='word_1_11' title='bbox 1380 427 1559 499; x_wconf 84' lang='grc' dir='ltr'><strong><em>κλοπὴ</em></strong></span> <span class='ocrx_word' id='word_1_12' title='bbox 1601 426 1713 479; x_wconf 79' lang='grc' dir='ltr'><strong><em>εἴτε</em></strong></span> <span class='ocrx_word' id='word_1_13' title='bbox 1752 428 2009 497; x_wconf 80' lang='grc' dir='ltr'><strong><em>ἁρπαγὴν</em></strong></span> <span class='ocrx_word' id='word_1_14' title='bbox 2050 423 2144 478; x_wconf 89' lang='grc' dir='ltr'><strong><em>δεῖ</em></strong></span> <span class='ocrx_word' id='word_1_15' title='bbox 2174 421 2259 475; x_wconf 90' lang='grc' dir='ltr'><strong><em>λέ-</em></strong></span> 
     </span>
    </p>

    <p class='ocr_par' dir='ltr' id='par_1_3' title="bbox 0 509 2266 588">
     <span class='ocr_line' id='line_1_3' title="bbox 0 509 2266 588; baseline -0.004 -15"><span class='ocrx_word' id='word_1_16' title='bbox 0 529 157 572; x_wconf 81' lang='lat' dir='ltr'><strong>67R11)</strong></span> <span class='ocrx_word' id='word_1_17' title='bbox 178 531 321 586; x_wconf 82' lang='grc' dir='ltr'><strong><em>γειν·</em></strong></span> <span class='ocrx_word' id='word_1_18' title='bbox 369 515 514 588; x_wconf 83' lang='grc' dir='ltr'><strong><em>πλὴν</em></strong></span> <span class='ocrx_word' id='word_1_19' title='bbox 553 518 970 588; x_wconf 86' lang='grc' dir='ltr'><strong><em>ἀφαιρούμενός</em></strong></span> <span class='ocrx_word' id='word_1_20' title='bbox 1016 532 1076 583; x_wconf 88' lang='grc' dir='ltr'><strong><em>γε</em></strong></span> <span class='ocrx_word' id='word_1_21' title='bbox 1123 521 1233 569; x_wconf 86' lang='grc' dir='ltr'><strong><em>τῶν</em></strong></span> <span class='ocrx_word' id='word_1_22' title='bbox 1284 512 1474 566; x_wconf 84' lang='grc' dir='ltr'><strong><em>ὅπλων</em></strong></span> <span class='ocrx_word' id='word_1_23' title='bbox 1509 511 1575 584; x_wconf 78' lang='grc' dir='ltr'><strong><em>ἦν</em></strong></span> <span class='ocrx_word' id='word_1_24' title='bbox 1616 509 1964 582; x_wconf 78' lang='grc' dir='ltr'><strong><em>Φιλοκτήτης</em></strong></span> <span class='ocrx_word' id='word_1_25' title='bbox 2010 512 2124 562; x_wconf 80' lang='grc' dir='ltr'><strong><em>ὑπὸ</em></strong></span> <span class='ocrx_word' id='word_1_26' title='bbox 2162 515 2266 564; x_wconf 75' lang='grc' dir='ltr'><strong><em>τοῦ</em></strong></span> 
     </span>
    </p>

    <p class='ocr_par' dir='ltr' id='par_1_4' title="bbox 172 593 2261 671">
     <span class='ocr_line' id='line_1_4' title="bbox 172 593 2261 671; baseline -0.003 -16"><span class='ocrx_word' id='word_1_27' title='bbox 172 596 484 664; x_wconf 75' lang='grc' dir='ltr'><em>Ὀδυσσέως</em></span> <span class='ocrx_word' id='word_1_28' title='bbox 531 603 625 655; x_wconf 89' lang='grc' dir='ltr'><strong><em>καὶ</em></strong></span> <span class='ocrx_word' id='word_1_29' title='bbox 673 602 840 662; x_wconf 80' lang='grc' dir='ltr'><strong><em>αὐτὸς</em></strong></span> <span class='ocrx_word' id='word_1_30' title='bbox 887 602 970 662; x_wconf 90' lang='grc' dir='ltr'><strong><em>εἰς</em></strong></span> <span class='ocrx_word' id='word_1_31' title='bbox 1018 603 1116 671; x_wconf 83' lang='grc' dir='ltr'><strong><em>τήν</em></strong></span> <span class='ocrx_word' id='word_1_32' title='bbox 1167 601 1376 669; x_wconf 89' lang='grc' dir='ltr'><strong><em>Τροίαν</em></strong></span> <span class='ocrx_word' id='word_1_33' title='bbox 1425 600 1794 666; x_wconf 77' lang='grc' dir='ltr'><strong><em>ἀναγόμενος,</em></strong></span> <span class='ocrx_word' id='word_1_34' title='bbox 1845 599 1907 647; x_wconf 85' lang='grc' dir='ltr'><strong><em>τὸ</em></strong></span> <span class='ocrx_word' id='word_1_35' title='bbox 1945 598 2048 662; x_wconf 82' lang='grc' dir='ltr'><strong><em>μὲν</em></strong></span> <span class='ocrx_word' id='word_1_36' title='bbox 2086 593 2261 649; x_wconf 84' lang='grc' dir='ltr'><strong><em>πλέον</em></strong></span> 
     </span>
    </p>

    <p class='ocr_par' dir='ltr' id='par_1_5' title="bbox 179 679 2257 755">
     <span class='ocr_line' id='line_1_5' title="bbox 179 679 2257 755; baseline -0.003 -16"><span class='ocrx_word' id='word_1_37' title='bbox 179 690 332 751; x_wconf 83' lang='grc' dir='ltr'><strong><em>ἑκών,</em></strong></span> <span class='ocrx_word' id='word_1_38' title='bbox 371 689 434 738; x_wconf 81' lang='grc' dir='ltr'><strong><em>τὸ</em></strong></span> <span class='ocrx_word' id='word_1_39' title='bbox 475 685 538 740; x_wconf 88' lang='grc' dir='ltr'><strong><em>δέ</em></strong></span> <span class='ocrx_word' id='word_1_40' title='bbox 573 705 629 738; x_wconf 91' lang='grc' dir='ltr'><strong><em>τι</em></strong></span> <span class='ocrx_word' id='word_1_41' title='bbox 663 688 757 739; x_wconf 84' lang='grc' dir='ltr'><strong><em>καὶ</em></strong></span> <span class='ocrx_word' id='word_1_42' title='bbox 794 686 1008 740; x_wconf 79' lang='grc' dir='ltr'><strong><em>πειθοῖ</em></strong></span> <span class='ocrx_word' id='word_1_43' title='bbox 1037 686 1325 754; x_wconf 76' lang='grc' dir='ltr'><em>ἀναγκαίᾳ,</em></span> <span class='ocrx_word' id='word_1_44' title='bbox 1365 682 1563 755; x_wconf 85' lang='grc' dir='ltr'><strong><em>ἐπειδὴ</em></strong></span> <span class='ocrx_word' id='word_1_45' title='bbox 1604 688 1715 734; x_wconf 84' lang='grc' dir='ltr'><strong><em>τῶν</em></strong></span> <span class='ocrx_word' id='word_1_46' title='bbox 1754 679 1946 734; x_wconf 77' lang='grc' dir='ltr'><strong><em>ὅπλων</em></strong></span> <span class='ocrx_word' id='word_1_47' title='bbox 1974 684 2257 751; x_wconf 82' lang='grc' dir='ltr'><strong><em>ἐστέρητο,</em></strong></span> 
     </span>
    </p>

    <p class='ocr_par' dir='ltr' id='par_1_6' title="bbox 123 764 2323 926">
     <span class='ocr_line' id='line_1_6' title="bbox 123 764 2265 839; baseline 0.001 -21"><span class='ocrx_word' id='word_1_48' title='bbox 123 779 148 818; x_wconf 82' lang='lat'>5</span> <span class='ocrx_word' id='word_1_49' title='bbox 186 774 220 823; x_wconf 80' lang='grc' dir='ltr'><em>ἃ</em></span> <span class='ocrx_word' id='word_1_50' title='bbox 256 778 421 824; x_wconf 83' lang='grc' dir='ltr'><strong><em>τοῦτο</em></strong></span> <span class='ocrx_word' id='word_1_51' title='bbox 457 774 559 838; x_wconf 85' lang='grc' dir='ltr'><strong><em>μὲν</em></strong></span> <span class='ocrx_word' id='word_1_52' title='bbox 592 772 717 838; x_wconf 90' lang='grc' dir='ltr'><strong><em>βίον</em></strong></span> <span class='ocrx_word' id='word_1_53' title='bbox 757 768 904 838; x_wconf 74' lang='grc' dir='ltr'><strong><em>αὐτῷ</em></strong></span> <span class='ocrx_word' id='word_1_54' title='bbox 942 774 1205 839; x_wconf 83' lang='grc' dir='ltr'><strong><em>παρεῖχεν</em></strong></span> <span class='ocrx_word' id='word_1_55' title='bbox 1242 771 1300 823; x_wconf 88' lang='grc' dir='ltr'><strong><em>ἐν</em></strong></span> <span class='ocrx_word' id='word_1_56' title='bbox 1338 776 1406 838; x_wconf 82' lang='grc' dir='ltr'><strong><em>τῇ</em></strong></span> <span class='ocrx_word' id='word_1_57' title='bbox 1443 770 1610 838; x_wconf 81' lang='grc' dir='ltr'><strong><em>νήσῳ,</em></strong></span> <span class='ocrx_word' id='word_1_58' title='bbox 1649 773 1812 819; x_wconf 81' lang='grc' dir='ltr'><strong><em>τοῦτο</em></strong></span> <span class='ocrx_word' id='word_1_59' title='bbox 1854 764 1912 818; x_wconf 81' lang='grc' dir='ltr'><strong><em>δὲ</em></strong></span> <span class='ocrx_word' id='word_1_60' title='bbox 1939 767 2162 837; x_wconf 84' lang='grc' dir='ltr'><strong><em>θάρσος</em></strong></span> <span class='ocrx_word' id='word_1_61' title='bbox 2202 768 2265 821; x_wconf 75' lang='grc' dir='ltr'><strong><em>ἐν</em></strong></span> 
     </span>
     <span class='ocr_line' id='line_1_7' title="bbox 177 845 2323 926; baseline -0 -20"><span class='ocrx_word' id='word_1_62' title='bbox 177 864 245 926; x_wconf 85' lang='grc' dir='ltr'><strong><em>τῇ</em></strong></span> <span class='ocrx_word' id='word_1_63' title='bbox 282 859 511 925; x_wconf 86' lang='grc' dir='ltr'><strong><em>τοιαύτῃ</em></strong></span> <span class='ocrx_word' id='word_1_64' title='bbox 550 859 723 923; x_wconf 78' lang='grc' dir='ltr'><strong><em>νόσῳ,</em></strong></span> <span class='ocrx_word' id='word_1_65' title='bbox 773 857 888 921; x_wconf 82' lang='grc' dir='ltr'><strong><em>ἅμα</em></strong></span> <span class='ocrx_word' id='word_1_66' title='bbox 929 852 986 905; x_wconf 79' lang='grc' dir='ltr'><strong><em>δὲ</em></strong></span> <span class='ocrx_word' id='word_1_67' title='bbox 1025 853 1288 907; x_wconf 79' lang='grc' dir='ltr'><strong><em>εὔκλειαν.</em></strong></span> <span class='ocrx_word' id='word_1_68' title='bbox 1366 845 1561 905; x_wconf 77' lang='grc' dir='ltr'><strong><em>οὐκοῦν</em></strong></span> <span class='ocrx_word' id='word_1_69' title='bbox 1613 846 1934 921; x_wconf 73' lang='grc' dir='ltr'><strong><em>εἰωχούμην</em></strong></span> <span class='ocrx_word' id='word_1_70' title='bbox 1972 859 2072 922; x_wconf 86' lang='grc' dir='ltr'><strong><em>τῆς</em></strong></span> <span class='ocrx_word' id='word_1_71' title='bbox 2107 853 2253 914; x_wconf 85' lang='grc' dir='ltr'><strong><em>θέας</em></strong></span> <span class='ocrx_word' id='word_1_72' title='bbox 2292 853 2323 905; x_wconf 91' lang='grc'><strong>3</strong></span> 
     </span>
    </p>

    <p class='ocr_par' dir='ltr' id='par_1_7' title="bbox 173 929 2254 1013">
     <span class='ocr_line' id='line_1_8' title="bbox 173 929 2254 1013; baseline -0.001 -23"><span class='ocrx_word' id='word_1_73' title='bbox 173 942 266 1013; x_wconf 78' lang='grc' dir='ltr'><strong><em>καὶ</em></strong></span> <span class='ocrx_word' id='word_1_74' title='bbox 303 937 628 1010; x_wconf 78' lang='grc' dir='ltr'><strong><em>ἐλογιζόμην</em></strong></span> <span class='ocrx_word' id='word_1_75' title='bbox 679 942 822 1010; x_wconf 82' lang='grc' dir='ltr'><strong><em>πρὸς</em></strong></span> <span class='ocrx_word' id='word_1_76' title='bbox 871 941 1110 1006; x_wconf 79' lang='grc' dir='ltr'><strong><em>ἐμαυτὸν</em></strong></span> <span class='ocrx_word' id='word_1_77' title='bbox 1149 941 1236 993; x_wconf 83' lang='grc' dir='ltr'><strong><em>ὅτι</em></strong></span> <span class='ocrx_word' id='word_1_78' title='bbox 1282 941 1409 992; x_wconf 81' lang='grc' dir='ltr'><strong><em>τότε</em></strong></span> <span class='ocrx_word' id='word_1_79' title='bbox 1438 929 1750 1007; x_wconf 80' lang='grc' dir='ltr'><strong><em>Ἀθήνησιν</em></strong></span> <span class='ocrx_word' id='word_1_80' title='bbox 1788 939 1866 987; x_wconf 80' lang='grc' dir='ltr'><strong><em>ὢν</em></strong></span> <span class='ocrx_word' id='word_1_81' title='bbox 1905 938 2002 1002; x_wconf 78' lang='grc' dir='ltr'><strong><em>οὐχ</em></strong></span> <span class='ocrx_word' id='word_1_82' title='bbox 2042 937 2163 999; x_wconf 81' lang='grc' dir='ltr'><strong><em>οἶός</em></strong></span> <span class='ocrx_word' id='word_1_83' title='bbox 2198 931 2254 988; x_wconf 70' lang='grc' dir='ltr'><strong><em>τ’</em></strong></span> 
     </span>
    </p>

    <p class='ocr_par' dir='ltr' id='par_1_8' title="bbox 175 1017 2258 1094">
     <span class='ocr_line' id='line_1_9' title="bbox 175 1017 2258 1094; baseline -0 -20"><span class='ocrx_word' id='word_1_84' title='bbox 175 1026 241 1076; x_wconf 82' lang='grc' dir='ltr'><strong><em>ἂν</em></strong></span> <span class='ocrx_word' id='word_1_85' title='bbox 278 1022 343 1094; x_wconf 77' lang='grc' dir='ltr'><strong><em>ἧν</em></strong></span> <span class='ocrx_word' id='word_1_86' title='bbox 379 1029 675 1090; x_wconf 82' lang='grc' dir='ltr'><strong><em>μετασχεῖν</em></strong></span> <span class='ocrx_word' id='word_1_87' title='bbox 713 1031 823 1075; x_wconf 84' lang='grc' dir='ltr'><strong><em>τῶν</em></strong></span> <span class='ocrx_word' id='word_1_88' title='bbox 861 1022 1078 1090; x_wconf 84' lang='grc' dir='ltr'><strong><em>ἀνδρῶν</em></strong></span> <span class='ocrx_word' id='word_1_89' title='bbox 1114 1024 1338 1075; x_wconf 79' lang='grc' dir='ltr'><strong><em>ἐκείνων</em></strong></span> <span class='ocrx_word' id='word_1_90' title='bbox 1376 1017 1927 1088; x_wconf 80' lang='grc' dir='ltr'><strong><em>ἀνταγωνιζομένων,</em></strong></span> <span class='ocrx_word' id='word_1_91' title='bbox 1976 1019 2118 1072; x_wconf 81' lang='grc' dir='ltr'><strong><em>ἀλλὰ</em></strong></span> <span class='ocrx_word' id='word_1_92' title='bbox 2155 1025 2258 1075; x_wconf 77' lang='grc' dir='ltr'><strong><em>Σο·</em></strong></span> 
     </span>
    </p>

    <p class='ocr_par' dir='ltr' id='par_1_9' title="bbox 177 1106 2259 1179">
     <span class='ocr_line' id='line_1_10' title="bbox 177 1106 2259 1179; baseline -0.001 -18"><span class='ocrx_word' id='word_1_93' title='bbox 177 1107 448 1179; x_wconf 88' lang='grc' dir='ltr'><strong><em>φοκλέους</em></strong></span> <span class='ocrx_word' id='word_1_94' title='bbox 483 1112 583 1176; x_wconf 80' lang='grc' dir='ltr'><strong><em>μὲν</em></strong></span> <span class='ocrx_word' id='word_1_95' title='bbox 621 1110 766 1178; x_wconf 82' lang='grc' dir='ltr'><strong><em>πρὸς</em></strong></span> <span class='ocrx_word' id='word_1_96' title='bbox 802 1106 1092 1174; x_wconf 78' lang='grc' dir='ltr'><strong><em>Αἰσχύλον</em></strong></span> <span class='ocrx_word' id='word_1_97' title='bbox 1130 1111 1254 1158; x_wconf 93' lang='grc' dir='ltr'><strong><em>νέου</em></strong></span> <span class='ocrx_word' id='word_1_98' title='bbox 1294 1108 1438 1175; x_wconf 83' lang='grc' dir='ltr'><strong><em>πρὸς</em></strong></span> <span class='ocrx_word' id='word_1_99' title='bbox 1474 1109 1736 1174; x_wconf 87' lang='grc' dir='ltr'><strong><em>γέροντα,</em></strong></span> <span class='ocrx_word' id='word_1_100' title='bbox 1783 1107 1876 1156; x_wconf 84' lang='grc' dir='ltr'><strong><em>καὶ</em></strong></span> <span class='ocrx_word' id='word_1_101' title='bbox 1914 1108 2060 1174; x_wconf 84' lang='grc' dir='ltr'><strong><em>πρὸς</em></strong></span> <span class='ocrx_word' id='word_1_102' title='bbox 2096 1107 2259 1176; x_wconf 79' lang='grc' dir='ltr'><strong><em>Εὐρι-</em></strong></span> 
     </span>
    </p>

    <p class='ocr_par' dir='ltr' id='par_1_10' title="bbox 96 1186 2258 1264">
     <span class='ocr_line' id='line_1_11' title="bbox 96 1186 2258 1264; baseline -0.002 -18"><span class='ocrx_word' id='word_1_103' title='bbox 96 1198 143 1246; x_wconf 84' lang='grc'><strong><em>10</em></strong></span> <span class='ocrx_word' id='word_1_104' title='bbox 180 1192 352 1264; x_wconf 90' lang='grc' dir='ltr'><strong><em>πίδην</em></strong></span> <span class='ocrx_word' id='word_1_105' title='bbox 399 1195 778 1264; x_wconf 76' lang='grc' dir='ltr'><strong><em>πρεσβυτέρου</em></strong></span> <span class='ocrx_word' id='word_1_106' title='bbox 826 1194 971 1261; x_wconf 79' lang='grc' dir='ltr'><strong><em>πρὸς</em></strong></span> <span class='ocrx_word' id='word_1_107' title='bbox 1014 1193 1284 1260; x_wconf 79' lang='grc' dir='ltr'><strong><em>νεώτερον</em></strong></span> <span class='ocrx_word' id='word_1_108' title='bbox 1331 1186 1738 1257; x_wconf 74' lang='grc' dir='ltr'><strong><em>ἀγωνιζομένου</em></strong></span> <span class='ocrx_word' id='word_1_109' title='bbox 1775 1193 2044 1254; x_wconf 83' lang='grc' dir='ltr'><strong><em>μετέσχον</em></strong></span> <span class='ocrx_word' id='word_1_110' title='bbox 2081 1194 2258 1252; x_wconf 81' lang='grc' dir='ltr'><strong><em>τινές·</em></strong></span> 
     </span>
    </p>

    <p class='ocr_par' dir='ltr' id='par_1_11' title="bbox 174 1269 2259 1349">
     <span class='ocr_line' id='line_1_12' title="bbox 174 1269 2259 1349; baseline -0.002 -19"><span class='ocrx_word' id='word_1_111' title='bbox 174 1277 486 1349; x_wconf 76' lang='grc' dir='ltr'><strong><em>Εὐριπίδης</em></strong></span> <span class='ocrx_word' id='word_1_112' title='bbox 525 1269 580 1332; x_wconf 75' lang='grc' dir='ltr'><strong><em>δ.&gt;</em></strong></span> <span class='ocrx_word' id='word_1_113' title='bbox 624 1275 953 1347; x_wconf 79' lang='grc' dir='ltr'><strong><em>ἀπελείφθη</em></strong></span> <span class='ocrx_word' id='word_1_114' title='bbox 990 1277 1130 1328; x_wconf 82' lang='grc' dir='ltr'><strong><em>κατὰ</em></strong></span> <span class='ocrx_word' id='word_1_115' title='bbox 1168 1277 1267 1346; x_wconf 83' lang='grc' dir='ltr'><strong><em>τὴν</em></strong></span> <span class='ocrx_word' id='word_1_116' title='bbox 1303 1273 1524 1345; x_wconf 80' lang='grc' dir='ltr'><strong><em>ἡλικίαν</em></strong></span> <span class='ocrx_word' id='word_1_117' title='bbox 1561 1271 1883 1339; x_wconf 77' lang='grc' dir='ltr'><strong><em>Αἰσχύλου·</em></strong></span> <span class='ocrx_word' id='word_1_118' title='bbox 1921 1276 2015 1326; x_wconf 84' lang='grc' dir='ltr'><strong><em>καὶ</em></strong></span> <span class='ocrx_word' id='word_1_119' title='bbox 2040 1276 2155 1343; x_wconf 85' lang='grc' dir='ltr'><strong><em>ἅμα</em></strong></span> <span class='ocrx_word' id='word_1_120' title='bbox 2195 1277 2259 1325; x_wconf 78' lang='grc' dir='ltr'><strong><em>οὐ</em></strong></span> 
     </span>
    </p>

    <p class='ocr_par' dir='ltr' id='par_1_12' title="bbox 175 1357 2261 1432">
     <span class='ocr_line' id='line_1_13' title="bbox 175 1357 2261 1432; baseline -0.003 -16"><span class='ocrx_word' id='word_1_121' title='bbox 175 1361 447 1425; x_wconf 77' lang='grc' dir='ltr'><strong><em>πολλάκις</em></strong></span> <span class='ocrx_word' id='word_1_122' title='bbox 484 1363 622 1424; x_wconf 86' lang='grc' dir='ltr'><strong><em>ἴσως</em></strong></span> <span class='ocrx_word' id='word_1_123' title='bbox 646 1363 678 1432; x_wconf 85' lang='grc' dir='ltr'><em>ἢ</em></span> <span class='ocrx_word' id='word_1_124' title='bbox 709 1359 980 1416; x_wconf 80' lang='grc' dir='ltr'><strong><em>οὐδέποτε</em></strong></span> <span class='ocrx_word' id='word_1_125' title='bbox 1005 1359 1083 1428; x_wconf 71' lang='grc' dir='ltr'><strong><em>τῷ</em></strong></span> <span class='ocrx_word' id='word_1_126' title='bbox 1111 1358 1260 1427; x_wconf 73' lang='grc' dir='ltr'><strong><em>αὐτῷ</em></strong></span> <span class='ocrx_word' id='word_1_127' title='bbox 1289 1357 1532 1429; x_wconf 88' lang='grc' dir='ltr'><strong><em>δράματι</em></strong></span> <span class='ocrx_word' id='word_1_128' title='bbox 1559 1359 2025 1429; x_wconf 88' lang='grc' dir='ltr'><strong><em>ἀντηγωνίσαντο.</em></strong></span> <span class='ocrx_word' id='word_1_129' title='bbox 2091 1360 2261 1421; x_wconf 77' lang='grc' dir='ltr'><strong><em>αὐτὸς</em></strong></span> 
     </span>
    </p>

    <p class='ocr_par' dir='ltr' id='par_1_13' title="bbox 12 1445 2326 1602">
     <span class='ocr_line' id='line_1_14' title="bbox 12 1445 2259 1518; baseline 0.002 -26"><span class='ocrx_word' id='word_1_130' title='bbox 12 1457 78 1492; x_wconf 80' lang='grc'><strong><em>549</em></strong></span> <span class='ocrx_word' id='word_1_131' title='bbox 95 1456 149 1497; x_wconf 79' lang='grc' dir='ltr'><strong><em>Μ)</em></strong></span> <span class='ocrx_word' id='word_1_132' title='bbox 175 1446 233 1499; x_wconf 84' lang='grc' dir='ltr'><strong><em>δὲ</em></strong></span> <span class='ocrx_word' id='word_1_133' title='bbox 283 1450 594 1518; x_wconf 81' lang='grc' dir='ltr'><strong><em>ἐφαινόμην</em></strong></span> <span class='ocrx_word' id='word_1_134' title='bbox 641 1445 862 1514; x_wconf 75' lang='grc' dir='ltr'><strong><em>ἐμαυτῷ</em></strong></span> <span class='ocrx_word' id='word_1_135' title='bbox 912 1448 1061 1497; x_wconf 84' lang='grc' dir='ltr'><strong><em>πάνυ</em></strong></span> <span class='ocrx_word' id='word_1_136' title='bbox 1110 1452 1328 1515; x_wconf 82' lang='grc' dir='ltr'><strong><em>τρυφᾶν</em></strong></span> <span class='ocrx_word' id='word_1_137' title='bbox 1365 1447 1459 1497; x_wconf 80' lang='grc' dir='ltr'><strong><em>καὶ</em></strong></span> <span class='ocrx_word' id='word_1_138' title='bbox 1507 1452 1606 1515; x_wconf 83' lang='grc' dir='ltr'><strong><em>τῆς</em></strong></span> <span class='ocrx_word' id='word_1_139' title='bbox 1655 1445 1962 1506; x_wconf 77' lang='grc' dir='ltr'><strong><em>ἀσθενείας</em></strong></span> <span class='ocrx_word' id='word_1_140' title='bbox 2000 1461 2259 1514; x_wconf 89' lang='grc' dir='ltr'><strong><em>παραμυ-</em></strong></span> 
     </span>
     <span class='ocr_line' id='line_1_15' title="bbox 170 1527 2326 1602; baseline 0.001 -19"><span class='ocrx_word' id='word_1_141' title='bbox 170 1533 310 1583; x_wconf 86' lang='grc' dir='ltr'><strong><em>θίαν</em></strong></span> <span class='ocrx_word' id='word_1_142' title='bbox 346 1534 538 1602; x_wconf 83' lang='grc' dir='ltr'><strong><em>καινὴν</em></strong></span> <span class='ocrx_word' id='word_1_143' title='bbox 576 1533 735 1597; x_wconf 84' lang='grc' dir='ltr'><strong><em>ἔχειν.</em></strong></span> <span class='ocrx_word' id='word_1_144' title='bbox 825 1532 1019 1582; x_wconf 79' lang='grc' dir='ltr'><strong><em>οὐκοῦν</em></strong></span> <span class='ocrx_word' id='word_1_145' title='bbox 1066 1532 1363 1601; x_wconf 84' lang='grc' dir='ltr'><strong><em>ἐχορήγουν</em></strong></span> <span class='ocrx_word' id='word_1_146' title='bbox 1401 1529 1626 1599; x_wconf 74' lang='grc' dir='ltr'><strong><em>ἐμαυτῷ</em></strong></span> <span class='ocrx_word' id='word_1_147' title='bbox 1661 1531 1809 1581; x_wconf 89' lang='grc' dir='ltr'><strong><em>πάνυ</em></strong></span> <span class='ocrx_word' id='word_1_148' title='bbox 1851 1527 2124 1598; x_wconf 84' lang='grc' dir='ltr'><strong><em>λαμπρῶς</em></strong></span> <span class='ocrx_word' id='word_1_149' title='bbox 2160 1532 2254 1585; x_wconf 74' lang='grc' dir='ltr'><strong><em>καὶ</em></strong></span> <span class='ocrx_word' id='word_1_150' title='bbox 2291 1534 2326 1584; x_wconf 91' lang='grc'><strong>4</strong></span> 
     </span>
    </p>

    <p class='ocr_par' dir='ltr' id='par_1_14' title="bbox 96 1614 2257 1687">
     <span class='ocr_line' id='line_1_16' title="bbox 96 1614 2257 1687; baseline 0 -21"><span class='ocrx_word' id='word_1_151' title='bbox 96 1623 141 1666; x_wconf 79' lang='lat'><strong><em>15</em></strong></span> <span class='ocrx_word' id='word_1_152' title='bbox 179 1621 473 1686; x_wconf 86' lang='grc' dir='ltr'><strong><em>προσέχειν</em></strong></span> <span class='ocrx_word' id='word_1_153' title='bbox 490 1617 830 1686; x_wconf 83' lang='grc' dir='ltr'><strong><em>ἐπειρώμην,</em></strong></span> <span class='ocrx_word' id='word_1_154' title='bbox 857 1617 1048 1685; x_wconf 82' lang='grc' dir='ltr'><strong><em>ὥσπερ</em></strong></span> <span class='ocrx_word' id='word_1_155' title='bbox 1073 1614 1338 1687; x_wconf 81' lang='grc' dir='ltr'><strong><em>δικαστής</em></strong></span> <span class='ocrx_word' id='word_1_156' title='bbox 1355 1621 1466 1667; x_wconf 83' lang='grc' dir='ltr'><strong><em>τῶν</em></strong></span> <span class='ocrx_word' id='word_1_157' title='bbox 1493 1617 1735 1686; x_wconf 87' lang='grc' dir='ltr'><strong><em>πρώτων</em></strong></span> <span class='ocrx_word' id='word_1_158' title='bbox 1761 1621 2035 1684; x_wconf 84' lang='grc' dir='ltr'><strong><em>τραγικῶν</em></strong></span> <span class='ocrx_word' id='word_1_159' title='bbox 2056 1621 2257 1685; x_wconf 81' lang='grc' dir='ltr'><strong><em>χορῶν.</em></strong></span> 
     </span>
    </p>

    <p class='ocr_par' dir='ltr' id='par_1_15' title="bbox 170 1691 2264 1773">
     <span class='ocr_line' id='line_1_17' title="bbox 170 1691 2264 1773; baseline 0 -21"><span class='ocrx_word' id='word_1_160' title='bbox 170 1699 315 1772; x_wconf 83' lang='grc' dir='ltr'><strong><em>πλὴν</em></strong></span> <span class='ocrx_word' id='word_1_161' title='bbox 356 1703 569 1767; x_wconf 83' lang='grc' dir='ltr'><strong><em>ὀμόσας</em></strong></span> <span class='ocrx_word' id='word_1_162' title='bbox 605 1718 665 1769; x_wconf 81' lang='grc' dir='ltr'><strong><em>γε,</em></strong></span> <span class='ocrx_word' id='word_1_163' title='bbox 706 1702 801 1754; x_wconf 82' lang='grc' dir='ltr'><strong><em>οὐκ</em></strong></span> <span class='ocrx_word' id='word_1_164' title='bbox 834 1703 902 1752; x_wconf 82' lang='grc' dir='ltr'><strong><em>ἂν</em></strong></span> <span class='ocrx_word' id='word_1_165' title='bbox 928 1699 1204 1773; x_wconf 78' lang='grc' dir='ltr'><strong><em>ἐδυνάμην</em></strong></span> <span class='ocrx_word' id='word_1_166' title='bbox 1230 1701 1654 1771; x_wconf 75' lang='grc' dir='ltr'><strong><em>ἀποφήνασθαι</em></strong></span> <span class='ocrx_word' id='word_1_167' title='bbox 1681 1697 1857 1763; x_wconf 82' lang='grc' dir='ltr'><strong><em>οὐδέν,</em></strong></span> <span class='ocrx_word' id='word_1_168' title='bbox 1895 1691 2050 1767; x_wconf 77' lang='grc' dir='ltr'><strong><em>(οὐδ’</em></strong></span> <span class='ocrx_word' id='word_1_169' title='bbox 2094 1696 2264 1767; x_wconf 76' lang='grc' dir='ltr'><strong><em>ἐμ&gt;οῦ</em></strong></span> 
     </span>
    </p>

    <p class='ocr_par' dir='ltr' id='par_1_16' title="bbox 168 1783 2264 1857">
     <span class='ocr_line' id='line_1_18' title="bbox 168 1783 2264 1857; baseline -0 -20"><span class='ocrx_word' id='word_1_170' title='bbox 168 1801 227 1854; x_wconf 86' lang='grc' dir='ltr'><strong><em>γε</em></strong></span> <span class='ocrx_word' id='word_1_171' title='bbox 266 1789 442 1839; x_wconf 84' lang='grc' dir='ltr'><strong><em>ἕνεκεν</em></strong></span> <span class='ocrx_word' id='word_1_172' title='bbox 483 1784 665 1848; x_wconf 82' lang='grc' dir='ltr'><strong><em>οὐδεὶς</em></strong></span> <span class='ocrx_word' id='word_1_173' title='bbox 701 1788 768 1837; x_wconf 84' lang='grc' dir='ltr'><strong><em>ἂν</em></strong></span> <span class='ocrx_word' id='word_1_174' title='bbox 815 1787 1035 1857; x_wconf 87' lang='grc' dir='ltr'><strong><em>ήττήθη</em></strong></span> <span class='ocrx_word' id='word_1_175' title='bbox 1080 1792 1191 1837; x_wconf 85' lang='grc' dir='ltr'><strong><em>τῶν</em></strong></span> <span class='ocrx_word' id='word_1_176' title='bbox 1230 1783 1449 1855; x_wconf 84' lang='grc' dir='ltr'><strong><em>ἀνδρῶν</em></strong></span> <span class='ocrx_word' id='word_1_177' title='bbox 1491 1787 1731 1839; x_wconf 86' lang='grc' dir='ltr'><strong><em>ἐκείνων.</em></strong></span> <span class='ocrx_word' id='word_1_178' title='bbox 1812 1788 1846 1856; x_wconf 83' lang='grc' dir='ltr'>ἥ</span> <span class='ocrx_word' id='word_1_179' title='bbox 1901 1803 1962 1838; x_wconf 90' lang='grc' dir='ltr'><strong><em>τε</em></strong></span> <span class='ocrx_word' id='word_1_180' title='bbox 2009 1785 2113 1854; x_wconf 85' lang='grc' dir='ltr'><strong><em>γὰρ</em></strong></span> <span class='ocrx_word' id='word_1_181' title='bbox 2161 1791 2264 1836; x_wconf 78' lang='grc' dir='ltr'><strong><em>τοῦ</em></strong></span> 
     </span>
    </p>

    <p class='ocr_par' dir='ltr' id='par_1_17' title="bbox 169 1868 2261 1942">
     <span class='ocr_line' id='line_1_19' title="bbox 169 1868 2261 1942; baseline -0.002 -18"><span class='ocrx_word' id='word_1_182' title='bbox 169 1869 461 1939; x_wconf 78' lang='grc' dir='ltr'><strong><em>Αἰσχύλου</em></strong></span> <span class='ocrx_word' id='word_1_183' title='bbox 499 1869 964 1942; x_wconf 82' lang='grc' dir='ltr'><strong><em>μεγαλοφροσύνη</em></strong></span> <span class='ocrx_word' id='word_1_184' title='bbox 1002 1873 1096 1924; x_wconf 85' lang='grc' dir='ltr'><strong><em>καὶ</em></strong></span> <span class='ocrx_word' id='word_1_185' title='bbox 1132 1873 1196 1925; x_wconf 86' lang='grc' dir='ltr'><strong><em>τὸ</em></strong></span> <span class='ocrx_word' id='word_1_186' title='bbox 1235 1873 1495 1941; x_wconf 85' lang='grc' dir='ltr'><strong><em>ἀρχαῖον,</em></strong></span> <span class='ocrx_word' id='word_1_187' title='bbox 1546 1872 1632 1923; x_wconf 82' lang='grc' dir='ltr'><strong><em>ἔτι</em></strong></span> <span class='ocrx_word' id='word_1_188' title='bbox 1670 1869 1729 1925; x_wconf 81' lang='grc' dir='ltr'><strong><em>δὲ</em></strong></span> <span class='ocrx_word' id='word_1_189' title='bbox 1768 1873 1832 1922; x_wconf 83' lang='grc' dir='ltr'><strong><em>τὸ</em></strong></span> <span class='ocrx_word' id='word_1_190' title='bbox 1873 1868 2124 1932; x_wconf 77' lang='grc' dir='ltr'><strong><em>αὔθαδες</em></strong></span> <span class='ocrx_word' id='word_1_191' title='bbox 2161 1877 2261 1939; x_wconf 84' lang='grc' dir='ltr'><strong><em>τῆς</em></strong></span> 
     </span>
    </p>

    <p class='ocr_par' dir='ltr' id='par_1_18' title="bbox 174 1954 2262 2027">
     <span class='ocr_line' id='line_1_20' title="bbox 174 1954 2262 2027; baseline -0.001 -20"><span class='ocrx_word' id='word_1_192' title='bbox 174 1954 428 2019; x_wconf 84' lang='grc' dir='ltr'><strong><em>διανοίας</em></strong></span> <span class='ocrx_word' id='word_1_193' title='bbox 463 1959 556 2008; x_wconf 84' lang='grc' dir='ltr'><strong><em>καὶ</em></strong></span> <span class='ocrx_word' id='word_1_194' title='bbox 595 1959 875 2027; x_wconf 79' lang='grc' dir='ltr'><strong><em>φράσεως,</em></strong></span> <span class='ocrx_word' id='word_1_195' title='bbox 915 1960 1208 2024; x_wconf 84' lang='grc' dir='ltr'><strong><em>πρέποντα</em></strong></span> <span class='ocrx_word' id='word_1_196' title='bbox 1247 1958 1513 2027; x_wconf 87' lang='grc' dir='ltr'><strong><em>ἐφαίνετο</em></strong></span> <span class='ocrx_word' id='word_1_197' title='bbox 1551 1954 1836 2027; x_wconf 77' lang='grc' dir='ltr'><strong><em>τραγῳδίᾳ</em></strong></span> <span class='ocrx_word' id='word_1_198' title='bbox 1871 1958 2115 2016; x_wconf 75' lang='grc' dir='ltr'><strong><em>καὶτοῖς</em></strong></span> <span class='ocrx_word' id='word_1_199' title='bbox 2152 1970 2262 2005; x_wconf 89' lang='grc' dir='ltr'><strong><em>πα-</em></strong></span> 
     </span>
    </p>

    <p class='ocr_par' dir='ltr' id='par_1_19' title="bbox 94 2037 2329 2198">
     <span class='ocr_line' id='line_1_21' title="bbox 94 2037 2262 2112; baseline -0.001 -20"><span class='ocrx_word' id='word_1_200' title='bbox 94 2048 140 2092; x_wconf 71' lang='lat'><strong><em>20</em></strong></span> <span class='ocrx_word' id='word_1_201' title='bbox 178 2038 361 2105; x_wconf 82' lang='grc' dir='ltr'><strong><em>λαιοῖς</em></strong></span> <span class='ocrx_word' id='word_1_202' title='bbox 398 2042 570 2112; x_wconf 82' lang='grc' dir='ltr'><strong><em>ἤθεσι</em></strong></span> <span class='ocrx_word' id='word_1_203' title='bbox 595 2047 706 2092; x_wconf 83' lang='grc' dir='ltr'><strong><em>τῶν</em></strong></span> <span class='ocrx_word' id='word_1_204' title='bbox 730 2044 946 2112; x_wconf 84' lang='grc' dir='ltr'><strong><em>ήρώων,</em></strong></span> <span class='ocrx_word' id='word_1_205' title='bbox 987 2040 1145 2093; x_wconf 78' lang='grc' dir='ltr'><strong><em>οὐδὲν</em></strong></span> <span class='ocrx_word' id='word_1_206' title='bbox 1170 2039 1200 2070; x_wconf 77' lang='grc'>*</span> <span class='ocrx_word' id='word_1_207' title='bbox 1227 2039 1764 2109; x_wconf 81' lang='grc' dir='ltr'><strong><em>ἐπιβεβουλευμένον</em></strong></span> <span class='ocrx_word' id='word_1_208' title='bbox 1803 2040 1930 2094; x_wconf 81' lang='grc' dir='ltr'><strong><em>οὐδὲ</em></strong></span> <span class='ocrx_word' id='word_1_209' title='bbox 1972 2037 2262 2107; x_wconf 87' lang='grc' dir='ltr'><strong><em>στωμύλον</em></strong></span> 
     </span>
     <span class='ocr_line' id='line_1_22' title="bbox 175 2120 2329 2198; baseline 0.002 -22"><span class='ocrx_word' id='word_1_210' title='bbox 175 2124 300 2178; x_wconf 83' lang='grc' dir='ltr'><strong><em>οὐδὲ</em></strong></span> <span class='ocrx_word' id='word_1_211' title='bbox 340 2129 634 2178; x_wconf 87' lang='grc' dir='ltr'><strong><em>ταπεινόν·</em></strong></span> <span class='ocrx_word' id='word_1_212' title='bbox 673 2128 803 2178; x_wconf 83' lang='grc' dir='ltr'><strong><em>ἐπεί</em></strong></span> <span class='ocrx_word' id='word_1_213' title='bbox 833 2143 924 2177; x_wconf 93' lang='grc' dir='ltr'><strong><em>τοι</em></strong></span> <span class='ocrx_word' id='word_1_214' title='bbox 959 2129 1053 2178; x_wconf 81' lang='grc' dir='ltr'><strong><em>καὶ</em></strong></span> <span class='ocrx_word' id='word_1_215' title='bbox 1077 2129 1173 2178; x_wconf 80' lang='grc' dir='ltr'><strong><em>τὸν</em></strong></span> <span class='ocrx_word' id='word_1_216' title='bbox 1194 2120 1466 2179; x_wconf 85' lang='grc' dir='ltr'><strong><em>Ὀδυσσέα</em></strong></span> <span class='ocrx_word' id='word_1_217' title='bbox 1493 2129 1679 2198; x_wconf 85' lang='grc' dir='ltr'><strong><em>εἰσῆγε</em></strong></span> <span class='ocrx_word' id='word_1_218' title='bbox 1707 2126 1904 2196; x_wconf 79' lang='grc' dir='ltr'><strong><em>δριμύν</em></strong></span> <span class='ocrx_word' id='word_1_219' title='bbox 1930 2129 2024 2178; x_wconf 82' lang='grc' dir='ltr'><strong><em>καὶ</em></strong></span> <span class='ocrx_word' id='word_1_220' title='bbox 2051 2124 2257 2189; x_wconf 90' lang='grc' dir='ltr'><strong><em>δόλιον,</em></strong></span> <span class='ocrx_word' id='word_1_221' title='bbox 2298 2131 2329 2181; x_wconf 89' lang='grc'><strong>5</strong></span> 
     </span>
    </p>

    <p class='ocr_par' dir='ltr' id='par_1_20' title="bbox 0 2209 2265 2793">
     <span class='ocr_line' id='line_1_23' title="bbox 0 2209 2259 2283; baseline -0.001 -18"><span class='ocrx_word' id='word_1_222' title='bbox 0 2218 148 2265; x_wconf 56' lang='lat' dir='ltr'><strong><em>amn)</em></strong></span> <span class='ocrx_word' id='word_1_223' title='bbox 171 2213 247 2274; x_wconf 86' lang='grc' dir='ltr'><strong><em>ὡς</em></strong></span> <span class='ocrx_word' id='word_1_224' title='bbox 285 2214 342 2262; x_wconf 91' lang='grc' dir='ltr'><strong><em>ἐν</em></strong></span> <span class='ocrx_word' id='word_1_225' title='bbox 380 2217 501 2274; x_wconf 84' lang='grc' dir='ltr'><strong><em>τοῖς</em></strong></span> <span class='ocrx_word' id='word_1_226' title='bbox 537 2215 681 2276; x_wconf 81' lang='grc' dir='ltr'><strong><em>τότε,</em></strong></span> <span class='ocrx_word' id='word_1_227' title='bbox 720 2209 866 2262; x_wconf 80' lang='grc' dir='ltr'><strong><em>πολὺ</em></strong></span> <span class='ocrx_word' id='word_1_228' title='bbox 908 2210 965 2264; x_wconf 79' lang='grc' dir='ltr'><strong><em>δὲ</em></strong></span> <span class='ocrx_word' id='word_1_229' title='bbox 1005 2213 1287 2277; x_wconf 82' lang='grc' dir='ltr'><strong><em>ἀπέχοντα</em></strong></span> <span class='ocrx_word' id='word_1_230' title='bbox 1326 2220 1424 2283; x_wconf 88' lang='grc' dir='ltr'><strong><em>τῆς</em></strong></span> <span class='ocrx_word' id='word_1_231' title='bbox 1461 2219 1555 2264; x_wconf 80' lang='grc' dir='ltr'><strong><em>νῦν</em></strong></span> <span class='ocrx_word' id='word_1_232' title='bbox 1591 2214 1954 2283; x_wconf 74' lang='grc' dir='ltr'><strong><em>κακοηθείας,</em></strong></span> <span class='ocrx_word' id='word_1_233' title='bbox 1997 2213 2142 2263; x_wconf 80' lang='grc' dir='ltr'><strong><em>ὥστε</em></strong></span> <span class='ocrx_word' id='word_1_234' title='bbox 2181 2210 2259 2279; x_wconf 72' lang='grc' dir='ltr'><strong><em>τῷ</em></strong></span> 
     </span>
     <span class='ocr_line' id='line_1_24' title="bbox 0 2268 2263 2367; baseline 0 -20"><span class='ocrx_word' id='word_1_235' title='bbox 0 2268 4 2360; x_wconf 66' lang='grc' dir='ltr'><strong><em>Ι,</em></strong></span> <span class='ocrx_word' id='word_1_236' title='bbox 177 2298 296 2349; x_wconf 83' lang='grc' dir='ltr'><strong><em>ὄντι</em></strong></span> <span class='ocrx_word' id='word_1_237' title='bbox 333 2298 564 2367; x_wconf 86' lang='grc' dir='ltr'><strong><em>ἀρχαῖον</em></strong></span> <span class='ocrx_word' id='word_1_238' title='bbox 602 2298 668 2349; x_wconf 83' lang='grc' dir='ltr'><strong><em>ἀν</em></strong></span> <span class='ocrx_word' id='word_1_239' title='bbox 709 2295 869 2361; x_wconf 81' lang='grc' dir='ltr'><strong><em>δόξαι</em></strong></span> <span class='ocrx_word' id='word_1_240' title='bbox 909 2297 1064 2365; x_wconf 78' lang='grc' dir='ltr'><strong><em>παρὰ</em></strong></span> <span class='ocrx_word' id='word_1_241' title='bbox 1103 2299 1234 2359; x_wconf 79' lang='grc' dir='ltr'><strong><em>τούς</em></strong></span> <span class='ocrx_word' id='word_1_242' title='bbox 1283 2304 1375 2349; x_wconf 80' lang='grc' dir='ltr'><strong><em>νῦν</em></strong></span> <span class='ocrx_word' id='word_1_243' title='bbox 1425 2295 1642 2360; x_wconf 79' lang='grc' dir='ltr'><strong><em>ἁπλοῦς</em></strong></span> <span class='ocrx_word' id='word_1_244' title='bbox 1690 2297 1838 2350; x_wconf 85' lang='grc' dir='ltr'><strong><em>εἶναι</em></strong></span> <span class='ocrx_word' id='word_1_245' title='bbox 1887 2295 2263 2364; x_wconf 87' lang='grc' dir='ltr'><strong><em>βουλομένους</em></strong></span> 
     </span>
     <span class='ocr_line' id='line_1_25' title="bbox 173 2376 2262 2455; baseline 0.001 -23"><span class='ocrx_word' id='word_1_246' title='bbox 173 2383 266 2433; x_wconf 82' lang='grc' dir='ltr'><strong><em>καὶ</em></strong></span> <span class='ocrx_word' id='word_1_247' title='bbox 300 2380 743 2453; x_wconf 85' lang='grc' dir='ltr'><strong><em>μεγαλόφρονας.</em></strong></span> <span class='ocrx_word' id='word_1_248' title='bbox 817 2385 911 2434; x_wconf 81' lang='grc' dir='ltr'><strong><em>καὶ</em></strong></span> <span class='ocrx_word' id='word_1_249' title='bbox 948 2381 1107 2434; x_wconf 78' lang='grc' dir='ltr'><strong><em>οὐδέν</em></strong></span> <span class='ocrx_word' id='word_1_250' title='bbox 1145 2399 1205 2451; x_wconf 86' lang='grc' dir='ltr'><strong><em>γε</em></strong></span> <span class='ocrx_word' id='word_1_251' title='bbox 1244 2380 1627 2454; x_wconf 86' lang='grc' dir='ltr'><strong><em>ἀλλαττούσης</em></strong></span> <span class='ocrx_word' id='word_1_252' title='bbox 1653 2391 1752 2455; x_wconf 82' lang='grc' dir='ltr'><strong><em>τῆς</em></strong></span> <span class='ocrx_word' id='word_1_253' title='bbox 1772 2376 2023 2453; x_wconf 75' lang='grc' dir='ltr'><strong><em>Ἀθηνᾶς</em></strong></span> <span class='ocrx_word' id='word_1_254' title='bbox 2055 2396 2262 2452; x_wconf 86' lang='grc' dir='ltr'><strong><em>προσε-</em></strong></span> 
     </span>
     <span class='ocr_line' id='line_1_26' title="bbox 93 2464 2260 2539; baseline 0.001 -21"><span class='ocrx_word' id='word_1_255' title='bbox 93 2471 146 2518; x_wconf 68' lang='lat'><strong><em>2⁵</em></strong></span> <span class='ocrx_word' id='word_1_256' title='bbox 181 2464 357 2536; x_wconf 85' lang='grc' dir='ltr'><strong><em>δεήθη</em></strong></span> <span class='ocrx_word' id='word_1_257' title='bbox 408 2469 552 2536; x_wconf 84' lang='grc' dir='ltr'><strong><em>πρὸς</em></strong></span> <span class='ocrx_word' id='word_1_258' title='bbox 598 2470 661 2519; x_wconf 88' lang='grc' dir='ltr'><strong><em>τὸ</em></strong></span> <span class='ocrx_word' id='word_1_259' title='bbox 708 2469 781 2538; x_wconf 86' lang='grc' dir='ltr'><strong><em>μή</em></strong></span> <span class='ocrx_word' id='word_1_260' title='bbox 831 2469 1160 2539; x_wconf 86' lang='grc' dir='ltr'><strong><em>γνωσθῆναι</em></strong></span> <span class='ocrx_word' id='word_1_261' title='bbox 1206 2471 1363 2531; x_wconf 82' lang='grc' dir='ltr'><strong><em>ὅστις</em></strong></span> <span class='ocrx_word' id='word_1_262' title='bbox 1400 2471 1552 2525; x_wconf 82' lang='grc' dir='ltr'><strong><em>ἐστὶν</em></strong></span> <span class='ocrx_word' id='word_1_263' title='bbox 1589 2471 1703 2523; x_wconf 83' lang='grc' dir='ltr'><strong><em>ὑπὸ</em></strong></span> <span class='ocrx_word' id='word_1_264' title='bbox 1751 2475 1855 2520; x_wconf 83' lang='grc' dir='ltr'><strong><em>τοῦ</em></strong></span> <span class='ocrx_word' id='word_1_265' title='bbox 1892 2466 2260 2539; x_wconf 85' lang='grc' dir='ltr'><strong><em>Φιλοκτήτου,</em></strong></span> 
     </span>
     <span class='ocr_line' id='line_1_27' title="bbox 174 2546 2264 2625; baseline 0.002 -25"><span class='ocrx_word' id='word_1_266' title='bbox 174 2552 438 2621; x_wconf 83' lang='grc' dir='ltr'><strong><em>καθάπερ</em></strong></span> <span class='ocrx_word' id='word_1_267' title='bbox 464 2546 708 2623; x_wconf 87' lang='grc' dir='ltr'><strong><em>Ὅμηρος</em></strong></span> <span class='ocrx_word' id='word_1_268' title='bbox 732 2554 963 2620; x_wconf 82' lang='grc' dir='ltr'><strong><em>κάκείνῳ</em></strong></span> <span class='ocrx_word' id='word_1_269' title='bbox 994 2551 1058 2623; x_wconf 78' lang='grc' dir='ltr'><strong><em>δὴ</em></strong></span> <span class='ocrx_word' id='word_1_270' title='bbox 1086 2556 1363 2620; x_wconf 78' lang='grc' dir='ltr'><strong><em>ἑπόμενος</em></strong></span> <span class='ocrx_word' id='word_1_271' title='bbox 1388 2547 1702 2624; x_wconf 75' lang='grc' dir='ltr'><strong><em>Εὐριπίδης</em></strong></span> <span class='ocrx_word' id='word_1_272' title='bbox 1739 2550 2078 2625; x_wconf 85' lang='grc' dir='ltr'><strong><em>[ἐποίησεν]·</em></strong></span> <span class='ocrx_word' id='word_1_273' title='bbox 2119 2555 2264 2605; x_wconf 85' lang='grc' dir='ltr'><strong><em>ὥστε</em></strong></span> 
     </span>
     <span class='ocr_line' id='line_1_28' title="bbox 177 2632 2265 2710; baseline 0.002 -25"><span class='ocrx_word' id='word_1_274' title='bbox 177 2638 337 2701; x_wconf 84' lang='grc' dir='ltr'><strong><em>τυχὸν</em></strong></span> <span class='ocrx_word' id='word_1_275' title='bbox 376 2638 443 2688; x_wconf 80' lang='grc' dir='ltr'><strong><em>ἄν</em></strong></span> <span class='ocrx_word' id='word_1_276' title='bbox 478 2655 566 2699; x_wconf 87' lang='grc' dir='ltr'><strong><em>τις</em></strong></span> <span class='ocrx_word' id='word_1_277' title='bbox 603 2635 897 2706; x_wconf 86' lang='grc' dir='ltr'><strong><em>ἐγκαλέσαι</em></strong></span> <span class='ocrx_word' id='word_1_278' title='bbox 934 2644 1044 2689; x_wconf 82' lang='grc' dir='ltr'><strong><em>τῶν</em></strong></span> <span class='ocrx_word' id='word_1_279' title='bbox 1095 2632 1158 2690; x_wconf 81' lang='grc' dir='ltr'><strong><em>οὗ</em></strong></span> <span class='ocrx_word' id='word_1_280' title='bbox 1200 2637 1516 2709; x_wconf 86' lang='grc' dir='ltr'><strong><em>φιλούντων</em></strong></span> <span class='ocrx_word' id='word_1_281' title='bbox 1563 2642 1661 2693; x_wconf 86' lang='grc' dir='ltr'><strong><em>τὸν</em></strong></span> <span class='ocrx_word' id='word_1_282' title='bbox 1709 2637 1913 2710; x_wconf 79' lang='grc' dir='ltr'><strong><em>ἄνδρα,</em></strong></span> <span class='ocrx_word' id='word_1_283' title='bbox 1964 2642 2052 2693; x_wconf 84' lang='grc' dir='ltr'><strong><em>ὅτι</em></strong></span> <span class='ocrx_word' id='word_1_284' title='bbox 2103 2633 2265 2691; x_wconf 75' lang='grc' dir='ltr'><strong><em>οὐδὲν</em></strong></span> 
     </span>
     <span class='ocr_line' id='line_1_29' title="bbox 179 2715 2262 2793; baseline 0.001 -21"><span class='ocrx_word' id='word_1_285' title='bbox 179 2715 326 2789; x_wconf 71' lang='grc' dir='ltr'><strong><em>αὐτῷ</em></strong></span> <span class='ocrx_word' id='word_1_286' title='bbox 374 2720 640 2793; x_wconf 87' lang='grc' dir='ltr'><strong><em>ἐμέλησεν</em></strong></span> <span class='ocrx_word' id='word_1_287' title='bbox 688 2726 845 2785; x_wconf 85' lang='grc' dir='ltr'><strong><em>ὅπως</em></strong></span> <span class='ocrx_word' id='word_1_288' title='bbox 895 2724 1149 2785; x_wconf 81' lang='grc' dir='ltr'><strong><em>πιθανὸς</em></strong></span> <span class='ocrx_word' id='word_1_289' title='bbox 1205 2725 1368 2777; x_wconf 76' lang='grc' dir='ltr'><strong><em>ἔσται</em></strong></span> <span class='ocrx_word' id='word_1_290' title='bbox 1417 2726 1447 2776; x_wconf 83' lang='grc' dir='ltr'><em>ὁ</em></span> <span class='ocrx_word' id='word_1_291' title='bbox 1489 2718 1787 2786; x_wconf 81' lang='grc' dir='ltr'><strong><em>Ὀδυσσεύς</em></strong></span> <span class='ocrx_word' id='word_1_292' title='bbox 1838 2718 1898 2775; x_wconf 70' lang='grc' dir='ltr'><strong><em>οἱ</em></strong></span> <span class='ocrx_word' id='word_1_293' title='bbox 1964 2727 2262 2792; x_wconf 87' lang='grc' dir='ltr'><strong><em>γιγνωσκό-</em></strong></span> 
     </span>
    </p>
   </div>
   <div class='ocr_carea' id='block_1_3' title="bbox 0 2362 12 2687">
    <p class='ocr_par' dir='ltr' id='par_1_21' title="bbox 0 2362 12 2687">
     <span class='ocr_line' id='line_1_30' title="bbox 0 2362 12 2687; baseline 0 1453"><span class='ocrx_word' id='word_1_294' title='bbox 0 2362 12 2687; x_wconf 95' lang='lat' dir='ltr'><strong><em> </em></strong></span> 
     </span>
    </p>
   </div>
   <div class='ocr_carea' id='block_1_4' title="bbox 173 2897 2265 3812">
    <p class='ocr_par' dir='ltr' id='par_1_22' title="bbox 173 2897 2265 3812">
     <span class='ocr_line' id='line_1_31' title="bbox 325 2897 2260 2964; baseline 0.001 -19"><span class='ocrx_word' id='word_1_295' title='bbox 325 2906 339 2945; x_wconf 88' lang='lat'>1</span> <span class='ocrx_word' id='word_1_296' title='bbox 376 2903 654 2959; x_wconf 85' lang='grc' dir='ltr'><strong><em>φιλοκτίτου</em></strong></span> <span class='ocrx_word' id='word_1_297' title='bbox 683 2903 726 2949; x_wconf 92' lang='lat' dir='ltr'><strong>U</strong></span> <span class='ocrx_word' id='word_1_298' title='bbox 753 2917 811 2948; x_wconf 89' lang='lat' dir='ltr'><strong><em>m.</em></strong></span> <span class='ocrx_word' id='word_1_299' title='bbox 833 2917 900 2960; x_wconf 88' lang='lat' dir='ltr'><strong><em>pr.</em></strong></span> <span class='ocrx_word' id='word_1_300' title='bbox 1065 2897 1288 2960; x_wconf 77' lang='grc' dir='ltr'><strong><em>ἁρπαγὴν</em></strong></span> <span class='ocrx_word' id='word_1_301' title='bbox 1317 2901 1480 2958; x_wconf 81' lang='lat' dir='ltr'>scripsi</span> <span class='ocrx_word' id='word_1_302' title='bbox 1508 2904 1562 2946; x_wconf 82' lang='lat' dir='ltr'><strong><em>ut</em></strong></span> <span class='ocrx_word' id='word_1_303' title='bbox 1589 2902 1721 2957; x_wconf 86' lang='lat' dir='ltr'>vulgo</span> <span class='ocrx_word' id='word_1_304' title='bbox 1750 2905 1857 2946; x_wconf 82' lang='lat' dir='ltr'><strong>ante</strong></span> <span class='ocrx_word' id='word_1_305' title='bbox 1886 2902 2037 2959; x_wconf 86' lang='lat' dir='ltr'>Emp.,</span> <span class='ocrx_word' id='word_1_306' title='bbox 2067 2899 2260 2964; x_wconf 79' lang='grc' dir='ltr'><strong><em>ἁρπαγὴ</em></strong></span> 
     </span>
     <span class='ocr_line' id='line_1_32' title="bbox 173 2966 2149 3034; baseline 0.002 -18"><span class='ocrx_word' id='word_1_307' title='bbox 173 2970 278 3016; x_wconf 88' lang='lat' dir='ltr'>libri</span> <span class='ocrx_word' id='word_1_308' title='bbox 421 2976 446 3017; x_wconf 85' lang='lat'>2</span> <span class='ocrx_word' id='word_1_309' title='bbox 476 2968 795 3034; x_wconf 77' lang='grc' dir='ltr'><strong><em>ἀφηιρημένος</em></strong></span> <span class='ocrx_word' id='word_1_310' title='bbox 825 2973 905 3019; x_wconf 90' lang='lat' dir='ltr'><strong><em>BU</em></strong></span> <span class='ocrx_word' id='word_1_311' title='bbox 933 2974 997 3027; x_wconf 88' lang='lat' dir='ltr'>(in</span> <span class='ocrx_word' id='word_1_312' title='bbox 1026 2986 1138 3027; x_wconf 78' lang='lat' dir='ltr'><strong>mrg.</strong></span> <span class='ocrx_word' id='word_1_313' title='bbox 1168 2989 1241 3032; x_wconf 85' lang='grc' dir='ltr'><strong><em>γρ.</em></strong></span> <span class='ocrx_word' id='word_1_314' title='bbox 1273 2966 1646 3031; x_wconf 76' lang='grc' dir='ltr'><strong><em>ἀφαιρούμενος)</em></strong></span> <span class='ocrx_word' id='word_1_315' title='bbox 1781 2975 1806 3016; x_wconf 89' lang='grc'><strong>3</strong></span> <span class='ocrx_word' id='word_1_316' title='bbox 1838 2971 1924 3031; x_wconf 83' lang='grc' dir='ltr'><strong><em>τὴν</em></strong></span> <span class='ocrx_word' id='word_1_317' title='bbox 1953 2986 2036 3017; x_wconf 90' lang='lat' dir='ltr'><strong><em>om.</em></strong></span> <span class='ocrx_word' id='word_1_318' title='bbox 2068 2975 2149 3019; x_wconf 92' lang='lat' dir='ltr'><strong><em>PH</em></strong></span> 
     </span>
     <span class='ocr_line' id='line_1_33' title="bbox 176 3037 2148 3104; baseline 0.002 -18"><span class='ocrx_word' id='word_1_319' title='bbox 176 3046 203 3086; x_wconf 88' lang='grc'>4</span> <span class='ocrx_word' id='word_1_320' title='bbox 233 3038 366 3090; x_wconf 78' lang='grc' dir='ltr'><strong><em>ὄῖκων</em></strong></span> <span class='ocrx_word' id='word_1_321' title='bbox 393 3044 513 3101; x_wconf 84' lang='lat' dir='ltr'>libri,</span> <span class='ocrx_word' id='word_1_322' title='bbox 542 3057 659 3090; x_wconf 78' lang='lat' dir='ltr'><strong>corr.</strong></span> <span class='ocrx_word' id='word_1_323' title='bbox 690 3044 904 3090; x_wconf 84' lang='lat' dir='ltr'>Welcker</span> <span class='ocrx_word' id='word_1_324' title='bbox 931 3044 1051 3088; x_wconf 82' lang='lat' dir='ltr'>Mus.</span> <span class='ocrx_word' id='word_1_325' title='bbox 1081 3043 1224 3087; x_wconf 83' lang='lat' dir='ltr'><strong>Rhen.</strong></span> <span class='ocrx_word' id='word_1_326' title='bbox 1254 3042 1297 3087; x_wconf 88' lang='lat' dir='ltr'><strong>V</strong></span> <span class='ocrx_word' id='word_1_327' title='bbox 1326 3045 1408 3087; x_wconf 83' lang='lat'><strong><em>478</em></strong></span> <span class='ocrx_word' id='word_1_328' title='bbox 1548 3047 1572 3086; x_wconf 90' lang='grc'>5</span> <span class='ocrx_word' id='word_1_329' title='bbox 1605 3037 1735 3104; x_wconf 76' lang='grc' dir='ltr'><strong><em>αὐτῷ</em></strong></span> <span class='ocrx_word' id='word_1_330' title='bbox 1761 3044 1877 3102; x_wconf 82' lang='grc' dir='ltr'><strong><em>βίον</em></strong></span> <span class='ocrx_word' id='word_1_331' title='bbox 1904 3048 2079 3100; x_wconf 79' lang='lat' dir='ltr'>transp.</span> <span class='ocrx_word' id='word_1_332' title='bbox 2111 3046 2148 3090; x_wconf 93' lang='lat' dir='ltr'>P</span> 
     </span>
     <span class='ocr_line' id='line_1_34' title="bbox 178 3109 2258 3177; baseline 0.002 -17"><span class='ocrx_word' id='word_1_333' title='bbox 178 3115 227 3161; x_wconf 81' lang='grc' dir='ltr'><strong><em>δὲ</em></strong></span> <span class='ocrx_word' id='word_1_334' title='bbox 255 3117 335 3160; x_wconf 78' lang='grc' dir='ltr'><strong><em>καὶ</em></strong></span> <span class='ocrx_word' id='word_1_335' title='bbox 364 3114 400 3158; x_wconf 90' lang='grc' dir='ltr'>Ρ</span> <span class='ocrx_word' id='word_1_336' title='bbox 538 3118 565 3159; x_wconf 88' lang='grc'><strong>6</strong></span> <span class='ocrx_word' id='word_1_337' title='bbox 594 3111 724 3177; x_wconf 85' lang='grc' dir='ltr'><strong><em>νόσῳ</em></strong></span> <span class='ocrx_word' id='word_1_338' title='bbox 751 3117 799 3170; x_wconf 89' lang='grc' dir='ltr'><strong><em>(ο</em></strong></span> <span class='ocrx_word' id='word_1_339' title='bbox 828 3127 857 3159; x_wconf 74' lang='lat' dir='ltr'><strong><em>a.</em></strong></span> <span class='ocrx_word' id='word_1_340' title='bbox 887 3117 1021 3163; x_wconf 72' lang='lat' dir='ltr'><strong>corr.)</strong></span> <span class='ocrx_word' id='word_1_341' title='bbox 1051 3113 1091 3158; x_wconf 89' lang='lat' dir='ltr'>U</span> <span class='ocrx_word' id='word_1_342' title='bbox 1121 3109 1248 3171; x_wconf 81' lang='grc' dir='ltr'><strong><em>νήσω</em></strong></span> <span class='ocrx_word' id='word_1_343' title='bbox 1278 3112 1315 3156; x_wconf 90' lang='grc' dir='ltr'><strong>Ρ</strong></span> <span class='ocrx_word' id='word_1_344' title='bbox 1433 3110 1619 3163; x_wconf 71' lang='grc' dir='ltr'><strong><em>εὔκλεια</em></strong></span> <span class='ocrx_word' id='word_1_345' title='bbox 1648 3113 1732 3160; x_wconf 86' lang='lat' dir='ltr'><strong><em>BU</em></strong></span> <span class='ocrx_word' id='word_1_346' title='bbox 1760 3127 1819 3160; x_wconf 89' lang='lat' dir='ltr'><strong><em>m.</em></strong></span> <span class='ocrx_word' id='word_1_347' title='bbox 1848 3127 1917 3170; x_wconf 87' lang='lat' dir='ltr'><strong><em>pr.</em></strong></span> <span class='ocrx_word' id='word_1_348' title='bbox 2033 3118 2062 3160; x_wconf 83' lang='lat'>8</span> <span class='ocrx_word' id='word_1_349' title='bbox 2089 3113 2258 3176; x_wconf 80' lang='grc' dir='ltr'><strong><em>ἀγωνι-</em></strong></span> 
     </span>
     <span class='ocr_line' id='line_1_35' title="bbox 177 3176 2265 3243; baseline 0.002 -12"><span class='ocrx_word' id='word_1_350' title='bbox 177 3185 391 3242; x_wconf 82' lang='grc' dir='ltr'><strong><em>ζομένων</em></strong></span> <span class='ocrx_word' id='word_1_351' title='bbox 419 3185 456 3231; x_wconf 86' lang='grc' dir='ltr'>Ρ</span> <span class='ocrx_word' id='word_1_352' title='bbox 643 3189 693 3232; x_wconf 84' lang='lat'><strong><em>12</em></strong></span> <span class='ocrx_word' id='word_1_353' title='bbox 724 3182 781 3232; x_wconf 86' lang='grc' dir='ltr'><strong><em>τὸ</em></strong></span> <span class='ocrx_word' id='word_1_354' title='bbox 813 3179 931 3234; x_wconf 77' lang='grc' dir='ltr'><strong><em>αὐτὸ</em></strong></span> <span class='ocrx_word' id='word_1_355' title='bbox 963 3184 1043 3230; x_wconf 87' lang='lat' dir='ltr'><strong><em>BU</em></strong></span> <span class='ocrx_word' id='word_1_356' title='bbox 1071 3197 1131 3229; x_wconf 91' lang='lat' dir='ltr'><strong><em>m.</em></strong></span> <span class='ocrx_word' id='word_1_357' title='bbox 1152 3196 1220 3241; x_wconf 85' lang='lat' dir='ltr'><strong><em>pr.</em></strong></span> <span class='ocrx_word' id='word_1_358' title='bbox 1392 3176 1789 3243; x_wconf 77' lang='grc' dir='ltr'><strong><em>ἀντηγωνήσαντο</em></strong></span> <span class='ocrx_word' id='word_1_359' title='bbox 1822 3186 1859 3231; x_wconf 90' lang='grc' dir='ltr'>Β</span> <span class='ocrx_word' id='word_1_360' title='bbox 2043 3191 2094 3232; x_wconf 83' lang='grc'><strong><em>16</em></strong></span> <span class='ocrx_word' id='word_1_361' title='bbox 2125 3186 2265 3238; x_wconf 77' lang='grc' dir='ltr'><strong><em>οὐδὲν·</em></strong></span> 
     </span>
     <span class='ocr_line' id='line_1_36' title="bbox 176 3250 2260 3318; baseline 0.003 -17"><span class='ocrx_word' id='word_1_362' title='bbox 176 3250 311 3313; x_wconf 80' lang='grc' dir='ltr'><strong><em>(οὐδ’</em></strong></span> <span class='ocrx_word' id='word_1_363' title='bbox 341 3255 490 3313; x_wconf 81' lang='grc' dir='ltr'><strong><em>ἐμ&gt;οὗ</em></strong></span> <span class='ocrx_word' id='word_1_364' title='bbox 518 3272 571 3315; x_wconf 89' lang='grc' dir='ltr'><strong><em>γε</em></strong></span> <span class='ocrx_word' id='word_1_365' title='bbox 602 3253 762 3304; x_wconf 74' lang='grc' dir='ltr'><strong><em>ἕνεκεν</em></strong></span> <span class='ocrx_word' id='word_1_366' title='bbox 790 3255 952 3313; x_wconf 75' lang='lat' dir='ltr'>scripsi</span> <span class='ocrx_word' id='word_1_367' title='bbox 1140 3258 1192 3301; x_wconf 85' lang='lat'><strong><em>18</em></strong></span> <span class='ocrx_word' id='word_1_368' title='bbox 1230 3252 1298 3301; x_wconf 77' lang='grc' dir='ltr'><strong><em>ἔτι</em></strong></span> <span class='ocrx_word' id='word_1_369' title='bbox 1337 3254 1387 3302; x_wconf 85' lang='grc' dir='ltr'><strong><em>δὲ</em></strong></span> <span class='ocrx_word' id='word_1_370' title='bbox 1415 3257 1497 3301; x_wconf 81' lang='grc' dir='ltr'><strong><em>καὶ</em></strong></span> <span class='ocrx_word' id='word_1_371' title='bbox 1525 3255 1607 3301; x_wconf 84' lang='grc' dir='ltr'><strong><em>ΡΗ</em></strong></span> <span class='ocrx_word' id='word_1_372' title='bbox 1777 3259 1835 3301; x_wconf 85' lang='grc'><strong><em>20</em></strong></span> <span class='ocrx_word' id='word_1_373' title='bbox 1864 3251 2000 3306; x_wconf 71' lang='grc' dir='ltr'><strong><em>οὐδὲν</em></strong></span> <span class='ocrx_word' id='word_1_374' title='bbox 2027 3255 2260 3318; x_wconf 74' lang='grc' dir='ltr'><strong><em>(ἔχοντα)</em></strong></span> 
     </span>
     <span class='ocr_line' id='line_1_37' title="bbox 180 3323 2259 3386; baseline 0.002 -14"><span class='ocrx_word' id='word_1_375' title='bbox 180 3327 232 3374; x_wconf 85' lang='lat' dir='ltr'><strong><em>G.</em></strong></span> <span class='ocrx_word' id='word_1_376' title='bbox 253 3326 481 3373; x_wconf 80' lang='lat' dir='ltr'><strong>Hermann</strong></span> <span class='ocrx_word' id='word_1_377' title='bbox 596 3330 646 3372; x_wconf 82' lang='lat'><strong><em>21</em></strong></span> <span class='ocrx_word' id='word_1_378' title='bbox 681 3326 866 3386; x_wconf 80' lang='grc' dir='ltr'><strong><em>εἰσῆγεν</em></strong></span> <span class='ocrx_word' id='word_1_379' title='bbox 894 3325 935 3372; x_wconf 90' lang='lat' dir='ltr'>U</span> <span class='ocrx_word' id='word_1_380' title='bbox 962 3339 1021 3371; x_wconf 82' lang='lat' dir='ltr'><strong><em>m.</em></strong></span> <span class='ocrx_word' id='word_1_381' title='bbox 1050 3339 1120 3383; x_wconf 87' lang='lat' dir='ltr'><strong><em>pr.</em></strong></span> <span class='ocrx_word' id='word_1_382' title='bbox 1150 3329 1194 3380; x_wconf 88' lang='grc' dir='ltr'><strong><em>(ν</em></strong></span> <span class='ocrx_word' id='word_1_383' title='bbox 1223 3329 1416 3378; x_wconf 79' lang='lat' dir='ltr'><strong>erasum)</strong></span> <span class='ocrx_word' id='word_1_384' title='bbox 1531 3323 1667 3386; x_wconf 79' lang='grc' dir='ltr'><strong><em>δριμύ</em></strong></span> <span class='ocrx_word' id='word_1_385' title='bbox 1687 3326 1736 3370; x_wconf 86' lang='grc' dir='ltr'><strong>Μ</strong></span> <span class='ocrx_word' id='word_1_386' title='bbox 1766 3327 1862 3381; x_wconf 78' lang='lat' dir='ltr'><strong>(sed</strong></span> <span class='ocrx_word' id='word_1_387' title='bbox 1890 3333 1995 3386; x_wconf 80' lang='lat' dir='ltr'>post</span> <span class='ocrx_word' id='word_1_388' title='bbox 2023 3347 2050 3376; x_wconf 91' lang='grc' dir='ltr'><strong><em>υ</em></strong></span> <span class='ocrx_word' id='word_1_389' title='bbox 2079 3336 2259 3383; x_wconf 75' lang='lat' dir='ltr'><strong>rasura.)</strong></span> 
     </span>
     <span class='ocr_line' id='line_1_38' title="bbox 179 3390 2262 3461; baseline 0.003 -19"><span class='ocrx_word' id='word_1_390' title='bbox 179 3401 231 3442; x_wconf 85' lang='lat'><strong><em>22</em></strong></span> <span class='ocrx_word' id='word_1_391' title='bbox 263 3393 328 3452; x_wconf 80' lang='grc' dir='ltr'><strong><em>ὡς</em></strong></span> <span class='ocrx_word' id='word_1_392' title='bbox 357 3411 442 3443; x_wconf 89' lang='lat' dir='ltr'><strong><em>om.</em></strong></span> <span class='ocrx_word' id='word_1_393' title='bbox 474 3397 555 3442; x_wconf 89' lang='lat' dir='ltr'><strong><em>PH</em></strong></span> <span class='ocrx_word' id='word_1_394' title='bbox 695 3398 961 3456; x_wconf 74' lang='grc' dir='ltr'><strong><em>κακοηθίας</em></strong></span> <span class='ocrx_word' id='word_1_395' title='bbox 990 3397 1038 3441; x_wconf 88' lang='grc' dir='ltr'><strong>Μ</strong></span> <span class='ocrx_word' id='word_1_396' title='bbox 1181 3400 1235 3443; x_wconf 74' lang='grc'><strong><em>23</em></strong></span> <span class='ocrx_word' id='word_1_397' title='bbox 1265 3390 1483 3456; x_wconf 79' lang='grc' dir='ltr'><strong><em>ἀρχαίων</em></strong></span> <span class='ocrx_word' id='word_1_398' title='bbox 1511 3397 1554 3443; x_wconf 90' lang='lat' dir='ltr'>U</span> <span class='ocrx_word' id='word_1_399' title='bbox 1582 3411 1641 3443; x_wconf 91' lang='lat' dir='ltr'><strong><em>m.</em></strong></span> <span class='ocrx_word' id='word_1_400' title='bbox 1671 3412 1740 3455; x_wconf 88' lang='lat' dir='ltr'><strong><em>pr.</em></strong></span> <span class='ocrx_word' id='word_1_401' title='bbox 1893 3403 1949 3446; x_wconf 86' lang='lat'><strong><em>24</em></strong></span> <span class='ocrx_word' id='word_1_402' title='bbox 1974 3400 2023 3446; x_wconf 90' lang='lat' dir='ltr'>in</span> <span class='ocrx_word' id='word_1_403' title='bbox 2052 3399 2262 3461; x_wconf 72' lang='grc' dir='ltr'><strong><em>μεγαλό·</em></strong></span> 
     </span>
     <span class='ocr_line' id='line_1_39' title="bbox 178 3466 2259 3532; baseline 0.001 -17"><span class='ocrx_word' id='word_1_404' title='bbox 178 3485 362 3528; x_wconf 84' lang='grc' dir='ltr'><strong><em>φρονας</em></strong></span> <span class='ocrx_word' id='word_1_405' title='bbox 390 3468 525 3513; x_wconf 85' lang='lat' dir='ltr'>finale</span> <span class='ocrx_word' id='word_1_406' title='bbox 556 3483 584 3515; x_wconf 91' lang='grc' dir='ltr'><strong><em>σ</em></strong></span> <span class='ocrx_word' id='word_1_407' title='bbox 614 3471 834 3525; x_wconf 80' lang='lat' dir='ltr'>expunxit</span> <span class='ocrx_word' id='word_1_408' title='bbox 861 3468 899 3514; x_wconf 93' lang='lat' dir='ltr'>U</span> <span class='ocrx_word' id='word_1_409' title='bbox 1045 3471 1098 3513; x_wconf 86' lang='lat'><strong><em>25</em></strong></span> <span class='ocrx_word' id='word_1_410' title='bbox 1128 3469 1405 3526; x_wconf 79' lang='grc' dir='ltr'><strong><em>φιλοκτίτου</em></strong></span> <span class='ocrx_word' id='word_1_411' title='bbox 1435 3468 1475 3514; x_wconf 91' lang='lat' dir='ltr'><strong>U</strong></span> <span class='ocrx_word' id='word_1_412' title='bbox 1504 3482 1561 3513; x_wconf 91' lang='lat' dir='ltr'><strong><em>m.</em></strong></span> <span class='ocrx_word' id='word_1_413' title='bbox 1592 3483 1658 3526; x_wconf 84' lang='lat' dir='ltr'><strong><em>pr.</em></strong></span> <span class='ocrx_word' id='word_1_414' title='bbox 1821 3474 1875 3516; x_wconf 83' lang='lat'><strong><em>26</em></strong></span> <span class='ocrx_word' id='word_1_415' title='bbox 1906 3466 2105 3520; x_wconf 76' lang='grc' dir='ltr'><strong><em>κάκεῖνο</em></strong></span> <span class='ocrx_word' id='word_1_416' title='bbox 2135 3471 2188 3532; x_wconf 70' lang='grc' dir='ltr'><em>δὴ</em></span> <span class='ocrx_word' id='word_1_417' title='bbox 2222 3473 2259 3517; x_wconf 92' lang='grc' dir='ltr'>Β</span> 
     </span>
     <span class='ocr_line' id='line_1_40' title="bbox 177 3534 2259 3600; baseline 0.001 -14"><span class='ocrx_word' id='word_1_418' title='bbox 177 3534 369 3587; x_wconf 77' lang='grc' dir='ltr'><strong><em>κάκεῖνο</em></strong></span> <span class='ocrx_word' id='word_1_419' title='bbox 401 3540 450 3586; x_wconf 79' lang='grc' dir='ltr'><strong><em>δὲ</em></strong></span> <span class='ocrx_word' id='word_1_420' title='bbox 477 3541 614 3596; x_wconf 87' lang='lat' dir='ltr'><strong>(quod</strong></span> <span class='ocrx_word' id='word_1_421' title='bbox 642 3540 836 3588; x_wconf 78' lang='lat' dir='ltr'><strong>fortasse</strong></span> <span class='ocrx_word' id='word_1_422' title='bbox 865 3552 890 3584; x_wconf 84' lang='lat' dir='ltr'>e</span> <span class='ocrx_word' id='word_1_423' title='bbox 920 3542 992 3587; x_wconf 79' lang='grc' dir='ltr'><strong><em>δεῖ</em></strong></span> <span class='ocrx_word' id='word_1_424' title='bbox 1019 3542 1284 3594; x_wconf 79' lang='lat' dir='ltr'><strong>correctum)</strong></span> <span class='ocrx_word' id='word_1_425' title='bbox 1315 3538 1354 3584; x_wconf 89' lang='lat' dir='ltr'>U</span> <span class='ocrx_word' id='word_1_426' title='bbox 1470 3543 1520 3584; x_wconf 87' lang='lat'><strong><em>27</em></strong></span> <span class='ocrx_word' id='word_1_427' title='bbox 1552 3538 1776 3600; x_wconf 78' lang='grc' dir='ltr'><strong><em>ἐποίησεν</em></strong></span> <span class='ocrx_word' id='word_1_428' title='bbox 1806 3555 1891 3589; x_wconf 84' lang='lat' dir='ltr'><strong><em>om.</em></strong></span> <span class='ocrx_word' id='word_1_429' title='bbox 1924 3542 2055 3589; x_wconf 89' lang='lat' dir='ltr'><strong><em>MBU</em></strong></span> <span class='ocrx_word' id='word_1_430' title='bbox 2087 3544 2184 3599; x_wconf 77' lang='lat' dir='ltr'><strong>(sed</strong></span> <span class='ocrx_word' id='word_1_431' title='bbox 2210 3543 2259 3589; x_wconf 89' lang='lat' dir='ltr'>in</span> 
     </span>
     <span class='ocr_line' id='line_1_41' title="bbox 177 3608 2258 3672; baseline 0.001 -15"><span class='ocrx_word' id='word_1_432' title='bbox 177 3624 286 3667; x_wconf 84' lang='lat' dir='ltr'><strong>mrg.</strong></span> <span class='ocrx_word' id='word_1_433' title='bbox 318 3611 436 3665; x_wconf 81' lang='lat' dir='ltr'>add.)</span> <span class='ocrx_word' id='word_1_434' title='bbox 468 3611 679 3658; x_wconf 82' lang='lat' dir='ltr'>cancellis</span> <span class='ocrx_word' id='word_1_435' title='bbox 707 3611 898 3661; x_wconf 83' lang='lat' dir='ltr'>includit</span> <span class='ocrx_word' id='word_1_436' title='bbox 940 3611 992 3656; x_wconf 89' lang='lat' dir='ltr'><strong><em>T.</em></strong></span> <span class='ocrx_word' id='word_1_437' title='bbox 1023 3608 1248 3669; x_wconf 76' lang='grc' dir='ltr'><strong><em>ἐποίησεν</em></strong></span> <span class='ocrx_word' id='word_1_438' title='bbox 1277 3623 1302 3655; x_wconf 87' lang='lat' dir='ltr'><strong>e</strong></span> <span class='ocrx_word' id='word_1_439' title='bbox 1341 3611 1603 3658; x_wconf 80' lang='lat' dir='ltr'>coniectura</span> <span class='ocrx_word' id='word_1_440' title='bbox 1640 3612 1810 3658; x_wconf 80' lang='lat' dir='ltr'>librarii</span> <span class='ocrx_word' id='word_1_441' title='bbox 1839 3614 1919 3658; x_wconf 90' lang='lat' dir='ltr'><strong><em>PH</em></strong></span> <span class='ocrx_word' id='word_1_442' title='bbox 1948 3619 2094 3660; x_wconf 85' lang='lat' dir='ltr'><strong>ortum</strong></span> <span class='ocrx_word' id='word_1_443' title='bbox 2124 3619 2258 3672; x_wconf 80' lang='lat' dir='ltr'>put03</span> 
     </span>
     <span class='ocr_line' id='line_1_42' title="bbox 178 3677 2259 3745; baseline 0.004 -21"><span class='ocrx_word' id='word_1_444' title='bbox 178 3681 384 3738; x_wconf 75' lang='lat' dir='ltr'>praefero</span> <span class='ocrx_word' id='word_1_445' title='bbox 415 3677 565 3728; x_wconf 83' lang='grc' dir='ltr'><strong><em>αὐτὸν</em></strong></span> <span class='ocrx_word' id='word_1_446' title='bbox 594 3685 701 3738; x_wconf 84' lang='lat' dir='ltr'>post</span> <span class='ocrx_word' id='word_1_447' title='bbox 729 3684 1004 3741; x_wconf 77' lang='grc' dir='ltr'><strong><em>γνωσθῆναι</em></strong></span> <span class='ocrx_word' id='word_1_448' title='bbox 1032 3680 1250 3726; x_wconf 80' lang='lat' dir='ltr'>insertum</span> <span class='ocrx_word' id='word_1_449' title='bbox 1396 3684 1452 3725; x_wconf 83' lang='lat'><strong><em>28</em></strong></span> <span class='ocrx_word' id='word_1_450' title='bbox 1483 3677 1539 3730; x_wconf 78' lang='grc' dir='ltr'><strong><em>οὗ</em></strong></span> <span class='ocrx_word' id='word_1_451' title='bbox 1568 3681 1924 3741; x_wconf 83' lang='grc' dir='ltr'><strong><em>γινωσκόμενος</em></strong></span> <span class='ocrx_word' id='word_1_452' title='bbox 1954 3685 2034 3730; x_wconf 89' lang='grc' dir='ltr'><strong><em>ΡΗ</em></strong></span> <span class='ocrx_word' id='word_1_453' title='bbox 2065 3681 2122 3733; x_wconf 82' lang='grc' dir='ltr'><strong><em>οὗ</em></strong></span> <span class='ocrx_word' id='word_1_454' title='bbox 2154 3702 2259 3745; x_wconf 86' lang='grc' dir='ltr'><strong><em>συγ-</em></strong></span> 
     </span>
     <span class='ocr_line' id='line_1_43' title="bbox 178 3748 1429 3812; baseline 0.002 -15"><span class='ocrx_word' id='word_1_455' title='bbox 178 3748 531 3810; x_wconf 79' lang='grc' dir='ltr'><strong><em>γινωσκόμενος</em></strong></span> <span class='ocrx_word' id='word_1_456' title='bbox 561 3754 692 3800; x_wconf 90' lang='lat' dir='ltr'><strong><em>MBU</em></strong></span> <span class='ocrx_word' id='word_1_457' title='bbox 723 3754 783 3807; x_wconf 85' lang='lat' dir='ltr'>(in</span> <span class='ocrx_word' id='word_1_458' title='bbox 812 3753 899 3797; x_wconf 88' lang='lat' dir='ltr'><strong><em>hoc</em></strong></span> <span class='ocrx_word' id='word_1_459' title='bbox 931 3767 1018 3812; x_wconf 88' lang='grc' dir='ltr'><strong><em>συγ</em></strong></span> <span class='ocrx_word' id='word_1_460' title='bbox 1048 3752 1263 3809; x_wconf 80' lang='lat' dir='ltr'>expunxit</span> <span class='ocrx_word' id='word_1_461' title='bbox 1292 3755 1429 3806; x_wconf 85' lang='lat' dir='ltr'><strong>corr.)</strong></span> 
     </span>
    </p>
   </div>
  </div>
 </body>
</html>
