2684 4140
434 229 538 282 222
1126 219 1332 266 moms
1363 218 1448 271 DE
1477 217 1835 266 LIBERTATE
2664 267 2677 302 ἃ

431 370 732 430 τοιούτων,
780 365 924 434 ὑπὲρ
965 364 1040 418 ὧν
1078 365 1270 429 ἔχουσι
1317 364 1416 434 τὴν
1457 367 1644 414 πᾶσαν
1685 362 1937 436 σπουδὴν
1985 366 2081 416 καὶ
2117 358 2214 436 ἐφ’
2259 366 2345 428 οἷς
2382 367 2526 420 θαυ-

427 449 700 519 μάζουσιν
739 451 795 500 οἱ
833 446 1039 502 πολλοὶ
1075 450 1206 510 τοὺς
1253 452 1644 517 κεκτημένους,
1696 447 1856 500 οὐδέν
1904 451 2059 501 ἐστιν
2110 448 2343 521 ὄφελος,
2394 444 2519 503 ἀλλ’

429 535 692 602 οὐδεμιᾶς
729 532 862 598 ἄξια
903 532 1150 604 δραχμῆς
1187 534 1255 584 τὰ
1298 536 1628 600 σύμπαντα·
1671 526 1792 586 οὐδ’
1837 536 1904 586 ἂν
1929 539 2178 602 γένοιντο
2217 537 2527 604 ἄνθρωποί

425 638 570 672 ποτε
617 618 945 686 εὐδαίμονες
993 621 1226 690 ἀνόητοι
1271 621 1366 671 καὶ
1415 620 1690 690 ἄφρονες,
1741 612 1862 672 οὐδ’
1917 622 1984 672 ἂν
2033 623 2130 673 τὸν
2179 622 2237 672 ἐν
2283 623 2525 684 Σούσοις

424 702 776 776 παράδεισον
816 706 1146 775 οἰκήσωσιν,
1178 705 1241 766 ὃς
1277 701 1360 774 ἦν,
1402 705 1478 766 ὥς
1518 719 1680 775 φασι,
1717 709 2001 776 μετέωρος
2040 709 2209 769 ἅπας.
2555 715 2580 758 5

2668 379 2677 415 ξ

2667 415 2677 443 -ἱ

1315 919 1638 926 ——-—-.—...

491 1156 613 1222 (63)
663 1153 853 1221 ΤΩΝ
899 1154 1026 1222 EN
1077 1154 1510 1223 ΚΙΛΙΚΙΑΙ
1555 1155 1785 1224 ΠΕΡΙ
1830 1155 2442 1225 ΕΛΕΥΘΕΡΙΑΣ.
2546 1174 2626 1217 (466
2647 1174 2681 1213 13

1411 1301 1571 1310 .—-

351 1408 376 1457 1
558 1392 739 1466 Ὑμεῖς
774 1401 876 1467 μὲν
916 1399 1056 1463 ἴσως
1092 1398 1415 1468 θαυμάζετε
1450 1403 1545 1454 καὶ
1583 1400 1910 1472 παράδοξον
1947 1404 2183 1472 ἡγεῖσθε
2217 1404 2313 1456 καὶ
2357 1402 2520 1456 οὐδα-

413 1482 536 1550 μῶς
578 1492 1009 1555 σωφρονοῦντος
1058 1485 1290 1556 ἀνδρός,
1341 1490 1500 1550 ὅστις
1547 1489 1815 1540 ἁπάντων
1865 1490 2158 1553 ἀποστάς,
2207 1491 2341 1560 περὶ
2391 1491 2426 1541 ἃ
2465 1492 2521 1541 οἱ

414 1567 621 1622 πολλοὶ
660 1567 1073 1635 σπουδάζουσι,
1118 1574 1212 1623 καὶ
1249 1575 1464 1642 τρόπον
1502 1574 1628 1624 τινὰ
1667 1575 1842 1636 ἐάσας
1877 1575 2018 1626 κατὰ
2056 1577 2192 1645 ῥοῦν
2232 1576 2520 1645 φέρεσθαι

405 1656 665 1725 χρήματά
693 1674 752 1707 τε
789 1658 884 1707 καὶ
911 1654 1079 1720 δόξας
1103 1659 1198 1709 καὶ
1222 1656 1443 1725 ἡδονάς,
1485 1659 1612 1710 οὔτε
1637 1661 1880 1729 γεωργὸς
1901 1661 2029 1710 οὔτε
2054 1658 2360 1730 ναύκληρος
2389 1661 2516 1711 οὔτε

410 1743 760 1811 στρατιώτης
781 1742 906 1794 οὔτε
940 1745 1250 1812 στρατηγὸς
1284 1745 1583 1813 περίεισιν,
1613 1737 1678 1795 οὐ
1704 1747 2046 1811 σκυτοτόμος
2073 1747 2136 1796 ού
2162 1749 2384 1810 τέκτων,
2414 1748 2510 1797 οὐκ
2549 1753 2596 1795 11)

408 1825 619 1893 ἰατρός,
662 1827 726 1877 ού
763 1828 968 1897 ῥήτωρ,
1010 1828 1107 1878 οὐκ
1143 1824 1281 1878 ἄλλο
1321 1846 1379 1879 τι
1418 1829 1663 1899 σύνηθες
1707 1835 1939 1899 πρᾶγμα
1978 1829 2128 1881 ποιεῖ
2133 1848 2179 1894 ν,
2220 1832 2433 1883 οὑτωσὶ,
2455 1830 2514 1884 δὲ
2541 1841 2677 1884 (66611

406 1912 639 1973 ἀτόπως
660 1914 762 1964 ἰών
781 1930 841 1963 τε
858 1914 953 1964 καὶ
971 1913 1161 1964 ἀπιὼν
1179 1914 1274 1964 καὶ
1294 1916 1734 1983 παριστάμενος,
1755 1916 1900 1967 ἔνθα
1915 1913 2090 1986 μηδὲν
2112 1916 2264 1984 αὐτῷ
2284 1919 2511 1986 πρᾶγμά

338 2004 371 2054 2
410 1998 582 2061 ἐστιν,
622 1991 749 2048 ἀλλ’
793 1999 870 2059 ὡς
896 1999 963 2048 ἂν
990 2000 1122 2067 τύχῃ
1149 2015 1210 2050 τε
1234 1999 1329 2050 καὶ
1355 2000 1570 2069 ὁρμήσῃ
1588 2010 1600 2024 ·
1637 1997 2008 2071 βουλευτήρια
2046 2003 2147 2067 μὲν
2171 2003 2267 2053 καὶ
2291 2002 2512 2071 θέατρα

404 2083 500 2133 καὶ
541 2080 844 2150 συλλόγους
882 2084 1182 2149 ἀτιμάσας,
1224 2081 1600 2154 ἐκκλησιάζων
1640 2083 1699 2137 δὲ
1726 2089 1900 2152 μόνος
1927 2089 2120 2149 αύτός·
2157 2089 2254 2139 καὶ
2276 2086 2482 2158 θεωρεῖ
2486 2106 2515 2139 ν

405 2168 502 2218 οὐκ
540 2169 910 2237 ὀρχουμένους
949 2166 1075 2219 οὐδὲ
1115 2162 1359 2237 ᾄδοντας
1399 2168 1527 2221 οὐδὲ
1565 2173 1942 2234 πυκτεύοντας
1982 2170 2110 2224 οὐδὲ
2137 2171 2505 2238 παλαίοντας,
2544 2179 2591 2221 15

405 2246 536 2304 ἀλλ’
580 2255 930 2320 ὠνουμένους
973 2255 1069 2306 καὶ
1114 2251 1455 2322 βαδίζοντας
1494 2258 1590 2307 καὶ
1637 2255 1944 2320 λαλοῦντας
1990 2261 2086 2310 καὶ
2130 2263 2508 2325 μαχομένους·

404 2340 548 2389 ποτὲ
586 2340 688 2404 μὲν
727 2342 954 2401 τούτοις
991 2341 1178 2392 ἅπασι
1215 2345 1511 2411 προσέχων
1550 2343 1614 2394 εὖ
1645 2340 1797 2409 μάλα
1834 2345 1929 2394 καὶ
1976 2347 2323 2414 τερπόμενος
2362 2343 2509 2395 πολὺ

403 2421 696 2495 μᾶλλονῆ
750 2423 956 2487 παῖδες
1004 2427 1063 2476 ἐν
1112 2427 1294 2493 ἀγῶσι
1340 2429 1434 2478 καὶ
1480 2428 1781 2498 θεάτροις,
1833 2422 1895 2480 οὗ
1947 2427 2509 2499 προκαταλαμβάνων

405 2502 536 2562 οὐδὲ
575 2510 872 2579 ἀγρυπνῶν
912 2504 1039 2562 οὐδὲ
1078 2509 1451 2579 θλιβόμενος·
1492 2516 1633 2565 ποτὲ
1663 2512 1722 2565 δὲ
1752 2514 1825 2565 αὖ
1845 2507 1981 2580 μήτ>
2026 2516 2244 2567 ἀκούων,
2268 2505 2509 2586 μηδενὸς

398 2589 550 2666 μήθ’
595 2596 763 2666 ὁρῶν,
815 2594 956 2647 ἀλλὰ
1004 2592 1141 2667 μηδ’
1183 2597 1331 2651 εἶναι
1367 2595 1609 2665 νομίζων
1658 2593 1877 2665 αὐτούς,
1916 2602 2122 2652 ἐννοῶν
2170 2601 2201 2651 ὃ
2238 2599 2504 2668 βούλεται
2540 2606 2588 2648 20

330 2684 362 2735 3
399 2683 494 2734 καὶ
531 2684 797 2752 πράττων
836 2681 1032 2745 ἀδεῶς.
1107 2683 1213 2749 ἐγὼ
1256 2680 1315 2734 δὲ
1354 2690 1518 2741 τοῦτο
1557 2687 1659 2751 μὲν
1698 2683 1958 2754 λαμπρὸν
1993 2690 2237 2755 ἠγοῦμαι
2270 2688 2367 2738 καὶ
2399 2705 2505 2753 μα-

396 2769 610 2837 κάριον,
652 2766 711 2819 εἴ
740 2786 828 2830 τις
865 2770 923 2819 ἐν
964 2770 1210 2830 οἰκέταις
1249 2767 1552 2840 ἐλεύθερος
1590 2770 1740 2822 εἶναι
1766 2769 2203 2824 δύναταικαὶὲν
2229 2774 2505 2842 ὑπηκόοις

396 2846 740 2920 αὐτόνομος·
789 2856 934 2924 ὑπὲρ
989 2854 1059 2906 οὗ
1102 2853 1293 2906 πολλὰ
1326 2858 1428 2922 μὲν
1465 2855 1657 2908 Λυδοὶ
1696 2854 1899 2926 Φρυξί,
1949 2854 2139 2908 πολλοὶ
2187 2856 2245 2908 δὲ
2288 2856 2504 2927 Φρύγες

544 3065 568 3105 3
601 3066 810 3122 δραγμῆς
839 3064 890 3108 Μ
1005 3060 1064 3112 τὰ
1097 3078 1180 3110 om.
1214 3065 1265 3110 M
1294 3079 1354 3110 m.
1383 3079 1452 3122 pr.
1591 3059 1728 3112 αὐτοὶ
1757 3080 1840 3123 pro
1872 3064 2129 3127 ἄνθρωποι
2159 3067 2197 3111 Β
2315 3071 2339 3112 5
2372 3067 2500 3114 οἰκο-

396 3129 690 3190 δομήσουσιν,
719 3134 759 3180 U
790 3148 848 3185 m,
880 3149 949 3192 pr.
981 3136 1095 3190 ΒΜ,
1135 3129 1518 3194 οἰκοδομήσωσιν
1548 3149 1663 3182 corr.
1696 3137 1736 3183 U
1767 3134 2079 3197 ἐνοικήσωσιν
2107 3137 2342 3189 Reiskius‚
2373 3133 2502 3197 οἰκή-

398 3218 552 3249 σωσιν
581 3204 716 3253 Dind.
854 3207 1060 3253 Titulus:
1091 3212 1192 3254 τῶν.
1219 3209 1273 3255 ἐν
1305 3210 1492 3271 Κιλικίᾳ
1522 3222 1610 3257 om.
1641 3210 1702 3266 B;
1735 3209 1793 3254 cf.
1824 3209 1883 3256 ad
1911 3209 2090 3254 titulum
2120 3208 2340 3254 orationis
2368 3219 2499 3264 prae-

398 3273 610 3324 cedentis.
720 3280 744 3320 6
775 3272 909 3335 ἡμεῖς
937 3279 991 3322 Μ).
1115 3276 1230 3335 ἴσως
1258 3297 1319 3338 με
1350 3281 1400 3328 Μ
1429 3277 1551 3335 ἴσως,
1573 3281 1662 3338 μὲν
1691 3280 1731 3326 U
1762 3280 1867 3335 (sed.
1888 3281 1977 3337 μὲν
2007 3279 2229 3336 expunxit
2254 3281 2387 3334 corr.)

396 3338 621 3402 ἣγεῖσθαι
649 3346 699 3391 Μ
816 3351 865 3392 11
899 3353 1054 3396 ποιῶν
1081 3350 1232 3408 ΕΠΨ.,
1261 3347 1431 3399 κοινὸν
1458 3352 1565 3399 libri
1700 3356 1753 3396 14
1781 3352 2073 3411 συλλέγουσα
2101 3347 2305 3407 τιμάσας
2332 3349 2391 3394 Μ

402 3418 452 3459 18
484 3411 521 3474 ἤ
554 3420 717 3471 παῖδες
756 3423 1040 3476 suspectum
1077 3424 1273 3471 fortasse
1302 3419 1332 3482 ἢ
1360 3418 1515 3480 ὑμεῖς,
1555 3423 1676 3480 quod
1712 3436 1795 3481 per
1823 3419 1854 3483 ἢ
1882 3418 2015 3483 ἡμεῖς
2041 3423 2090 3468 in
2119 3419 2155 3482 ἢ
2177 3423 2342 3473 παῖδες
2370 3419 2498 3467 abire

393 3487 552 3542 potuit
668 3491 719 3532 19
749 3490 1068 3550 θλειβόμενος
1097 3494 1140 3536 Μ
1254 3486 1314 3541 αὖ
1346 3495 1556 3549 casaub„
1586 3490 1648 3541 ἂν
1675 3494 1781 3539 libri
1893 3489 2104 3554 μηθενὸς
2124 3493 2172 3539 Μ
2288 3495 2342 3537 20
2372 3484 2494 3539 ἀλλὰ

386 3551 508 3613 μηδ’
543 3553 664 3605 εἶναι
693 3559 826 3616 Emp.
859 3555 978 3611 ἀλλὰ
1009 3559 1119 3622 μηδ’
1153 3563 1322 3611 εἰδέναι
1351 3565 1433 3613 ΠΒ
1465 3559 1509 3611 δ’
1541 3565 1712 3612 εἰδέναι
1740 3565 1799 3615 Μ,
1821 3568 1924 3619 (om.
1955 3563 2092 3619 ‹ime›
2206 3566 2265 3610 22
2291 3561 2348 3633 ἐν
2375 3561 2495 3609 οἰκέ-

386 3643 446 3673 τα
458 3644 503 3681 ις
537 3627 746 3684 Οαεωὼ.,
776 3628 829 3676 ἐν
861 3631 1058 3687 οἰκείαις
1088 3635 1127 3678 Β
1155 3633 1208 3681 ἐν
1239 3636 1411 3690 οἰκίαις
1440 3636 1539 3688 UM
1705 3640 1759 3685 23
1789 3636 1842 3684 δὲ
1867 3636 1969 3681 add·
1998 3635 2131 3693 EmP·
2157 3639 2268 3692 90⁸¹*
2293 3636 2374 3691 Οὓς
2403 3646 2495 3679 ΠΟΠ

384 3698 561 3753 probo,
590 3710 697 3743 nam
726 3699 790 3744 illi
818 3700 907 3757 μὲν
934 3702 963 3746 l.
985 3705 1027 3757 (6
1058 3706 1118 3759 et)
1149 3708 1198 3749 21
1234 3708 1484 3764 respondet*
1505 3704 1628 3756 πολὺ
1657 3707 1707 3754 δὲ
1733 3711 1918 3765 μᾶλλον
1946 3720 1991 3764 p.
2015 3710 2151 3763 224,9
