2684 4140
354 275 460 324 276
1050 269 1257 317 DIONIS
1287 267 1371 314 DE
1402 266 1775 313 FELICITATE

350 421 404 470 et:
443 411 579 487 [οὐχ]
618 415 854 485 ἡγεῖσθε
892 415 955 463 τὸ
998 410 1294 478 δαιμόνιον
1332 412 1499 463 θεῖον
1536 411 1631 463 καὶ
1668 414 1889 480 ἀγαθὸν
1918 416 2012 466 καὶ
2047 415 2247 488 μηδενὶ
2283 425 2457 470 κακοῦ
2549 488 2551 490 ‚

352 501 591 572 μηδενὸς
639 498 849 561 αἴτιον,
903 503 1028 559 πῶς
1069 514 1214 567 φατε
1251 498 1553 565 γίγνεσθαι
1589 496 1971 564 κακοδαίμονα
2022 501 2367 572 ἀνθρωπον,·
2415 505 2446 574 ἢ
2481 516 2628 561 (27911)

351 591 486 638 ὅταν
533 586 606 654 μή
661 586 988 652 προσέχωσι
1035 579 1178 652 μηδὲ
1231 583 1560 634 πείθωνται
1607 581 1686 651 τῳ
1737 581 2010 652 δαιμονίῳ
2062 587 2268 655 ἀγαθῷ
2307 590 2458 651 ὅντι;

352 673 545 738 ὥσπερ
591 670 642 719 εἰ
680 663 1003 734 νομίζωμεν
1041 669 1173 729 τοὺς
1212 668 1442 737 ἰατρούς
1469 669 1728 730 ἅπαντας
1767 670 2023 736 ἀγαθούς
2062 671 2209 723 εἶναι
2246 674 2315 723 τοὶ
2354 681 2453 744 τῆς
2474 685 2664 729 (5173111

350 759 542 824 τέχνης
578 754 672 804 καὶ
707 750 920 823 μηδένα
961 746 1145 804 αὗτῶν
1185 755 1434 823 πονηρὸν
1475 755 1669 823 ἰατρὸν
1706 752 1847 824 μηδὲ
1886 753 2188 827 βλαβερόν,
2239 764 2350 810 τῶν
2391 757 2450 810 δὲ
2489 769 2513 810 5

350 841 673 906 καμνόντων
710 844 892 900 κακῶς
929 856 1088 900 τινας
1127 841 1485 909 πράττοντας
1533 837 1843 906 βλέποιμεν
1889 843 1984 893 καὶ
2029 841 2458 913 βλαπτομένους

354 927 411 976 ἐν
450 928 576 986 ταῖς
613 926 822 988 νόσοις,
866 921 1033 995 δῆλον
1076 926 1165 975 ὅτι
1202 926 1437 986 τούτους
1463 925 1530 975 ἂν
1559 929 1768 995 φαῖμεν
1806 929 1879 997 μὴ
1922 926 2146 981 ἐθέλειν
2185 932 2253 981 τὰ
2281 947 2460 999 προσ-

351 1012 666 1076 ταττόμενα
695 1014 901 1074 ποιεῖν,
929 1012 1061 1072 τούς
1089 1008 1148 1061 δὲ
1177 1011 1563 1077 πειθομένους
1589 1011 1794 1081 ἀνάγκη
1822 1010 2007 1075 καλῶς
2044 1013 2427 1068 ἀπαλλάττειν
2449 1028 2460 1041 ·

354 1094 382 1124 *
409 1093 436 1124 '¹‘
471 1097 565 1147 καὶ
601 1097 660 1147 τί
695 1097 763 1147 ἂν
811 1097 1113 1164 γίγνεσθαι
1164 1089 1262 1147 οἰκ
1300 1097 1367 1148 ἂν
1416 1092 1826 1162 θαυμάζοιμεν.
1881 1126 1942 1133 -
1991 1098 2186 1162 Οὕτως
2224 1102 2352 1166 ἔχει.
2394 1131 2464 1137 -
2535 1168 2540 1171 ⁴

271 1185 331 1234 11
356 1183 424 1233 A.
463 1183 720 1252 Πότερον
771 1182 866 1233 οὗν
906 1180 1138 1233 δοκοῦσί
1176 1196 1270 1233 σοι
1306 1179 1418 1249 (οἱ)
1462 1184 1747 1253 ἐγκρατεῖς
1795 1179 1982 1253 [εἶναι]
2029 1187 2123 1236 καὶ
2176 1188 2467 1258 σώφρονες
2505 1194 2551 1237 10

355 1268 451 1319 καὶ
485 1274 615 1319 νοῦν
653 1269 899 1334 ἔχοντες,
953 1267 1111 1320 οὗτοι
1151 1269 1424 1320 ἀπειθεῖν
1462 1269 1530 1320 ἂν
1569 1273 1691 1331 τοῖς
1731 1271 1951 1340 ἰατροῖς
1989 1275 2112 1332 τοῖς
2161 1273 2461 1341 ἐμπείροις

357 1354 557 1405 καὶτὰ
609 1358 968 1425 συμφέροντα
1019 1356 1501 1424 προστάττουσιν,
1551 1356 1582 1425 ἢ
1624 1348 1953 1407 τούναντίον
2005 1358 2062 1407 οἱ
2099 1357 2333 1428 ἀνόητοι
2369 1360 2464 1410 καὶ

354 1437 691 1502 ἀκόλαστοι,·
731 1467 792 1475 -
836 1437 1025 1510 Δῆλον
1064 1442 1153 1491 ὅτι
1191 1441 1248 1489 οἱ
1286 1437 1607 1491 ἀκόλαστοι.
1647 1468 1718 1475 -
1754 1443 1823 1492 Δ.
1869 1443 1941 1492 Τί
1980 1439 2073 1504 δέ,
2111 1441 2190 1510 τῴ
2233 1440 2463 1509 δαίμονι

350 1523 576 1594 χρηστῷ
618 1526 740 1575 ὄντι
777 1526 1105 1577 πείθεσθαι
1142 1526 1236 1576 καὶ
1274 1521 1368 1596 ζῆν
1406 1519 1532 1576 κατ’
1575 1527 1786 1578 ἐκεῖνον
1814 1530 2056 1597 πότερον
2082 1532 2189 1599 ἡγῇ
2214 1535 2325 1580 τῶν
2356 1543 2461 1580 σω-

358 1612 582 1679 φρόνων
620 1609 770 1661 εἶναι
804 1611 899 1661 καὶ
935 1617 1065 1662 νοῦν
1103 1612 1343 1676 ἐχόντων
1379 1612 1411 1681 ἢ
1455 1617 1566 1662 τῶν
1614 1618 1879 1682 πονηρῶν
1925 1615 2019 1665 καὶ
2069 1615 2354 1684 ἀνοήτων,·
2391 1644 2459 1651 -«
2498 1622 2544 1664 15

275 1698 340 1749 12
367 1699 493 1746 Τῶν
545 1699 875 1765 σωφρόνων.
919 1724 990 1732 -
1024 1698 1093 1747 A.
1139 1698 1217 1747 Τὸ
1259 1694 1322 1747 δέ
1368 1712 1429 1764 γε
1477 1699 1550 1767 μὴ
1604 1699 1930 1749 πείθεσθαι
1977 1697 2118 1768 μηδὲ
2167 1703 2467 1768 προσέχειν

357 1774 485 1831 ἀλλ’
529 1782 797 1843 ἐναντίως
835 1780 917 1849 τῷ
956 1782 1102 1848 θείῳ
1143 1799 1203 1832 τε
1239 1783 1335 1833 καὶ
1372 1779 1646 1849 δαιμονίῳ
1677 1786 1965 1852 πράττειν,
2005 1789 2117 1835 τῶν
2154 1790 2336 1835 κακῶν
2373 1787 2467 1836 καὶ

359 1868 728 1934 ἀγνωμόνων,·
766 1893 836 1902 -
872 1868 1012 1928 Πῶς
1051 1858 1104 1917 δ’
1149 1868 1216 1917 ἂν
1256 1864 1442 1928 ἄλλως
1482 1865 1768 1935 λέγοιμεν,·
1817 1897 1887 1904 —
1923 1870 1991 1919 A.
2032 1867 2197 1920 Εἶναι
2237 1867 2296 1920 δὲ
2335 1872 2467 1931 τοὺς

362 1953 747 2018 πειθομένους
778 1950 858 2020 τῷ
899 1950 1173 2020 δαιμονίῳ
1215 1954 1455 2020 τοιούτῳ
1498 1954 1620 2004 όντι
1646 1951 2001 2020 εὐδαίμονας,
2041 1956 2173 2016 τοὺς
2201 1952 2260 2005 δὲ
2301 1955 2466 2006 ἀπει-

358 2038 610 2099 θοῦντας
643 2035 1091 2104 κακοδαίμονας,
1133 2065 1203 2073 -
1228 2031 1481 2109 Ἀνάγκη.
1522 2068 1592 2075 -
1627 2040 1695 2090 Δ.
1741 2038 1953 2091 Οὐκοῦν
1990 2041 2283 2092 κάνταῦθα
2326 2054 2458 2107 συμ-
2497 2049 2546 2091 20

361 2124 549 2190 βαίνει
573 2125 670 2174 τὸν
695 2125 797 2190 μὲν
827 2125 1008 2194 σοφὸν
1033 2125 1128 2175 καὶ
1167 2126 1446 2194 φρόνιμον
1484 2121 1790 2190 εὐδαίμονα
1831 2124 1980 2176 εἶναι
2019 2127 2223 2189 πάντα,
2263 2127 2361 2176 τὸν
2401 2123 2460 2176 δὲ

364 2206 578 2279 φαῦλον
614 2205 1013 2274 κακοδαίμονα,
1057 2210 1153 2274 οὐχ
1189 2211 1267 2270 ὡς
1302 2215 1406 2260 τοῦ
1447 2207 1743 2276 δαιμονίου
1778 2216 1953 2260 κακοῦ
1987 2212 2174 2273 ὄντος,
2215 2201 2342 2260 ἀλλ’
2387 2212 2464 2281 ᾡς

365 2295 533 2345 αὐτὸν
573 2287 636 2344 οὗ
678 2297 1029 2363 προσέχοντα
1069 2296 1258 2362 ἐκείνῳ
1293 2293 1520 2364 χρηστῷ
1561 2296 1693 2346 ὄντι.

784 2605 905 2670 (74)
958 2601 1215 2668 ΠΕΡΙ
1267 2600 2046 2672 ΕΥΔΑΙΜΟΝΙΑΣ.
2483 2619 2663 2663 (518R11

302 2823 323 2869 1
517 2804 590 2856 Οἱ
616 2803 821 2858 πολλοὶ
846 2807 1155 2874 ἄνθρωποι
1179 2802 1432 2855 καθόλου
1452 2807 1554 2871 μὲν
1578 2799 1738 2856 οὐδὲν
1760 2806 2205 2875 πεφροντίκασιν
2228 2806 2467 2866 ὁποίους

360 2893 462 2961 χρὴ
505 2890 652 2942 εἶναι
692 2883 819 2942 οὐδὲ
857 2894 964 2955 ὅ,τι
1001 2889 1295 2958 βέλτιστον
1335 2891 1627 2958 ἀνθρώπῳ
1658 2891 1827 2953 ἐστίν,
1870 2888 1940 2940 οὗ
1961 2893 2116 2941 ἕνεκα
2139 2892 2241 2960 χρὴ
2273 2892 2459 2941 πάντα
2498 2901 2546 2944 25

368 2974 544 3028 τᾶλλα
594 2979 891 3046 πράττειν,
944 2975 1064 3045 ἰδίᾳ
1117 2974 1175 3027 δὲ
1227 2974 1649 3028 ἐσπουδάκασιν
1703 2977 1759 3026 οἱ
1804 2977 1905 3041 μὲν
1957 2977 2247 3035 ἱππεύειν,
2300 2977 2356 3025 οἱ
2405 2973 2463 3026 δὲ

513 3121 532 3160 1
567 3116 612 3163 εἰ
640 3110 727 3175 οὐχ
756 3111 951 3176 ἡγεῖσθε
985 3116 1061 3161 UB
1093 3115 1138 3162 εἰ
1166 3109 1252 3174 οὐχ
1282 3115 1505 3174 ἡγεῖσθαι
1537 3115 1585 3158 Μ
1701 3118 1726 3158 2
1757 3106 1786 3173 ἦ
1818 3106 1937 3161 ὅταν
1968 3115 2006 3158 Β
2131 3118 2157 3157 4
2188 3115 2467 3171 νομίζοιμεν

369 3187 580 3232 Reiskius
611 3189 822 3244 νομίζεις
850 3187 968 3241 libri,
1000 3188 1216 3245 νομίζοις
1244 3186 1414 3249 Jacobs
1534 3189 1559 3229 6
1589 3185 1835 3245 βλέπομεν
1863 3185 1992 3242 libri,
2022 3198 2137 3230 corr.
2170 3184 2384 3229 Reiskius

372 3263 395 3301 7
427 3254 627 3312 τούτους
657 3253 739 3312 οὓς
767 3259 848 3304 UB
993 3265 1172 3316 φαῖμεν
1200 3257 1360 3304 θέλειν
1388 3261 1492 3312 (om.
1522 3253 1603 3316 μὴ)
1634 3257 1684 3300 Μ
1712 3270 1772 3302 m.
1803 3270 1870 3314 pr.
2025 3260 2050 3300 9
2080 3256 2246 3301 lacuna
2276 3255 2344 3300 sic
2373 3255 2470 3299 fere

374 3329 617 3386 explenda:
646 3321 764 3390 (ἀρ’
796 3322 977 3389 οὕτως)
1006 3329 1446 3389 κα<κοδαιμον>ίαν
1590 3330 1809 3388 γίνεσθαι
1839 3328 1878 3372 Β
2020 3320 2285 3385 θαυμάζειν
2316 3317 2471 3377 οὕτως

371 3395 497 3460 ἔχειν
525 3400 644 3455 libri,
674 3413 791 3446 corr.
823 3402 1037 3448 Reiskius
1176 3407 1227 3448 1-0
1259 3401 1307 3449 οὶ
1335 3401 1437 3447 add.
1470 3401 1652 3447 Geelius
1795 3399 2044 3461 ἐγκρατεῖς
2073 3396 2135 3447 ἄν
2164 3396 2284 3447 εἶναι
2311 3400 2391 3444 καὶ
2421 3397 2470 3439 Μ

372 3470 620 3532 ἐγκρατεῖς
650 3468 772 3519 εἶναι
799 3477 880 3519 καὶ
907 3474 1006 3530 UB,
1037 3470 1157 3521 εἶναι
1185 3464 1296 3529 (εἰνθ
1326 3470 1388 3521 ἀν
1409 3469 1546 3528 εἶναι)
1577 3473 1664 3519 del.
1697 3472 1877 3518 Geelius
2003 3475 2054 3516 13
2085 3473 2133 3518 τί
2162 3473 2236 3518 δαὶ
2265 3469 2347 3515 UB

371 3539 429 3590 τὸ
459 3555 544 3599 pro
574 3545 644 3605 τῷ
671 3543 798 3588 malit
826 3544 959 3601 Emp.
991 3545 1222 3590 Additam.
1255 3559 1299 3602 p.
1325 3548 1405 3591 825
1444 3554 1448 3559 '
1544 3549 1595 3589 14
1625 3545 1860 3590 πίθεσθαι
1889 3542 1939 3609 Μ
2052 3535 2166 3589 κατ’
2193 3538 2348 3587 ἐκεῖνο
2380 3537 2471 3582 ΒΜ

370 3607 488 3662 κατ’
517 3612 686 3664 ἐκεῖνω
716 3614 758 3659 U
788 3627 847 3660 m.
878 3628 947 3672 pr.
977 3618 1073 3670 (-ον
1102 3620 1234 3672 corr.)
1264 3610 1380 3663 κατ’
1409 3614 1597 3663 ἐκεῖνον
1627 3615 1666 3659 Τ
1742 3619 1793 3659 19
1824 3608 2120 3665 ἀπιθοῦντας
2139 3610 2188 3653 Μ
2275 3613 2329 3653 20
2356 3625 2470 3665 συμ-

372 3687 502 3747 βὲνει
529 3684 571 3730 U
659 3688 713 3729 23
747 3678 803 3732 οὗ
833 3686 1139 3745 προσέχοντα
1169 3688 1398 3743 ReiskiuS‚
1431 3681 1488 3735 οὐ
1519 3683 1802 3747 προσχόντα
1832 3678 1914 3731 UB
1944 3679 2006 3741 μὴ
2038 3676 2318 3742 προσχόντα
2351 3679 2401 3722 Μ

373 3760 427 3802 25
459 3751 735 3816 ἀνθρώπων
764 3755 812 3799 Μ
1488 3767 1490 3769 ·
