2684 4140
33 575 111 615 (457
132 575 184 612 M»

911 242 1327 292 CORINTHIAGA
1355 241 1586 286 XXXVII.
2222 240 2286 287 19

208 396 457 463 ἔμπορον
482 394 514 462 ἢ
541 392 766 461 θεωρὸν
791 392 823 461 ἢ
853 390 1198 459 πρεσβευτὴν
1235 389 1267 458 ἢ
1298 385 1666 456 διερχόμενον,
1707 377 1833 435 ἀλλ’
1877 386 1953 446 ὡς
1990 381 2155 450 μόλις
2194 382 2287 436 διὰ

205 484 429 548 μακρῶν
450 480 664 546 χρόνων
703 477 992 545 ἀγαπητὸν
1031 475 1491 543 ἐπιφαινόμενον,
1533 472 1710 531 οὕτως
1748 471 2064 540 ἐτιμήσατε.

461 563 589 631 τιμή
633 551 685 611 δ>
729 551 852 630 ἠΰτ’
897 561 1112 627 ὄνειρος
1151 559 1524 625 ἀποπταμένη
1565 558 1902 624 πεπότηται.
2323 558 2354 608 9

212 649 355 698 ὥστε
400 648 496 712 ἐμὲ
546 647 604 696 ἐν
656 646 851 712 ἀπόρῳ
900 640 1252 694 καθεστάναι
1298 643 1392 692 καὶ
1449 642 1593 709 πρὸς
1641 641 1880 705 ἐμαυτὸν
1925 640 2019 690 καὶ
2061 641 2123 709 νὴ
2172 640 2287 690 Δία

154 740 178 780 5
212 730 315 802 ἤδη
356 733 501 798 πρὸς
537 733 741 798 ἕτερον,
779 721 977 796 πότερ’
1021 729 1096 788 ὡς
1124 724 1356 796 ἀληθῶς
1385 726 1479 775 οὐκ
1506 722 1744 791 ἔβλεπον
1773 722 1899 774 οὐδὲ
1938 725 2107 791 ὕπαρ,
2148 721 2288 774 ἀλλὰ

207 818 339 885 ὄναρ
377 812 443 885 ἤν
480 816 548 865 τὰ
585 816 895 882 γιγνόμενα,
933 814 965 883 ἢ
1006 813 1074 862 τὰ
1111 813 1212 877 μὲν
1248 807 1314 880 ἧν
1352 815 1525 860 ταῦτα
1552 813 1678 869 ταῖς
1705 807 1922 870 πάσαις
1960 809 2288 877 ἀκριβείαις,

208 898 426 970 σπουδή
466 917 525 951 τε
563 904 666 949 τοῦ
699 895 961 967 πλήθους
996 898 1090 947 καὶ
1125 896 1309 963 κρίσις
1346 901 1444 964 τῆς
1481 891 1702 963 βουλῆς,
1744 895 1774 943 ὁ
1812 886 1865 943 δ’
1909 891 2141 961 ἀνδριὰς
2178 898 2289 944 τῶν

204 982 495 1036 Δαιδάλου
544 981 878 1053 ποιημάτων
926 982 1110 1045 ἔτυχεν
1159 981 1235 1030 ὢν
1283 980 1377 1029 καὶ
1425 976 1621 1028 λαθὼν
1658 981 1805 1046 ἡμᾶς
1843 975 2079 1046 ἀπέδρα.
2156 970 2281 1028 ἀλλ’
2311 982 2374 1033 10

208 1062 313 1139 ἀφ’
359 1068 428 1119 οὗ
448 1065 736 1128 Δαίδαλος
761 1065 1130 1135 ἐτελεύτησεν,
1171 1062 1352 1124 οὐδεὶς
1379 1064 1461 1123 εἰς
1487 1064 1693 1131 ταύτην
1720 1064 1818 1131 τήν
1843 1066 2053 1131 ήμέραν
2079 1060 2289 1125 ἐξίκετο

129 1162 176 1203 10
212 1161 309 1223 τῆς
348 1157 539 1222 τέχνης
573 1156 736 1220 μέχρι
772 1156 875 1200 τοῦ
906 1151 1000 1200 καὶ
1038 1146 1286 1217 δρασμὸν
1324 1148 1584 1212 ἐμποιεῖν
1623 1144 1701 1212 τῷ
1735 1143 1949 1212 χαλκῷ·
1989 1144 2130 1196 ἀλλά
2171 1145 2290 1197 δια-

207 1232 512 1307 βεβηκότας
537 1239 637 1303 μὲν
664 1236 727 1286 εὖ
759 1236 852 1284 καὶ
887 1230 1070 1293 καλῶς
1108 1237 1359 1294 ποιοῦσι,
1399 1232 1530 1290 τοὺς
1568 1227 1626 1279 δὲ
1652 1231 1746 1279 καὶ
1771 1223 1865 1299 ἐφ’
1911 1231 2107 1281 ἵππων
2136 1232 2291 1295 ὀχου-

207 1325 435 1386 μένους·
472 1324 706 1385 μένουσι
740 1321 936 1384 μέντοι
976 1314 1134 1366 οὗτοι
1173 1310 1382 1375 πάντες
1417 1314 1558 1364 κατὰ
1601 1321 1782 1383 σχῆμα
1821 1315 1916 1364 καὶ
1947 1316 2152 1383 χώραν,
2190 1317 2291 1367 κᾶν

205 1408 280 1475 μή
320 1423 406 1466 τις
434 1406 634 1464 αύτούς
657 1403 1013 1471 μετακινήσῃ,
1053 1403 1118 1450 τό
1144 1415 1204 1467 γε
1231 1392 1332 1449 ἐπ’
1378 1400 1569 1460 αὐτοῖς
1596 1398 1743 1449 εἶναι
1763 1396 1967 1463 χαλκὸς
1993 1397 2289 1468 ἄδραστος,

14 1501 183 1540 menn)
208 1492 275 1541 ἂν
309 1491 404 1540 καὶ
439 1488 618 1557 πτερὰ
657 1488 768 1555 ἔχῃ,
810 1487 1002 1554 ὥσπερ
1032 1486 1135 1562 καὶ
1172 1486 1202 1535 o‘
1238 1490 1341 1534 τοῦ
1374 1484 1722 1553 Πυθαγόρου
1760 1484 2029 1553 Περσεύς.
2101 1486 2190 1536 ἵνα
2231 1484 2289 1536 δὲ
2313 1491 2372 1540 11

128 2006 176 2047 20

129 1581 175 1623 15
209 1575 302 1625 καὶ
350 1581 447 1644 τῆς
496 1574 730 1642 ἀρχαίας
778 1575 970 1641 τέχνης
1018 1589 1050 1639 ῃ
1105 1577 1204 1640 τῆς
1240 1566 1615 1632 Δαιδαλείου,
1665 1570 1723 1619 τί
1769 1569 1981 1619 παθὼν
2028 1570 2096 1621 ἂν
2139 1573 2293 1635 ὑμῶν

203 1652 495 1729 ἀπηλλάγη
553 1665 651 1728 τῆς
701 1654 949 1719 πόλεως,
999 1657 1141 1723 ὑπὲρ
1191 1655 1256 1725 ῆς
1304 1656 1435 1716 τοὺς
1489 1652 1586 1704 δύο
1636 1654 1812 1715 θεούς
1863 1668 2039 1724 φασιν
2088 1656 2292 1723 ἐρίσαι,

202 1741 537 1794 Ποσειδῶνα
575 1743 668 1792 καὶ
704 1743 800 1791 τὸν
827 1734 1046 1803 (Ἠλιον,
1086 1741 1182 1790 τὸν
1219 1741 1319 1805 μὲν
1358 1745 1460 1788 τοῦ
1496 1740 1675 1807 πυρὸς
1711 1741 1919 1808 κύριον,
1960 1741 2056 1790 τὸν
2097 1738 2155 1790 δὲ
2195 1747 2298 1791 τοῦ

203 1825 438 1889 ὕδατος,·
475 1828 731 1896 ἐρίσαντε
771 1823 829 1875 δὲ
869 1826 964 1876 καὶ
988 1826 1087 1895 τήν
1115 1822 1337 1874 δίαιταν
1364 1825 1746 1892 ἐπιτρέψαντε
1774 1824 1941 1892 τρίτῳ
1971 1823 2092 1892 θεῷ
2122 1840 2293 1895 πρεσ-

204 1914 434 1982 βυτέρῳ,
476 1910 544 1961 οὕ

465 1994 731 2047 πλεῖσται
766 1997 867 2062 μὲν
903 1991 1162 2064 κεφαλαί,
1202 1991 1468 2043 πλεῖσται
1508 1991 1570 2043 δέ
1606 2010 1665 2043 τε
1698 1996 1898 2062 χεῖρες,

205 2085 381 2149 τούτῳ
422 2084 519 2152 τήν
559 2079 782 2131 δίαιταν
818 2082 1230 2148 ἐπιτρέψαντες
1269 2079 1586 2147 ἀμφότεροι
1633 2075 1796 2147 τήνδε
1846 2079 1944 2147 τήν
1996 2076 2165 2129 πόλιν
2201 2081 2295 2131 καὶ

205 2170 302 2237 τήν
345 2169 533 2235 χώραν
572 2167 820 2230 ἔχουσιν·
873 2165 994 2214 οὔτι
1032 2179 1144 2213 που
1189 2165 1386 2230 μικρὸν
1437 2154 1556 2212 οὐδ’
1612 2160 1858 2230 ἀμυδρὸν
1911 2167 2141 2232 σημεῖον
2197 2171 2296 2234 τῆς

205 2253 350 2321 πρὸς
388 2251 488 2311 τὰς
527 2247 700 2310 ἄλλας
738 2250 1030 2318 ὑπεροχῆς.
1109 2249 1170 2298 αἱ
1223 2250 1324 2313 μὲν
1361 2248 1463 2316 γὰρ
1504 2244 1672 2297 ἄλλαι
1712 2244 1895 2316 λήξεις
1933 2265 1992 2297 τε
2028 2250 2122 2298 καὶ
2162 2250 2287 2318 κτή-
2311 2251 2376 2301 12

208 2349 325 2396 σεις
362 2340 472 2385 τῶν
509 2335 664 2385 θεῶν
711 2334 851 2384 κατὰ
898 2336 1075 2399 μόνας
1119 2333 1290 2383 εἰσίν·
1330 2325 1530 2402 Ἄργος
1574 2334 1675 2398 μὲν
1701 2325 1908 2402 (Ἡρας,
1949 2325 2196 2403 Ἀθηνᾶς
2235 2331 2293 2384 δὲ

125 2426 172 2468 25
202 2413 470 2490 Ἀθῆναι’
508 2421 602 2470 καὶ
640 2420 820 2469 αὐτῶν
859 2434 918 2486 γε
955 2420 1168 2468 τούτων
1206 2424 1317 2468 τῶν
1342 2419 1497 2468 θεῶν
1528 2407 1715 2478 Ῥόδος
1739 2419 1840 2483 μὲν
1869 2409 2076 2481 Ἠλίου,
2110 2411 2295 2488 Ὀγχη-

210 2506 341 2565 στὸς
367 2502 426 2554 δὲ
451 2501 834 2567 Ποσειδῶνος,
874 2503 1168 2572 Κόρινθος
1196 2500 1255 2553 δὲ
1295 2506 1585 2572 ἑκατέρων.
1653 2503 1908 2564 εἰκάσαις
1946 2504 2012 2554 ἂν
2053 2505 2294 2554 αἰνιττο-

205 2593 373 2655 μένου
411 2595 513 2640 τοῦ
546 2590 735 2655 μύθου
775 2591 838 2639 τὸ
878 2595 975 2659 τῆς
1012 2595 1111 2658 γῆς
1145 2590 1202 2638 ἐν
1239 2592 1391 2654 μέσῳ
1434 2586 1533 2638 δύο
1562 2585 1821 2655 πελαγῶν
1847 2589 1960 2638 ὑπὸ
1999 2595 2102 2638 τοῦ
2134 2586 2294 2658 ήλίου

207 2671 490 2741 ἐξαίρετον
530 2668 886 2742 [βουλομένου
925 2679 1027 2723 τοῦ
1052 2667 1452 2740 Ποσειδῶνος].
1528 2675 1591 2723 τὸ
1630 2675 1731 2738 μὲν
1773 2673 1867 2723 οὖν
1894 2679 1996 2723 τοῦ
2017 2674 2206 2739 μύθου
2233 2690 2292 2724 τε

205 2759 299 2808 καὶ
344 2764 446 2808 τοῦ
482 2756 671 2826 λόγου,
719 2756 854 2828 τῇδέ
900 2773 979 2827 πῃ
1023 2756 1360 2826 συνᾴδοντα,
1409 2759 1600 2827 τρίτην
1639 2759 1738 2809 ἐπὶ
1787 2755 2009 2820 δισσοῖς
2045 2760 2289 2828 μάρτυσι
2314 2761 2376 2812 13

195 2967 197 2969 .
353 2928 370 2967 1
405 2918 515 2971 ἀλλ’
546 2919 612 2977 ὡς
642 2924 851 2976 Οαεαιιὶ).,
882 2920 1038 2977 ἄλλως
1068 2923 1195 2978 libri;
1226 2922 1395 2976 ἄλλως,
1425 2916 1531 2969 ἀλλ’
1566 2920 1630 2976 ὥς
1659 2923 1788 2966 malit
1817 2922 1950 2979 Emp.
2082 2926 2107 2966 2
2137 2920 2295 2980 ἐπιφε·

210 2990 419 3052 ρόμενον
447 2995 497 3038 Μ
612 2997 637 3038 3
669 2988 715 3040 δ’
746 2988 823 3053 ητ’
854 2994 893 3039 U
1010 2991 1173 3054 ὅνιρος
1202 2994 1252 3037 Μ
1382 2993 1449 3037 Cf.
1473 2993 1603 3038 Hom.
1636 2993 1722 3037 Od.
1742 2992 1810 3036 XI
1840 2996 1921 3037 222
1953 2990 2077 3052 ψυχὴ
2108 2990 2152 3039 δ’
2187 2986 2296 3050 ἠΰτ’

211 3062 398 3125 ὄνειρος
426 3067 511 3110 etc.
655 3070 680 3110 6
709 3063 953 3133 γενόμενά
976 3065 1027 3109 Μ
1142 3057 1291 3110 ταύτὰ
1322 3063 1402 3108 UB
1549 3067 1572 3106 7
1604 3066 1694 3110 τοῦ
1722 3063 1949 3117 Reiskius,
1980 3080 2050 3117 τις
2078 3061 2182 3107 libri

210 3138 235 3178 9
266 3133 453 3189 ἐξέκετο
483 3134 533 3177 Μ
652 3139 702 3179 10
732 3135 870 3194 μέχρι
901 3135 958 3181 οὗ
987 3136 1037 3179 Μ
1170 3138 1218 3178 11
1256 3128 1547 3192 ὀχουμένους
1573 3137 1695 3190 (post
1721 3151 1753 3192 χ
1782 3134 1934 3179 littera
1964 3136 2109 3188 erasa)
2139 3133 2182 3179 U

214 3206 264 3246 12
293 3203 381 3257 μὲν
411 3195 544 3250 οὗτοι
572 3205 611 3248 Β
640 3204 728 3261 μὲν
756 3207 970 3251 τοιοῦτοι
998 3204 1049 3247 Μ
1180 3200 1305 3250 κατὰ
1333 3199 1501 3263 χώραν
1531 3203 1571 3248 U
1719 3207 1771 3248 13
1801 3201 2103 3263 μετακινήσει
2131 3204 2183 3248 Μ

212 3270 282 3332 εἴη
301 3273 418 3327 libri,
438 3269 558 3320 εἶναι
578 3274 754 3319 Selden.
845 3279 896 3319 15
916 3266 973 3332 ἦν
991 3274 1068 3318 UB
1087 3270 1146 3332 ἢν
1161 3274 1225 3327 Μ,
1247 3287 1360 3318 corr.
1385 3274 1493 3318 editi
1579 3276 1824 3321 δαιδαλέου
1838 3276 1885 3319 Μ
1971 3274 2146 3332 μαθὼν
2161 3275 2210 3319 Μ

215 3348 266 3387 16
296 3338 541 3402 ἀπηλλάγη
571 3344 788 3397 Οὸεωιί).,
828 3339 1102 3403 άπηλλάττη
1138 3344 1188 3388 Μ
1219 3338 1493 3403 ἀπηλλάγην
1521 3344 1602 3390 UB
1777 3350 1827 3389 17
1859 3337 2104 3393 ποσιδῶνα
2133 3345 2182 3388 Μ

216 3418 266 3458 18
296 3412 568 3473 ἐπέτρεψαν
596 3414 648 3461 τὲ
677 3414 727 3458 Μ
845 3419 898 3458 20
929 3431 982 3461 τε
1011 3428 1098 3460 om.·
1130 3414 1208 3459 ΠΒ
1237 3427 1394 3460 versus
1414 3415 1534 3460 unde
1555 3421 1759 3473 sumptus
1780 3418 1841 3462 sit
1860 3418 2011 3462 nescio
2134 3420 2183 3460 21
2208 3415 2297 3463 τοῦ

210 3482 424 3544 ,Βριάρεω
453 3489 557 3542 post
592 3498 767 3530 versum
796 3485 900 3530 add.
931 3487 980 3530 M
1122 3502 1175 3532 τε
1203 3489 1284 3531 καὶ
1312 3485 1392 3530 UB
1526 3490 1580 3531 25
1614 3483 1838 3547 σ’γχιστὸς
1866 3488 1946 3533 UB
1976 3484 2202 3547 ἄγχιστος
2231 3487 2295 3529 M·

213 3568 328 3600 corr.
360 3555 467 3600 editi
568 3559 621 3601 28
651 3554 898 3615 ἐξαίρετον
925 3556 1043 3611 libri,
1074 3556 1307 3616 ξηρανθὲν
1338 3556 1519 3602 Geelius
1604 3559 2295 3618 βουλομένου-Ποσειδῶνος

212 3626 318 3671 secl.
340 3626 483 3672 Bethe
591 3629 644 3671 29
665 3630 751 3673 τοῦ
771 3631 876 3671 ante
897 3625 1045 3686 λόγου
1065 3640 1150 3671 om.
1173 3627 1213 3672 U
1320 3623 1585 3693 συνᾴδοντα
1606 3630 1780 3687 scripsi,
1802 3626 2101 3677 συνάιδονται
2120 3629 2237 3681 libri,

212 3698 362 3756 τρίτιν
391 3697 431 3741 Β
526 3700 705 3752 δισσοῖς
733 3697 939 3757 μάρτυσι
968 3698 1142 3755 scripsi,
1173 3706 1387 3758 τρισσαῖς
1403 3696 1566 3759 χάρισι
1586 3700 1704 3758 libri,
1733 3705 1915 3755 δισσαῖς
1932 3697 2093 3761 χάρισι
2114 3699 2294 3744 Geelius

1893 3774 1956 3816 2*
