2684 4140
1021 259 1247 307 ORATIO
1277 258 1416 304 XLV.
2186 254 2250 302 71

179 406 458 476 ἡττηθείς,
497 406 569 475 μὴ
606 406 904 474 χρημάτων
935 406 1198 474 ἀπορίας,
1237 406 1309 475 μὴ
1354 405 1613 469 σώματος
1652 402 1970 462 ἀσθενείας,
2010 400 2154 468 πρὸς
2193 397 2251 450 δὲ

179 492 399 552 τούτοις
437 491 650 540 ἅπασιν
690 490 896 558 ἐχθρὸν
945 491 1273 555 ἀνεχόμενος
1322 490 1382 539 ού
1434 490 1530 540 τὸν
1579 486 1733 540 δεῖνα
1787 483 1912 537 οὐδὲ
1962 487 2057 535 τὸν
2098 482 2251 535 δεῖνα

179 581 288 625 τῶν
339 574 474 625 ἴσων
522 575 646 625 τινὰ
693 576 790 625 καὶ
835 580 945 624 τῶν
999 576 1208 639 ὁμοίων
1258 575 1436 625 ἐνίοτε
1485 574 1911 643 φθεγγομένων,
1967 566 2106 620 ἀλλά
2155 570 2252 619 τὸν

186 661 546 728 ἰσχυρότατον
581 661 674 710 καὶ
710 660 1029 728 βαρύτατον
1058 661 1152 710 καὶ
1202 657 1481 728 δεσπότην
1531 653 1937 723 ὀνομαζόμενον
1983 655 2076 705 καὶ
2112 654 2252 704 θεὸν

10 753 93 789 3Μ»
120 752 144 792 5
181 744 336 813 παρὰ
375 750 551 794 πᾶσιν
576 737 799 813 Ἕλλησι
836 745 928 794 καὶ
963 744 1298 812 βαρβάροις,
1350 745 1412 793 τὸ
1466 741 1524 794 δὲ
1575 740 1789 812 ἀληθὲς
1838 742 1967 792 ὄντα
2012 737 2251 804 δαίμονα

181 831 453 897 πονηρόν,
499 829 592 878 καὶ
639 834 811 878 ταῦτα
864 829 925 878 οὐ
964 829 1250 879 θωπεύων
1289 828 1454 878 αὐτὸν
1493 825 1620 877 οὐδὲ
1659 828 1757 896 τὴν
1795 826 2005 894 ἔχθραν
2045 839 2253 891 παραι-

177 914 458 977 τούμενος,
497 910 636 963 ἀλλὰ
674 909 944 982 ἐρεθίζων
982 915 1238 982 ἄντικρυς
1273 914 1367 963 καὶ
1388 908 1518 979 <τά>
1556 914 1843 980 προσόντα
1879 910 2018 960 κακὰ
2044 908 2121 973 μὰ
2147 899 2247 957 Δί’

181 997 243 1046 οὐ
280 994 496 1062 μέλλων
533 1004 626 1049 νῦν
663 999 808 1066 ἐρεῖν
845 998 876 1066 ἢ
916 999 1182 1066 γράψειν,
1221 994 1362 1046 ἀλλὰ
1401 997 1634 1065 εἰρηκὼς
1670 993 1774 1065 ἤδη
1813 996 1906 1045 καὶ
1942 993 2252 1061 γεγραφώς,

0 1090 157 1132 02RII)
179 1083 272 1132 καὶ
320 1084 531 1133 τούτων
572 1089 827 1151 πανταχῇ
874 1088 985 1132 τῶν
1026 1079 1202 1148 λόγων
1237 1082 1330 1131 καὶ
1367 1087 1477 1130 τῶν
1525 1082 1866 1148 γραμμάτων
1906 1080 2106 1139 ὄντων,
2159 1076 2254 1140 οὐχ

102 1173 148 1214 10
183 1168 294 1217 ὑπὸ
320 1167 524 1231 μανίας
549 1167 640 1216 καὶ
665 1166 943 1226 ἀπονοίας
974 1170 1147 1215 ταῦτα
1183 1166 1452 1234 πράττειν
1479 1166 1870 1232 ἐπαιρόμενος,
1911 1159 2051 1211 ἀλλὰ
2077 1161 2253 1228 κρείτ-

179 1267 300 1301 τονι
338 1250 645 1310 πεποιθὼς
673 1247 902 1314 δυνάμει
927 1250 1020 1299 καὶ
1044 1249 1291 1318 βοηθείᾳ
1316 1243 1444 1318 <τῇ>
1469 1248 1626 1316 παρὰ
1653 1253 1763 1297 τῶν
1789 1247 1960 1308 θεῶν,
1998 1245 2063 1315 ἧς
2088 1247 2253 1293 κατα-

182 1341 483 1405 φρονοῦσιν
523 1335 578 1384 οἱ
614 1330 819 1385 πολλοὶ
842 1334 936 1384 καὶ
974 1330 1235 1403 ἀνωφελῆ
1276 1328 1613 1398 νομίζουσιν.
1677 1333 1740 1382 τὸ
1770 1328 1828 1381 δὲ
1869 1331 2001 1397 περὶ
2038 1330 2260 1378 τούτων,

176 1412 314 1469 καθ’
363 1421 593 1468 ἕκαστον
638 1415 813 1484 λέγειν
859 1421 1100 1487 ἠγοῦμαι
1149 1416 1295 1468 εἶναι
1343 1419 1624 1486 περιττόν.
1713 1409 1856 1485 παρ’
1910 1412 2104 1474 ἄλλοις
2149 1413 2252 1481 γὰρ

176 1500 384 1568 μᾶλλον
408 1504 772 1569 γιγνώσκεται
797 1508 971 1553 ταῦτα
1008 1503 1103 1553 καὶ
1139 1504 1393 1570 τυγχάνει
1432 1499 1598 1572 δόξης
1634 1502 1727 1552 καὶ
1763 1507 1928 1571 τιμῆς
1954 1507 2052 1570 τῆς
2079 1512 2255 1566 προσ-

86 1593 134 1634 15
167 1589 422 1657 ηκούσης.
486 1580 627 1656 παρ’
669 1588 798 1653 ὑμῖν
827 1584 886 1637 δὲ
925 1588 992 1638 ἂν
1032 1584 1220 1650 διεξίω
1259 1589 1356 1638 τὸν
1393 1594 1491 1658 τῆς
1531 1594 1708 1658 φυγῆς
1739 1589 1955 1655 χρόνον,
1997 1584 2093 1634 οὐκ
2131 1581 2255 1634 ὀδύ-

170 1672 382 1740 ρεσθαί
413 1689 484 1737 με
523 1674 694 1742 φήσει
731 1690 843 1735 τις,
898 1669 1044 1723 πολὺ
1098 1670 1156 1723 δὲ
1204 1669 1417 1738 μᾶλλον
1465 1668 1929 1735 ἀλαζονεύεσθαι.
2005 1666 2255 1738 τελευτή-

171 1771 373 1818 σαντος
413 1754 472 1807 δὲ
511 1758 720 1807 ἐκείνου
769 1757 864 1808 καὶ
910 1764 1008 1827 τῆς
1044 1755 1358 1828 μεταβολῆς
1394 1761 1693 1826 γενομένης
1731 1754 1922 1826 ἀνῄειν
1965 1756 2071 1820 μὲν
2110 1755 2254 1822 πρὸς

169 1843 265 1891 τὸν
312 1838 604 1907 βέλτιστον
644 1842 885 1911 Νέρβαν.
975 1842 1086 1892 ὑπὸ
1128 1839 1186 1892 δὲ
1227 1844 1393 1892 νόσου
1427 1839 1679 1911 χαλεπῆς
1717 1840 2089 1905 κατασχεθεὶς
2127 1835 2255 1888 ὅλον

175 1927 383 1976 ἐκεῖνον
431 1921 754 1995 ἐζημιώθην
803 1928 899 1977 τὸν
945 1929 1165 1996 καιρόν,
1216 1927 1558 1996 ἀφαιρεθεὶς
1597 1920 2008 1995 αὐτοκράτορος
2059 1921 2255 1994 φιλαν-

89 2017 141 2059 20
176 2010 419 2078 θρώπου
457 2012 596 2076 κάμὲ
634 2012 968 2078 ἀγαπῶντος
1004 2013 1098 2062 καὶ
1125 2009 1306 2063 πάλαι
1334 2009 1518 2081 φίλου.
1583 2013 1675 2062 καὶ
1702 2012 1886 2076 ὀμνύω
1914 2011 2046 2070 τοὺς
2083 2010 2256 2069 θεοὺς

177 2097 305 2160 ὑμῖν
333 2097 603 2158 ἅπαντας,
643 2097 738 2146 οὐκ
763 2089 860 2166 ἐφ’
893 2096 978 2158 οἷς
1005 2097 1071 2147 ἂν
1110 2099 1191 2158 εἰς
1226 2098 1465 2162 ἐμαυτὸν
1502 2098 1534 2166 ἢ
1563 2102 1673 2148 τῶν
1700 2098 1847 2162 ἐμῶν
1873 2112 1998 2145 τινα
2038 2091 2255 2159 ἔλαβον,

1 2191 157 2232 ‹BRID
182 2181 277 2230 οὐκ
302 2182 400 2232 ἐπὶ
423 2183 647 2242 τούτοις
671 2182 928 2247 ἄχθομαι
955 2179 1295 2249 διαμαρτών,
1334 2175 1461 2231 ἀλλ’
1493 2175 1592 2251 ἐφ’
1627 2181 1710 2242 οἷς
1736 2183 1864 2246 ὑμῖν
1891 2181 1984 2230 καὶ
2011 2176 2256 2247 δημοσία

177 2263 244 2333 τῇ
283 2262 449 2316 πόλει
486 2270 797 2334 παρασχεῖν
821 2263 1113 2335 ἐδυνάμην,
1152 2267 1356 2335 ταύτην
1382 2267 1488 2332 ἐγὼ
1514 2263 1758 2334 μεγάλην
1785 2265 2016 2334 ἀριθμῶ
2045 2260 2256 2331 βλάβην

175 2350 267 2399 καὶ
304 2345 517 2418 ζημίαν.
594 2349 669 2400 ὦν
707 2351 808 2418 γὰρ
848 2357 941 2401 νῦν
980 2352 1268 2416 ἐτύχομεν,
1322 2353 1448 2400 τότε
1486 2347 1613 2420 ἐξῆν
1650 2356 1825 2400 ταῦτα
1864 2351 2008 2414 ἔχειν
2044 2350 2138 2398 καὶ
2174 2347 2253 2414 τῴ

94 2441 141 2485 25
178 2436 419 2503 παρόντι
472 2433 649 2503 καιρῷ
707 2437 852 2504 πρὸς
908 2439 1102 2504 ἐτέρας
1156 2435 1469 2505 κεχρῆσθαι
1531 2433 1759 2499 δωρεάς.
1864 2435 1992 2484 ἐπεὶ
2048 2427 2101 2483 δ’
2164 2432 2258 2482 οὖν

177 2516 387 2589 ὑπῆρξε
426 2520 580 2589 παρὰ
618 2522 816 2571 τούτου
858 2518 1272 2590 φιλανθρωπία
1310 2522 1404 2571 καὶ
1443 2518 1659 2590 σπουδὴ
1689 2522 1932 2588 τοσαύτη
1962 2519 2094 2587 περὶ
2118 2521 2260 2587 ἡμᾶς

178 2603 312 2671 ὅσην
349 2604 685 2655 ἐπίστανται
720 2607 821 2670 μὲν
849 2607 903 2655 οἱ
929 2608 1360 2675 παρατυχόντες,
1399 2606 1505 2672 ἐγὼ
1536 2604 1594 2656 δὲ
1622 2606 1689 2656 ἂν
1718 2603 1856 2672 λέγω
1885 2611 1994 2667 νῦν,
2038 2601 2258 2673 σφόδρα

182 2683 412 2756 λυπήσω
452 2691 634 2750 τινάς·
675 2688 812 2751 ἴσως
851 2687 910 2740 δὲ
939 2687 1064 2740 οὐδὲ
1095 2694 1359 2760 φανεῖται
1397 2693 1602 2751 πιστὸς
1642 2691 1672 2740 ό
1710 2687 1872 2756 λόγος
1901 2690 1964 2739 τὸ
2003 2687 2259 2758 τηλικαύ-

0 2745 160 2863 ἝιΒΠ)
180 2789 277 2840 της
325 2780 487 2843 τιμῆς
535 2776 870 2840 τυγχάνοντα
920 2776 1014 2825 καὶ
1067 2775 1372 2843 συνηθείας
1422 2775 1516 2824 καὶ
1566 2772 1762 2843 φιλίας
1812 2776 2036 2823 ἅπαντα
2086 2778 2258 2822 ταῦτα

101 2866 146 2905 30
183 2857 349 2907 ἐᾶσαι
384 2860 477 2909 καὶ
516 2858 792 2928 παριδεῖν,
832 2860 1271 2929 ἐπιθυμήσαντα
1320 2866 1417 2929 τῆς
1466 2860 1715 2908 ἐνταῦθα
1754 2865 1997 2927 ταραχῆς
2033 2860 2126 2908 καὶ
2163 2864 2260 2926 τῆς

179 2940 468 3006 ἀσχολίας,
523 2944 610 2994 ἵνα
658 2941 831 3013 μηδὲν
881 2943 1025 2994 εἴπω
1078 2941 1280 2994 πλέον·
1328 2946 1479 3008 ὅμως
1520 2936 1573 2992 δ’
1630 2945 1711 3004 εἰς
1752 2941 1910 2992 οὐδὲν
1949 2948 2059 2992 τῶν
2099 2940 2259 3010 ἰδίων

321 3193 346 3232 3
379 3186 560 3249 ὁμοίως
587 3189 709 3235 UBT
880 3188 1036 3237 ἐνίοτε
1068 3195 1354 3249 corruptum3
1397 3191 1593 3236 fortasse
1629 3190 1717 3235 fuit
1743 3185 1908 3238 ἀνιάτε
1937 3191 1968 3236 i.
2001 3203 2038 3236 e.
2071 3186 2259 3251 ἀνθρώ-

183 3259 292 3308 πειά
322 3278 375 3308 τε
499 3266 521 3306 7
551 3265 633 3308 καὶ
662 3257 916 3322 πρὸσόντα
946 3256 1072 3308 κακὰ
1105 3262 1195 3306 ΒΜ
1229 3263 1405 3322 καίπερ
1438 3259 1557 3309 ὄντα
1592 3278 1656 3333 ‚2⁶9⁶
1695 3257 1823 3308 κακὰ
1861 3261 1905 3307 U
1932 3263 2110 3323 καίπερ
2143 3260 2261 3311 ὄντα

180 3343 334 3392 κακὸν
359 3347 411 3402 Τ,
442 3342 501 3395 τὰ
532 3347 633 3392 add.
655 3346 789 3403 Emp.
885 3350 910 3390 8
941 3348 1026 3393 νῦν
1056 3359 1140 3391 om.
1162 3346 1212 3389 M
1307 3344 1513 3407 γράψειν
1544 3348 1740 3394 Cobetus
1778 3345 2027 3404 (Hertlein),
2059 3338 2262 3408 γράφειν

180 3418 285 3462 libri
372 3421 424 3462 10
454 3419 666 3474 κρίττονι
687 3418 735 3461 Μ
826 3421 873 3460 11
907 3420 966 3475 τῇ
996 3417 1097 3462 add.
1121 3417 1289 3463 Reiske
1378 3423 1431 3463 14
1461 3415 1742 3478 γινώσκεται
1771 3416 1853 3462 UT
1945 3422 1994 3461 15
2026 3422 2108 3477 τῆς
2138 3434 2263 3482 προς

180 3483 302 3546 ἡμᾶς
338 3488 419 3533 UT
460 3491 543 3546 τῆς
579 3483 704 3547 πρὸς
742 3482 862 3544 ὑμᾶς
891 3487 929 3532 Β
1109 3492 1157 3532 16
1198 3492 1381 3546 μᾶλλον
1419 3486 1541 3536 πολὺ
1572 3490 1676 3545 (hoc
1706 3488 1828 3543 ord.,
1859 3501 1944 3532 om.
1975 3488 2039 3543 δὲ)
2070 3489 2120 3533 Μ

185 3563 235 3603 17
267 3554 399 3618 ἀνήει
427 3559 477 3604 Μ
596 3562 645 3603 18
677 3554 765 3605 τὸν
795 3572 879 3603 om.
913 3558 947 3601 B
1060 3561 1111 3602 23
1142 3553 1323 3619 βλάβην
1351 3565 1395 3619 (η
1425 3573 1453 3605 a
1484 3566 1615 3615 corr.)
1646 3560 1687 3606 U
1774 3562 1827 3604 25
1857 3563 2095 3619 κεχρῆσθε
2127 3562 2178 3607 Μ

185 3633 237 3674 26
266 3625 459 3688 τοιαύτη
488 3629 605 3684 libri,
638 3642 754 3675 corr.
789 3630 917 3685 Emp.
1008 3631 1059 3672 27
1090 3629 1178 3686 μὲν
1210 3629 1255 3677 οἱ
1284 3631 1429 3688 Emp.,
1457 3627 1602 3688 μόνοι
1634 3629 1679 3678 οἱ
1707 3631 1810 3677 libri
1907 3634 1958 3675 28
1991 3628 2096 3680 τινὰ
2127 3632 2177 3676 Μ

183 3699 232 3747 δὲ
261 3714 345 3746 om.
376 3700 426 3743 M
540 3702 607 3762 τῷ
638 3714 719 3757 pro
752 3696 807 3746 τὸ
841 3699 922 3746 TU
953 3714 996 3744 m
1046 3714 1136 3746 sec.

2291 1331 2321 1378 Ν.)

2294 2353 2324 2404 3
