2684 4140
1084 276 1311 323 ORATIO
1341 276 1418 321 LI.
1539 275 1544 279 ’
2189 273 2291 321 103

211 420 428 487 τιμιῶν
461 422 522 471 αἱ
575 423 734 485 τιμαὶ
777 416 1000 486 μείζους
1038 423 1208 485 εἰσίν,
1259 424 1290 473 δ
1327 420 1386 473 δὲ
1423 415 1549 488 μετ’
1593 422 1813 482 εὐνοίας
1860 420 2147 472 νουθετῶν
2195 414 2298 469 τοὺ

212 507 351 571 μετὰ
397 503 688 567 κολακείας
737 504 1063 571 ὁμιλοῦντος
1109 504 1318 572 μᾶλλον
1371 510 1689 576 στέργεται,
1754 505 2182 575 προθυμότεροι
2234 498 2287 555 δ’

216 591 356 640 εἰσὶν
383 592 438 640 οἱ
462 587 666 642 πολλοὶ
694 588 1155 661 σωφρονίζεσθαι
1179 593 1272 643 καὶ
1298 592 1778 660 ἐπανορθοῦσθαι
1801 592 1833 660 ἢ
1856 590 2296 658 θεραπεύεσθαι

215 676 306 725 καὶ
343 680 584 745 τρυφᾶν·
637 677 668 745 ἢ
721 677 806 737 τίς
847 677 944 727 οὐκ
980 678 1047 727 ἂν
1084 678 1224 742 ὑμᾶς
1260 678 1361 742 μὲν
1399 673 1727 746 ἐκπλαγείη,
1778 681 1975 726 τοῦτον
2015 667 2068 725 δ’
2112 671 2295 724 εὐδαι-

124 767 150 808 5
191 763 193 765 ’
219 761 527 823 μονίσειεν,
583 753 685 830 ὑφ’
744 762 897 826 ὑμῶν
952 763 1223 812 τοιούτων
1281 763 1455 812 ὄντων
1508 763 1827 839 κεκριμένον
1882 766 1980 830 τῆς
2027 759 2296 828 ὑμετέρας

216 844 383 914 ἀρχῆς
427 842 617 907 dig-‘tom
1386 856 1390 861 ’

354 932 446 981 καὶ
471 931 639 998 ἔγωγε
664 934 835 998 μέγαν
863 930 1012 998 αὐτῷ
1039 934 1135 983 τὸν
1162 933 1347 998 ἀγωνα
1375 932 1484 1000 ὁρῶ
1513 932 1659 999 πρὸς
1683 931 1823 994 ὑμᾶς
1850 929 1997 979 ὄντα.
2054 930 2161 994 ὅτῳ
2189 927 2292 995 γὰρ
2333 927 2365 978 6

215 1011 383 1075 πόλις
415 1011 511 1084 ὅλη
550 1016 643 1065 καὶ
670 1013 844 1085 δῆμος
869 1017 1008 1066 ἑκὼν
1034 1018 1314 1084 ἐπέτρεψε
1341 1012 1632 1065 παιδεύειν
1661 1015 1828 1065 αὑτὸν
1855 1014 1949 1070 καὶ
1975 1012 2037 1062 ὅν
2063 1013 2301 1067 ἐπιστά-

214 1115 312 1167 την
351 1094 565 1149 εἵλετο
567 1106 673 1169 τῆς
711 1106 901 1169 κοινῆς
941 1101 1142 1170 ἀρετῆς
1178 1100 1272 1149 καὶ
1310 1101 1418 1165 ὅτῳ
1457 1100 1556 1168 τὴν
1593 1099 1869 1166 μεγίστην
1908 1097 2078 1165 ἀρχὴν
2127 1093 2298 1145 ἔδωκε

22 1219 68 1259 11)
79 1176 185 1229 R10
216 1189 314 1252 τῆς
355 1179 722 1253 σωφροσύνης
757 1185 850 1234 καὶ
886 1190 985 1253 τῆς
1032 1180 1290 1245 εὐταξίας
1325 1184 1419 1232 καὶ
1464 1188 1567 1232 τοῦ
1610 1179 1793 1241 καλῶς
1842 1182 2000 1247 Ι(ἠοῦν
2049 1182 2298 1240 ἕκαστον,

40 1276 120 1317 (547
142 1275 193 1318 Μ)
218 1273 342 1328 πῶς
381 1268 501 1332 οὐχὶ
534 1269 710 1333 τούτῳ
749 1271 922 1334 μέγας
957 1261 1048 1333 <ό>
1084 1268 1232 1334 ἀγών
1258 1268 1428 1330 ἐστιν,
1464 1267 1614 1318 ὥστε
1637 1262 1811 1335 μηδὲν
1837 1263 2095 1315 ἐλάττονι
2122 1270 2299 1333 φανῆ-

214 1370 307 1402 ναι
343 1358 440 1421 τῆς
476 1352 745 1420 ὑμετέρας
779 1353 1001 1420 γνώμης
1011 1368 1032 1412 ,·
1070 1353 1271 1401 σκόπει
1309 1348 1385 1413 δέ,
1426 1351 1516 1400 ἵνα
1556 1347 1710 1420 εἰδῇς
1747 1351 1835 1399 ὅτι
1872 1346 2013 1418 μηδὲ
2040 1353 2151 1398 τῶν
2191 1363 2299 1399 πα-

216 1431 387 1482 λαιῶν
434 1429 629 1501 μηδεὶς
673 1429 814 1501 μηδὲ
863 1438 973 1482 τῶν
1021 1427 1468 1498 θαυμαζομένων
1534 1429 1627 1482 διὰ
1677 1433 1892 1492 παντὸς
1951 1438 2054 1482 τοῦ
2097 1433 2299 1501 χρόνου

213 1514 543 1586 τηλικαύτης
590 1523 754 1586 τιμῆς
804 1517 960 1586 παρὰ
1009 1522 1119 1567 τῶν
1159 1514 1410 1567 πολιτῶν
1445 1512 1617 1584 <τῶν>
1667 1518 1841 1567 αὑτοῦ
1884 1518 2188 1586 τετύχηκεν.
2267 1518 2298 1566 ὁ
2339 1517 2367 1567 7

133 1609 182 1653 15
216 1607 346 1668 γοῦν
383 1598 660 1671 Περικλῆς
700 1603 934 1665 ἐκεῖνος,
986 1602 1047 1652 ὅν
1099 1603 1371 1668 ἀκούομεν
1410 1602 1566 1672 παρὰ
1604 1606 1726 1663 τοῖς
1758 1594 2092 1671 Ἀθηναίοις
2129 1602 2302 1667 ἀκμα-

215 1681 415 1755 ζούσης
451 1687 722 1753 γενέσθαι
758 1694 856 1756 τῆς
894 1684 1143 1750 πόλεως,
1201 1687 1537 1757 στρατηγίας
1584 1689 1686 1752 μὲν
1725 1688 2040 1754 ἐτύγχανεν·
2094 1687 2157 1737 οὐ
2195 1688 2303 1756 μὴν

215 1768 375 1833 ἄξιος
413 1767 570 1833 ἔδοξε
609 1768 702 1821 διὰ
742 1773 956 1832 παντὸς
995 1773 1182 1841 ἄρχειν
1210 1778 1324 1837 τοῦ
1352 1774 1554 1841 χρόνου
1577 1769 1769 1822 **καὶ
1815 1773 2021 1840 ταύτην
2072 1771 2168 1821 ούκ
2206 1772 2301 1840 ἀρ-

214 1857 404 1924 γύριον
445 1844 675 1906 διοικῶν
711 1853 836 1906 οὐδὲ
871 1853 1336 1926 οἰκοδομημάτων
1374 1854 1832 1922 ἐπιμελούμενος,
1872 1849 1998 1905 ἀλλ’
2041 1858 2199 1917 ὅπως
2236 1857 2304 1906 ἂν

216 1940 429 2007 ἀγαθοὶ
477 1939 615 1991 ὦσιν
666 1941 722 1990 οἱ
769 1938 1028 2004 πολῖται,
1076 1938 1507 1992 καὶνουθετεῖν
1557 1938 1827 2010 ἠβούλετο
1875 1942 2007 2002 τοὺς
2056 1941 2304 2009 ἁμαρτά-

137 2034 186 2074 20
222 2041 420 2086 νοντας
455 2027 547 2076 καὶ
585 2028 648 2076 τὸ
675 2032 805 2093 γοῦν
829 2019 969 2076 καθ’
1014 2027 1181 2076 αὑτὸν
1205 2023 1497 2093 βελτίονας
1523 2030 1729 2077 ποιεῖν.
1795 2027 1857 2075 οὐ
1884 2028 1993 2096 μὴν
2020 2026 2303 2095 ἠνείχοντο

218 2111 390 2160 αὑτοῦ
426 2108 518 2161 διὰ
557 2113 654 2181 τὴν
694 2113 878 2162 αὑτῶν
917 2113 1231 2178 ἀναγωγίαν
1259 2113 1315 2161 οἱ
1339 2114 1481 2162 τότε.
1547 2114 1709 2178 πόσῳ
1741 2109 1802 2181 δὴ
1832 2112 2118 2180 κρείττους
2141 2111 2300 2175 ὑμεῖς
2340 2110 2370 2162 8

217 2196 272 2244 οἱ
310 2193 719 2264 παραδιδόντες
770 2197 970 2257 αὑτοὺς
1019 2198 1114 2247 καὶ
1152 2193 1445 2247 παιδεύειν
1480 2193 1798 2257 κελεύοντες
1845 2202 1956 2246 τῶν
1996 2196 2046 2246 εἰ
2083 2195 2180 2245 καί
2216 2211 2303 2254 τις

215 2273 356 2349 παρ>
411 2269 583 2331 αὑτοῦ
628 2281 930 2348 πρόθυμος
977 2278 1042 2351 ἧν
1104 2288 1273 2331 τοῦτο
1333 2286 1522 2332 ποιεῖν
1580 2282 2036 2349 ἀγανακτούντων
2091 2280 2185 2331 καὶ
2242 2279 2303 2328 οὐ

215 2368 385 2430 μόνον
437 2367 498 2416 οὐ
537 2368 854 2431 τιμώντων,
905 2363 1045 2416 ἀλλὰ
1082 2368 1176 2418 καὶ
1213 2368 1666 2417 ἀποκτεινάντων
1716 2368 1812 2417 τὸν
1862 2363 2305 2432 ἐπιμελούμενον

0 2445 119 2529 ·ξῙ5)Β
142 2457 189 2499 25
225 2443 436 2519 [ὥσπερ
477 2452 679 2502 ἐκεῖνοι
715 2441 1048 2520 Σωκράτην].
1304 2457 1473 2503 ποῖον
1512 2452 1607 2502 οὖν
1646 2453 1731 2502 ἔτι
1766 2449 1995 2503 κάλλιον
2033 2453 2305 2519 ἐγκώμιον

0 2543 2 2546 ’
223 2536 255 2603 ἢ
297 2533 459 2585 τοῦδε
495 2537 526 2606 ἢ
566 2537 719 2601 ὑμῶν
758 2535 916 2587 εἴποι
963 2554 1051 2598 τις
1100 2539 1197 2599 ἀν,·
1247 2538 1308 2587 οἵ
1349 2554 1408 2605 γε
1457 2535 1653 2608 ἐπειδὴ
1700 2529 1968 2607 ᾔσθεσθε
2005 2539 2136 2598 τούς
2173 2537 2310 2606 ἐφή-

223 2611 357 2686 βους
394 2622 487 2672 καὶ
523 2623 654 2682 τούς
691 2623 1014 2683 νεανίσκους
1061 2623 1383 2690 κρείττονας
1433 2625 1814 2692 πεποιηκότα,
1865 2623 2038 2684 εὐθὺς
2074 2622 2310 2692 ἡγεῖσθε

220 2708 314 2757 καὶ
351 2708 490 2772 ὑμᾶς
539 2708 799 2772 ἀμείνους
839 2705 1124 2758 δύνασθαι
1161 2712 1349 2758 ποιεῖν
1386 2710 1480 2759 καὶ
1527 2709 1589 2778 νὴ
1630 2707 1745 2758 Δία
1784 2723 1844 2775 γε
1894 2708 2014 2772 οὐχὶ
2050 2711 2172 2768 τοῖς
2208 2708 2310 2772 μὲν

368 2959 387 2999 1
418 2957 581 3013 μίζους
611 2955 661 2998 Μ
747 2960 773 2999 4
805 2949 1185 3013 εὐδαιμονήσειεν
1205 2954 1326 2999 UBT
1416 2959 1439 2998 5
1469 2949 1557 3012 ὑφ’
1589 2946 1659 2999 ὧν
1676 2954 1808 2999 MUT
1898 2958 1922 2999 8
1955 2948 2103 3000 αὑτὸν
2124 2955 2254 3000 UMT

227 3029 275 3068 10
307 3028 387 3084 τῆς
417 3021 712 3086 εὐφροσύνης
741 3026 862 3071 UBT
982 3025 1039 3071 τὸ
1070 3038 1154 3081 pro
1185 3028 1274 3071 τοῦ
1303 3026 1384 3070 UB
1503 3028 1554 3069 11
1586 3028 1730 3071 τοῦτο
1762 3024 1799 3068 U
1830 3038 1886 3067 m.
1918 3038 1986 3081 pr.
2018 3026 2057 3069 B
2174 3021 2200 3072 ὃ
2232 3026 2311 3071 ad·-

223 3095 316 3139 didi
402 3097 543 3152 μηδὲν
563 3097 790 3150 Reiskius,
820 3099 982 3156 μηδενὶ
1001 3096 1103 3140 libri
1195 3100 1244 3139 12
1267 3092 1446 3142 σκώπει
1467 3095 1514 3139 Μ
1602 3097 1812 3141 πολιτῶν
1841 3109 1924 3152 pro
1955 3099 2173 3142 παλαιῶν
2191 3097 2242 3140 Μ

229 3170 279 3209 14
308 3169 405 3211 τῶν
433 3166 535 3211 add.
567 3167 800 3222 Pflugkius
947 3162 1096 3214 αὑτοῦ
1123 3165 1204 3210 UT
1323 3171 1374 3211 15
1405 3169 1522 3225 γοῦν
1551 3166 1743 3221 Selden.,
1775 3158 1861 3212 οὖν
1883 3166 2001 3211 UBT
2035 3169 2117 3213 νῦν
2146 3168 2197 3212 Μ

224 3238 460 3295 περικλεὲς
489 3236 529 3281 U
558 3250 617 3281 m.
647 3251 715 3293 pr.
747 3240 813 3290 (ut
841 3237 1037 3290 videtur)
1176 3241 1224 3280 17
1257 3232 1416 3291 ἔδοξεν
1446 3232 1600 3296 ἀρχὴν
1628 3237 1677 3280 Μ
1708 3234 1889 3291 ἕδοξεει
1923 3241 1965 3284 (ν
1995 3241 2128 3292 eras.)
2161 3238 2198 3282 U

224 3306 431 3350 lacunam
461 3312 564 3362 post
583 3301 774 3366 ’χρόνου
803 3309 966 3352 statuit
995 3307 1154 3364 Emp.,
1193 3308 1268 3364 qui
1304 3310 1540 3363 sequentia
1575 3308 1634 3353 ad
1665 3309 1897 3353 Socratem
1932 3308 2156 3365 pertinere
2184 3310 2313 3354 intel-

223 3378 332 3420 lexit
421 3382 470 3421 19
503 3383 747 3425 νουθετεῖν
776 3372 1013 3438 ἠβούλετο
1037 3377 1371 3431 (circumflexus
1392 3391 1420 3423 a
1442 3392 1575 3433 corr„
1606 3396 1634 3425 ν
1652 3378 1731 3424 fin.
1754 3383 1801 3424 et
1819 3379 1936 3424 lenis
1952 3380 1999 3424 in
2019 3383 2195 3435 rasura)
2219 3380 2255 3425 U

224 3451 277 3491 20
306 3442 418 3493 κατ’
450 3443 598 3495 αὑτὸν
630 3449 708 3494 UT
835 3443 1087 3507 ἀνείχοντο
1119 3449 1168 3492 Μ
1198 3443 1448 3508 ἠνείχοντο
1480 3453 1524 3509 (η
1552 3450 1597 3494 in
1628 3453 1735 3505 ras.)
1767 3449 1808 3495 U
1925 3445 2169 3497 21αὑτῶν
2197 3451 2312 3508 libri,

226 3531 340 3562 corr.
361 3519 494 3563 Dind.
586 3516 722 3581 πόσῳ
752 3519 803 3578 δή
839 3520 987 3576 Emp.,
1018 3518 1071 3578 δὴ
1104 3516 1241 3581 πόσῳ
1263 3521 1307 3563 Μ
1325 3517 1463 3582 πόσῳ
1493 3521 1542 3567 δὲ
1573 3521 1693 3566 UBT
1780 3522 1998 3580 κρείτους
2019 3521 2057 3565 U
2079 3535 2135 3566 m.
2158 3535 2226 3578 pr.

228 3592 279 3633 23
310 3589 429 3648 παρ’
462 3586 608 3637 αὑτοῦ
643 3592 675 3636 U
707 3605 763 3636 m.
796 3605 878 3647 pr„
908 3591 995 3634 MT
1111 3587 1168 3637 τὸ
1202 3586 1318 3638 αὐτὸ
1351 3601 1506 3639 ποιεῖν
1527 3592 1576 3635 Μ
1696 3594 1751 3636 24
1780 3589 2153 3649 ἐπιμελούμενον
2183 3592 2316 3648 Seld„

226 3657 601 3717 ἐπικαλούμενον
620 3661 742 3717 libri3
775 3658 1161 3721 ἐπιβαλλόμενον
1183 3662 1316 3718 Emp.
1413 3667 1466 3707 25
1497 3655 1661 3722 ὥσπερ
1682 3688 1735 3696 -
1758 3661 2027 3723 Σωκράτην
2044 3662 2316 3719 interpolata

227 3742 324 3776 esse
353 3732 546 3776 ostendit
574 3735 690 3789 part.
721 3745 816 3778 aor.
849 3727 1241 3779 ἀποκτεινάντων
1356 3736 1410 3778 26
1439 3731 1615 3793 ἦσεσθε
1645 3734 1695 3777 Μ
1818 3737 1869 3778 27
1903 3728 2122 3792 ἡγεῖσθαι
2151 3732 2200 3776 Μ
