2684 4140
991 285 1218 331 ORATIO
1248 285 1411 333 XLIV.
2180 286 2243 335 67

0 619 147 658 4RII)
230 612 350 671 (27)
403 608 1223 676 ΦΙΛΟΦΡΟΝΗΤΙΚΟΣ
1273 610 1512 677 ΠΡΟΣ
1565 611 1765 676 ΤΗΝ
1812 612 2217 679 ΠΑΤΡΙΔΑ

510 692 1265 759 ΕΙΣΗΓΟΥΜΕΝΗΝ
1307 693 1595 760 ΑΥΤΩΙ
1633 695 1942 764 ΤΙΜΑΣ.

306 914 474 986 Ἐμοί,
513 920 555 970 ὦ
595 918 792 989 ἄνδρες
830 919 1092 984 πολῖται,
1144 922 1268 973 οὔτε
1307 923 1443 987 ὄψις
1480 920 1652 989 ἡδίων
1691 925 1812 974 ἐστὶ
1847 932 1947 994 τῆς
1982 928 2251 995 ὑμετέρας
2293 928 2315 977 1

175 1006 299 1056 οὔτε
350 1009 504 1076 φωνὴ
557 1003 1015 1075 προσφιλεστέρα
1067 1006 1192 1056 οὔτε
1241 1009 1401 1072 τιμαὶ
1443 1003 1668 1071 μείζους
1718 1014 1828 1058 τῶν
1876 1008 2084 1060 ἐνθάδε
2130 1011 2254 1061 οὔτε

173 1091 406 1152 ἔπαινος
446 1088 832 1159 λαμπρότερος
868 1091 900 1159 ἢ
943 1091 973 1139 ό
1009 1082 1149 1158 παρ’
1192 1092 1372 1155 ὑμῶν’
1425 1084 1548 1140 οὐδ’
1593 1092 1659 1141 ἂν
1700 1089 2016 1156 ξύμπαντες
2057 1088 2255 1144 οἱ“Έλ-

176 1173 347 1244 ληνες,
387 1178 531 1244 πρὸς
571 1173 628 1225 δὲ
658 1176 848 1235 αὐτοῖς
876 1175 908 1224 ὁ
938 1167 1222 1239 Ῥωμαίων
1264 1173 1437 1244 δῆμος
1475 1177 1572 1239 ἐμὲ
1600 1172 1943 1240 θαυμάζωσι
1973 1179 2067 1228 καὶ
2091 1179 2254 1228 ἐπαι-

118 1269 141 1310 5
177 1267 363 1323 νῶσιν,
406 1261 499 1327 οὐκ
537 1261 603 1310 ἂν
642 1261 818 1321 οὕτως
855 1265 1034 1326 τοῦτο>
1061 1260 1337 1328 εὐφράναι
1375 1261 1474 1329 τὴν
1512 1261 1650 1330 ἐμὴν
1691 1258 1962 1312 διάνοιαν.
2038 1260 2116 1327 τῷ
2154 1262 2257 1330 γὰρ

173 1347 289 1396 ὄντι
328 1342 510 1395 πολλὰ
551 1345 702 1414 σοφοὶ
740 1346 834 1394 καὶ
870 1345 1008 1394 θεῖα
1048 1345 1281 1413 εἰρηκώς
1305 1337 1552 1413 (Όμηρος
1592 1342 1751 1395 οὐδὲν
1782 1348 2109 1415 σοφώτερον
2147 1347 2256 1416 ἔφη

107 1489 110 1492 ,
169 1433 366 1480 τούτου
393 1435 494 1479 τοῦ
528 1430 701 1489 ἔπους
729 1426 854 1478 οὐδὲ
884 1426 1267 1498 ἀληθέστερον
1292 1430 1390 1492 ,ὣς
1418 1427 1578 1480 οὐδὲν
1604 1428 1826 1497 γλύκιον
1853 1431 1919 1501 ῆς
1947 1428 2261 1499 πατρίδοςῖ

97 1583 99 1585 ‚
169 1514 233 1563 εὖ
263 1517 456 1579 μέντοι
492 1499 815 1563 ἐπίστασθε
853 1516 942 1564 ότι
979 1514 1080 1575 τὰς
1117 1515 1285 1579 τιμὰς
1312 1515 1418 1579 ἔχω
1447 1517 1655 1578 πάσας,
1694 1518 1788 1567 καὶ
1812 1519 1950 1577 ὅσας
1976 1522 2068 1566 νῦν
2096 1517 2246 1585 εἰση-
2287 1518 2317 1565 2

166 1586 364 1664 γεῖσθε
400 1599 492 1647 καὶ
530 1597 587 1648 εἴ
617 1615 765 1659 τινες
803 1596 972 1649 ἄλλαι
1011 1599 1182 1661 εἰσίν,
1233 1600 1291 1649 ἐν
1340 1606 1409 1668 τῇ
1457 1601 1696 1669 ὑμετέρᾳ
1735 1602 1924 1669 εὐνοίᾳ
1961 1603 2054 1651 καὶ
2094 1598 2259 1670 φιλίᾳ

20 1693 71 1735 Μ)
88 1692 135 1733 10
169 1683 262 1732 καὶ
300 1679 523 1744 οὐδενὸς
562 1681 731 1734 ἄλλου
774 1685 880 1751 ἐγὼ
925 1681 1140 1749 δέομαι.
1229 1690 1393 1734 τοῦτο
1431 1685 1534 1753 γὰρ
1585 1686 1876 1754 ἀνθρώπῳ
1921 1687 2260 1736 ἱκανώτατον

179 1767 433 1830 ἐπιεικεῖ,
472 1770 535 1818 τὸ
564 1769 903 1835 ἀγαπᾶσθαι
929 1769 1040 1818 ὑπὸ
1069 1774 1179 1818 τῶν
1219 1770 1392 1818 αὑτοῦ
1426 1766 1694 1832 πολιτῶν,
1733 1772 1826 1820 καὶ
1864 1771 1894 1819 ὁ
1918 1777 2085 1822 τοῦτο
2123 1771 2261 1834 ἔχων

173 1852 230 1900 τί
268 1853 334 1901 ἂν
373 1853 457 1906 ἔτι
495 1851 836 1921 προσδέοιτο
875 1854 1113 1904 εἰκόνων
1160 1854 1192 1922 ἢ
1242 1856 1605 1923 κηρυγμάτων
1651 1856 1683 1924 ἢ
1734 1853 2082 1924 προεδριῶν,·
2130 1849 2257 1905 ἀλλ’

177 1934 302 1998 οὐδὲ
358 1943 611 2006 ,χρυσοῦς
665 1931 1048 2008 σφυρήλατος’
1110 1940 1407 2003 ἱστάμενος
1476 1940 1534 1989 ἐν
1592 1944 1713 2000 τοῖς
1779 1941 2260 2010 ἐπιφανεστάτοις

47 2034 81 2068 R
103 2034 155 2074 Π)
181 2022 368 2091 ἱεροῖς.
433 2023 490 2072 ἓν
515 2023 617 2090 γὰρ
645 2012 793 2093 ῥῆμα
822 2020 1085 2085 πλείονος
1123 2021 1281 2086 ἄξιον
1321 2017 1429 2073 ἀπ’
1473 2015 1695 2085 εὐνοίας
1731 2025 1911 2094 ῥηθὲν
1935 2026 2029 2075 καὶ
2069 2021 2264 2093 φιλίας

107 2115 151 2155 15
187 2108 218 2177 ἢ
272 2109 334 2157 τὸ
386 2105 606 2175 ξύμπαν
655 2109 712 2158 ἐν
761 2109 1097 2177 ἀνθρώποις
1139 2110 1370 2178 χρυσίον
1418 2110 1511 2160 καὶ
1561 2113 1834 2179 στέφανοι
1869 2111 1962 2160 καὶ
1998 2110 2066 2158 τὰ
2100 2106 2264 2171 ἄλλα,

180 2184 284 2254 ὅσα
325 2190 484 2243 δοκεῖ
513 2190 770 2261 λαμπρά·
812 2194 955 2262 ὥστε
992 2209 1093 2258 μοι
1119 2194 1464 2259 πειθόμενοι
1492 2195 1635 2244 οὕτω
1676 2199 1911 2245 ποιεῖτε.
1977 2191 2113 2244 εἰδὲ
2152 2195 2260 2261 ἄρα
2303 2195 2332 2246 3

177 2277 270 2344 καὶ
305 2279 570 2339 τοιαύτας
607 2278 764 2339 τινάς
803 2275 896 2328 δεῖ
922 2295 993 2343 με
1030 2279 1198 2343 τιμὰς
1235 2279 1395 2342 ἔχειν,
1436 2275 1648 2329 πολλαί
1683 2295 1783 2343 μοι
1820 2281 1914 2329 καὶ
1950 2276 2119 2328 ἄλλαι
2156 2278 2268 2332 εἰσὶ

178 2351 319 2431 παρ’
359 2364 505 2428 ὑμῖν,
545 2369 708 2414 τοῦτο
746 2365 846 2428 μὲν
886 2365 947 2413 αἱ
984 2369 1086 2413 τοῦ
1119 2366 1338 2432 πατρὸς
1378 2370 1479 2413 τοῦ
1514 2365 1667 2428 ἐμοῦ,
1707 2366 1870 2425 ὅσαις
1908 2365 2118 2414 ἐκεῖνον
2157 2363 2266 2412 ἐτι-

175 2449 404 2516 μήσατε,
445 2450 520 2509 ὡς
547 2446 721 2518 ἄνδρα
763 2449 985 2516 ἀγαθὸν
1011 2450 1105 2499 καὶ
1130 2450 1263 2499 ὅσον
1303 2444 1393 2518 ἔζη
1429 2451 1630 2518 χρόνον
1671 2446 1906 2510 δικαίως
1932 2452 2266 2518 προεστῶτα

101 2522 149 2582 26
183 2523 351 2602 τῆσδε
388 2540 486 2603 τῆς
524 2531 770 2596 πόλεως,
809 2528 973 2584 τοῦτο
1015 2532 1074 2584 δὲ
1113 2541 1211 2604 τῆς
1247 2537 1485 2603 μητρός,
1524 2534 1589 2604 ἧς
1626 2535 1785 2599 ὑμεῖς
1826 2531 2141 2603 ἱδρύσασθε
2177 2532 2270 2581 καὶ

181 2614 400 2683 ἄγαλμα
437 2620 530 2669 καὶ
568 2619 744 2687 ἱερόν,
794 2604 958 2682 τοῦτο
1009 2617 1068 2670 δὲ
1121 2621 1181 2670 αἱ
1227 2625 1339 2670 τῶν
1393 2621 1653 2675 πάππων
1702 2620 1796 2669 καὶ
1834 2620 1895 2668 αἱ
1930 2623 2041 2668 τῶν
2081 2614 2264 2666 ἄλλων
2305 2616 2336 2664 4

182 2705 496 2770 προγόνων,
537 2703 622 2754 ἔτι
661 2701 719 2754 δὲ
760 2705 820 2753 αἱ
858 2710 968 2755 τῶν
1008 2702 1270 2774 ἀδελφῶν
1307 2706 1401 2755 καὶ
1438 2710 1549 2755 τῶν
1587 2701 1771 2754 ἄλλων
1814 2709 2102 2770 συγγενῶν.
2177 2701 2270 2750 καὶ

181 2776 283 2856 γὰρ
323 2785 657 2857 ἀνδριάντας
707 2786 958 2851 πολλοὺς
991 2791 1098 2840 ,καὶ
1144 2790 1332 2860 ταφὰς
1371 2787 1648 2859 δημοσία-ς
1685 2789 1778 2838 καὶ
1815 2788 2034 2854 ἀγῶνας
2072 2787 2269 2835 ἐπιτα-

108 2930 111 2940 2
187 2873 352 2942 φίους
398 2875 491 2924 καὶ
539 2871 679 2924 ἄλλα
728 2871 913 2924 πολλὰ
963 2875 1056 2925 καὶ
1104 2876 1289 2940 τίμια,
1335 2869 1433 2939 <ἀ>
1479 2874 1713 2933 ἐκείνοις
1762 2872 1918 2940 παρὰ
1967 2867 2135 2939 τῆσδε
2173 2875 2271 2938 τῆς

109 2965 158 3006 25
195 2954 415 3019 πόλεως
452 2962 696 3025 γέγονεν,
747 2954 865 3028 [ὧν]
908 2953 1133 3020 οὐδενὸς
1170 2960 1275 3025 ἐγὼ
1316 2955 1719 3026 ἐπιλέλησμαι,
1771 2953 1911 3005 ἀλλὰ
1959 2955 2274 3018 ἐπίσταμαι

189 3044 371 3092 πάντα
413 3044 488 3103 ὡς
528 3043 647 3094 οἷόν
685 3061 744 3094 τε
781 3042 1056 3109 μάλιστα,
1104 3045 1198 3093 καὶ
1247 3041 1409 3107 οἶμαι
1459 3042 1560 3102 τὰς
1610 3042 1752 3107 ὑπὲρ
1791 3041 2004 3089 τούτων
2037 3039 2273 3106 χάριτας

334 3251 353 3290 1
389 3244 512 3306 ὅψης
540 3248 590 3292 Μ
713 3253 742 3292 7
775 3251 996 3306 γλυκεῖον
1026 3247 1163 3292 Μὀἰ.
1194 3246 1278 3292 Od.
1309 3248 1409 3300 9‚34
1555 3249 1580 3289 8
1609 3242 1902 3290 ἐπίστασθαι
1931 3242 1979 3286 Μ
2007 3240 2273 3288 ἐπίστασθε

191 3322 230 3373 (ε
260 3332 287 3364 a
317 3323 450 3373 corr.)
480 3318 518 3362 U
633 3315 924 3377 εἰσηγεῖσθαι
953 3318 1001 3362 Μ
1121 3321 1167 3361 11
1204 3309 1353 3363 αὐτοῦ,
1378 3315 1459 3360 UT
1565 3318 1631 3359 v12
1662 3310 1772 3361 ἀλλ’
1804 3308 1912 3360 οὐδὲ
1943 3339 1993 3344 —-
2031 3317 2080 3357 14
2112 3311 2271 3368 ἱεροῖς.

190 3403 294 3434 num
333 3390 429 3446 ipse
457 3389 544 3434 Dio
580 3389 727 3445 ellipsi
763 3401 871 3433 usus
913 3389 1013 3433 est?
1058 3400 1117 3433 an
1155 3391 1357 3443 praestat
1396 3391 1499 3430 ante
1537 3380 1648 3432 ἀλλ’
1691 3380 1799 3431 οὐδὲ
1829 3397 1866 3429 e.
1898 3397 1940 3440 q.
1973 3396 2008 3429 s.
2039 3384 2272 3440 supplere:

192 3459 298 3510 οὐδὲ
325 3459 420 3522 γὰρ
450 3462 596 3508 πλέον
626 3457 685 3507 ἂν
716 3457 817 3519 ἔχοι
848 3453 985 3506 οὐδὲν
1015 3451 1114 3505 άπὸ
1146 3450 1330 3504 τούτων
1448 3460 1500 3500 13
1527 3458 1735 3515 χρυσοῦς
1765 3457 1801 3499 Β
1828 3457 2011 3514 χρυσοῦ
2038 3453 2175 3499 ceteri

190 3534 486 3594 σφυρήδατος
525 3533 574 3580 Μ
751 3533 958 3590 χρυσοῦς
1000 3526 1300 3589 σφυρήλατος
1340 3541 1396 3573 ex
1436 3527 1775 3586 Cypselidarum
1817 3527 2136 3583 epigrammate

194 3610 243 3649 19
274 3602 349 3663 ἔξη
377 3604 425 3648 Μ
598 3606 651 3647 20
688 3597 964 3661 ὓδρύσασθε
1001 3600 1039 3643 Β
1213 3603 1262 3643 21
1299 3593 1569 3667 αὑτῶνᾸπο
1612 3595 1659 3644 αὶ
1689 3599 1787 3644 τῶν
1816 3597 1855 3640 Β
2028 3598 2082 3639 24
2119 3589 2272 3640 πολλὰ

192 3677 323 3732 τίμια
355 3675 432 3720 UT
548 3668 578 3720 ἃ
611 3672 778 3727 addidi,
810 3675 997 3730 propter
1026 3671 1154 3715 cuius
1181 3671 1404 3714 iacturam
1427 3670 1504 3714 [ὠν
1531 3668 1850 3726 interpolatum
1879 3669 1978 3712 erat
2063 3668 2116 3709 26
2146 3665 2278 3710 καίο-

193 3763 276 3802 μαι
305 3745 352 3789 Μ
466 3741 586 3803 ὑπὲρ
616 3739 790 3790 τούτου
820 3742 946 3787 UBT
1966 3808 2026 3852 5*
