2684 4140
347 277 451 328 214
1091 266 1298 312 DIONIS
1325 264 1411 310 DE
1440 262 1683 311 INVIDIA

346 433 507 471 σεται
540 420 798 466 τοιοῦτον
836 415 1102 482 παρέχειν
1139 411 1340 461 ἑαυτὸν
1379 411 1583 461 ὁποῖον
1633 405 1888 472 ἀξιοῦσιν
1939 411 1995 460 οἱ
2044 408 2264 463 πολλοί.
2349 415 2443 465 καὶ

345 499 511 572 δῆλον
536 501 625 550 ὅτι
650 498 812 548 ἔσται
837 498 972 561 ταχὺ
998 492 1150 562 μάλα
1177 495 1376 556 ἐοικὼς
1400 487 1527 546 ἀντ’
1565 495 1778 545 ἐκείνου
1805 500 1908 545 τοῦ
1931 499 2208 567 πρότερον
2237 499 2439 560 ἵππου,

342 591 445 636 τοῦ
488 579 718 653 φαύλως
754 582 849 632 καὶ
894 581 1035 631 κατὰ
1073 582 1172 651 τήν
1211 586 1314 630 τοῦ
1348 581 1472 642 ένὸς
1508 580 1876 650 εἰργασμένου
1915 584 2136 651 τέχνην,
2176 582 2256 650 τῷ
2293 585 2439 634 θαυ-

340 666 538 736 μαστῷ
573 668 669 718 καὶ
706 663 1028 734 πολυτέχνῳ
1069 663 1548 736 δημιουργήματι,
1594 662 1737 735 μηδὲ
1778 657 1980 727 αὐτοὺς
2028 667 2273 731 ἐκείνους
2312 671 2438 740 ἆρέ-
2463 679 2542 722 (657
2557 678 2609 722 Μ)

343 768 532 805 σκοντι
568 753 700 813 τοὺς
737 749 1127 821 δημιουργούς,
1165 752 1279 802 ὑπὸ
1319 757 1418 822 τῆς
1454 752 1726 802 ἁπάντων
1765 751 2026 812 ἐπινοίας
2061 753 2155 802 καὶ
2179 750 2446 823 δημιουρ·
2482 762 2506 803 5

255 841 323 893 25
343 839 468 906 γίας
508 837 889 904 συγκείμενος·
926 836 1195 906 καθάπερ
1237 837 1269 886 ὁ
1304 836 1493 902 μῦθός
1533 850 1679 906 φησι
1715 837 1814 906 τὴν
1840 833 2159 905 Πανδώραν
2200 830 2297 902 οὐχ
2333 830 2436 908 ὑφ’

338 925 462 984 ἑνὸς
497 928 610 973 τῶν
646 922 802 973 θεῶν
842 919 1264 992 πεπλασμένην,
1306 918 1447 971 ἀλλὰ
1473 927 1634 991 κοινῇ
1664 922 1773 971 ὑπὸ
1802 923 2049 984 πάντων,
2090 918 2227 972 ἄλλο
2267 919 2439 973 ἄλλου

338 1007 692 1078 δωρουμένου
739 1008 835 1059 καὶ
882 1007 1326 1077 προστιθέντος,
1380 1000 1643 1073 οὐδαμῶς
1695 999 2050 1078 σοφὸν.οὗδ’
2093 1000 2193 1057 ἐπ’
2236 1006 2444 1076 ἀγαθῷ

337 1088 438 1163 [τὸ]
476 1090 713 1160 πλάσμα
750 1095 1063 1161 γενόμενον,
1103 1090 1476 1144 παντοδαπὸν
1515 1089 1575 1144 δὲ
1615 1093 1710 1144 καὶ
1735 1089 1997 1144 ποικίλον
2022 1096 2145 1154 τοῖς
2175 1090 2443 1161 λαβοῦσιν

337 1179 626 1250 ἀποβῆναι
661 1181 844 1230 κακόν.
909 1181 1057 1229 ὅπου
1099 1176 1157 1229 δὲ
1186 1179 1341 1230 θεῶν
1369 1175 1530 1244 ὄχλος
1565 1179 1660 1229 καὶ
1688 1174 1864 1250 δῆμος
1889 1184 2050 1248 κοινῇ
2090 1176 2442 1249 δημιουργῶν
2484 1175 2673 1262 10(42313

337 1266 432 1316 καὶ
466 1260 834 1333 ἐργαζόμενος
875 1281 972 1330 ουχ
1012 1263 1133 1326 οἶός
1170 1280 1230 1315 τε
1269 1265 1486 1332 ἐγένετο
1513 1261 1698 1325 καλῶς
1724 1281 1784 1314 τε
1813 1265 1908 1315 καὶ
1934 1265 2246 1330 ἀμέμπτως
2283 1266 2442 1334 ἐργά-

341 1350 590 1414 σασθαι,
642 1351 702 1401 τί
737 1351 804 1401 ἂν
846 1351 987 1421 φαίη
1027 1367 1115 1411 τις
1153 1351 1249 1401 τὸν
1285 1351 1400 1401 ὑπό
1447 1366 1508 1418 γε
1557 1350 1931 1420 ἀνθρωπίνης
1984 1347 2151 1420 δόξης
2199 1347 2444 1401 πλαττό-

336 1452 506 1502 μενον
542 1437 636 1487 καὶ
675 1433 1188 1506 δημιουργούμενον
1214 1436 1341 1502 βίον
1380 1453 1439 1487 τε
1463 1437 1558 1488 καὶ
1585 1433 1762 1505 ἄνδρα
1773 1454 1792 1499 ,·
1832 1433 2000 1506 δῆλον
2029 1435 2124 1487 οὖν
2152 1438 2230 1498 ὡς
2268 1435 2326 1487 εί
2356 1453 2445 1497 τις

337 1522 446 1591 ἔφυ
485 1520 565 1589 τῴ
605 1523 724 1572 ὄντι
763 1524 1066 1591 φρόνιμος,
1122 1519 1284 1573 οὐδὲν
1333 1523 1400 1573 ἂν
1438 1525 1715 1592 προσέχοι
1751 1520 1830 1590 τῴ
1883 1519 2024 1589 λόγῳ
2064 1527 2176 1572 τῶν
2214 1518 2443 1572 πολλῶν

338 1604 466 1657 οὐδὲ
500 1607 823 1676 θεραπεύοι
862 1609 958 1658 τὸν
998 1600 1141 1676 παρ’
1185 1608 1410 1658 ἐκείνων
1449 1608 1686 1658 ἔπαινον
1725 1605 1786 1670 ἐξ
1812 1609 2082 1670 ἅπαντος,
2125 1608 2268 1658 ὥστε
2309 1604 2436 1657 οὐδὲ
2472 1603 2524 1657 '15

334 1695 476 1759 μέγα
499 1689 627 1742 οὐδὲ
648 1693 837 1758 τίμιον
861 1689 988 1742 οὐδὲ
1010 1692 1249 1759 ἀγαθόν,
1277 1694 1356 1753 ὡς
1376 1693 1517 1753 ἔπος
1536 1693 1740 1756 εἰπεῖν,
1768 1694 1966 1742 τοῦτόν
1988 1708 2129 1743 ποτε
2154 1693 2443 1762 ἡγήσεται.

334 1778 407 1847 μὴ
438 1772 679 1842 νομίζων
707 1774 766 1827 δὲ
805 1778 1027 1845 ἀγαθὸν
1065 1777 1391 1845 βασκαίνειν
1418 1774 1523 1827 ἐπ’
1561 1775 1711 1845 αὐτῷ
1750 1781 1873 1838 τοῖς
1901 1777 2122 1842 ἔχουσιν
2151 1774 2443 1839 ἀδύνατος.

250 1861 320 1914 26
342 1862 536 1913 οὔκουν
586 1868 845 1924 τοιοῦτος
895 1866 1029 1933 ἡμῖν
1079 1864 1111 1913 ὁ
1157 1867 1412 1931 γενναῖος
1458 1864 1553 1914 καὶ
1607 1864 1853 1933 σώφρων
1900 1864 1994 1913 καὶ
2039 1859 2447 1928 κεκολασμένος

338 1949 492 2018 ἀνήρ,
526 1945 807 2010 πλούτους
839 1966 898 1999 τε
935 1950 1030 2000 καὶ
1066 1950 1338 2011 ἐπαίνους
1374 1950 1469 2001 καὶ
1508 1951 1823 2020 στεφάνους
1847 1942 2221 2014 Ὀλυμπικούς
2256 1965 2317 1999 τε
2353 1949 2448 1999 καὶ

336 2033 634 2095 Πυθικοὺς
670 2035 764 2084 καὶ
799 2036 1099 2103 γράμματα
1138 2036 1197 2086 ἐν
1237 2031 1470 2105 στήλαις
1505 2036 1600 2086 καὶ
1634 2035 1946 2105 μαρτυρίας
1993 2035 2308 2105 ἐγγράφους
2347 2031 2441 2103 δή-
2477 2040 2525 2082 20

336 2136 457 2184 μων
494 2120 590 2170 καὶ
625 2117 907 2185 βασιλέων
946 2117 1191 2184 διώκων,
1242 2122 1401 2182 ὅπως
1448 2121 1517 2171 ἂν
1553 2104 1590 2190 ᾗ
1631 2118 2012 2188 περίβλεπτος
2048 2122 2143 2171 καὶ
2182 2122 2442 2191 φανερός,

338 2196 466 2254 οἳλλ>
509 2202 782 2274 εὐσταλής
819 2222 879 2256 τε
916 2207 1010 2256 καὶ
1048 2207 1267 2276 ἄτυφος
1305 2208 1383 2267 ὡς
1423 2205 1543 2256 οἷόν
1582 2223 1642 2256 τε
1675 2212 1875 2276 χωρῶν
1905 2203 1998 2256 διὰ
2026 2211 2129 2255 τοῦ
2162 2206 2307 2272 βίου,
2347 2223 2442 2255 τα-

337 2291 534 2351 πεινὸς
569 2291 664 2341 καὶ
698 2287 1105 2357 κεκολασμένος
1142 2292 1311 2353 αὐτὸς
1347 2284 1451 2362 ὑφ’
1496 2293 1670 2342 αὐτοῦ
1702 2293 1797 2342 καὶ
1833 2298 1931 2362 τῆς
1971 2292 2144 2342 αὑτοῦ
2167 2288 2441 2354 διανοίας,

336 2375 575 2436 οὐθενὸς
613 2372 829 2438 ἔξωθεν
873 2378 1084 2442 κόσμου
1135 2374 1557 2446 προσδεόμενος
1596 2374 1723 2428 οὐδὲ
1774 2377 2053 2428 ἐπιθέτου
2107 2383 2273 2447 τιμῆς
2313 2374 2439 2427 οὐδὲ

338 2458 609 2531 φαλάρων
646 2462 741 2512 καὶ
778 2467 1028 2531 πτερῶν,
1071 2463 1263 2531 ὥσπερ
1306 2464 1361 2513 οἱ
1396 2464 1558 2514 κακοὶ
1593 2463 1960 2533 μισθοφόροι
1997 2462 2178 2531 πτερὰ
2215 2463 2309 2512 καὶ
2349 2459 2438 2512 λό-
2476 2466 2526 2509 25

339 2562 483 2615 φους
521 2543 897 2614 ἀναλαβόντες
934 2549 1028 2598 καὶ
1063 2550 1349 2617 Γοργόνας
1387 2550 1486 2600 ἐπὶ
1523 2554 1634 2599 τῶν
1674 2546 1938 2599 ἀσπίδων
1981 2549 2075 2599 καὶ
2113 2551 2235 2609 τοῖς
2276 2545 2443 2617 δορα-

336 2632 485 2693 τίοις
522 2638 849 2702 ψοφοῦντες
887 2633 1089 2684 ἔπειτα
1132 2636 1451 2704 φεύγουσιν,
1492 2635 1543 2684 εἰ
1580 2637 1779 2704 μικρὸς
1814 2631 2128 2701 καταλάβοι
2170 2630 2441 2694 κίνδυνος.

251 2715 320 2766 27
343 2718 498 2778 οἴους
536 2715 785 2779 πολλοὺς
823 2715 964 2769 ἰδεῖν
1003 2719 1127 2769 ἔστι
1164 2725 1275 2770 τῶν
1315 2720 1588 2785 οἰομένων
1627 2718 1774 2770 εἶναι
1811 2721 2130 2788 μακαρίων,
2182 2716 2445 2786 ξεναγούς

336 2821 495 2864 τινας
531 2805 625 2854 καὶ
664 2801 1032 2873 δημαγωγοὺς
1068 2806 1163 2856 καὶ
1203 2807 1512 2876 σοφιστάς,
1564 2806 1622 2855 έν
1670 2805 1945 2873 θεάτροις
1991 2805 2086 2855 καὶ
2124 2805 2281 2873 παρὰ
2321 2807 2444 2864 τοῖς

335 2889 628 2958 μαθηταῖς
665 2890 759 2940 καὶ
795 2890 936 2940 κατὰ
979 2891 1182 2960 σκηνὰς
1220 2892 1377 2951 ἐντὸς
1426 2887 1814 2959 στρατοπέδου
1863 2886 2432 2957 μεγαλαυχουμένους,
2471 2892 2520 2934 3⁰

336 2976 469 3026 ὅταν
508 2975 749 3039 τύχωσιν
788 2977 1140 3037 ὑποπιόντες
1177 2983 1276 3047 τῆς
1312 2976 1684 3046 μεσημβρίας,

481 3241 506 3281 3
538 3242 626 3285 τοῦ
653 3252 740 3285 om.
773 3241 812 3285 U
927 3245 1008 3288 καὶ
1037 3254 1123 3287 om.
1156 3240 1198 3286 U
1312 3245 1339 3286 6
1370 3258 1488 3300 φασι
1519 3242 1556 3286 Β
1709 3242 2019 3302 συγκείμενος
2050 3239 2227 3297 scripsi,
2259 3255 2442 3299 συγκει-

334 3308 463 3372 μένῳ
491 3308 596 3353 libri
711 3313 736 3354 9
767 3310 823 3358 τὸ
859 3312 1024 3357 seclusi
1142 3317 1186 3357 1¹
1224 3316 1305 3360 καὶ
1333 3314 1460 3371 prius
1491 3326 1577 3358 om.
1611 3314 1647 3356 B
1753 3318 1803 3357 14
1835 3312 1891 3359 τὸ
1927 3310 2032 3359 ὄντι
2063 3312 2112 3356 Μ
2220 3316 2268 3356 15
2302 3306 2440 3358 οὐδὲν

335 3379 460 3439 μέγα
482 3380 655 3437 Gasda3
687 3395 778 3426 non
808 3383 951 3439 probo
1044 3387 1094 3428 16
1124 3383 1272 3431 τοῦτό
1305 3401 1425 3431 ποτε
1454 3384 1573 3437 libri,
1606 3397 1720 3430 corr.
1744 3383 1876 3440 Emp.
1967 3387 2018 3427 17
2051 3379 2291 3430 ἀδύνατον
2319 3382 2439 3437 libri,

341 3463 456 3495 corr.
487 3451 620 3507 Emp.
756 3455 810 3496 20
839 3456 922 3499 καὶ
952 3456 1073 3507 (ante
1101 3452 1377 3514 γράμματα)
1408 3469 1493 3500 om.
1524 3455 1574 3498 Μ
1708 3455 1993 3515 μαρτυρίαις
2021 3449 2283 3514 ἐγγράφοις
2313 3452 2353 3497 U

340 3524 395 3565 22
428 3518 614 3568 οἴονται
645 3522 693 3566 Μ
811 3527 864 3567 23
894 3519 982 3570 ὕπ’
1013 3520 1162 3572 αὐτοῦ
1190 3526 1306 3579 libri,
1341 3538 1459 3572 corr.
1491 3525 1626 3571 Dind.
1745 3519 1895 3572 αὐτοῦ
1921 3524 2042 3581 libri,
2072 3537 2186 3569 corr.
2219 3523 2355 3568 Dind.

339 3594 397 3635 24
425 3588 504 3637 ἐπὶ
533 3595 655 3639 θεοῦ
685 3593 723 3637 Β
813 3597 866 3639 25
898 3599 1089 3653 πετρῶν
1119 3597 1198 3641 UB
1231 3610 1287 3642 ex
1307 3598 1386 3643 Ar.
1410 3598 1525 3643 th.
1560 3600 1642 3642 572
1656 3609 1721 3654 sq.
1751 3597 1866 3641 haec
1894 3596 2038 3653 petita
2068 3597 2223 3640 censet
2245 3594 2351 3639 Wil.

339 3665 391 3706 27
424 3659 502 3709 ἐπὶ
533 3658 591 3709 τὰ
622 3663 672 3707 Μ
805 3667 858 3708 30
889 3662 1028 3720 ἐντὸς
1058 3669 1387 3726 στρατοπέδου
1416 3670 1464 3712 Μ
1494 3667 1547 3716 ἐν
1575 3671 1645 3732 τῷ
1675 3666 1984 3729 στρατοπέδῳ
2004 3665 2084 3712 UB
2177 3669 2227 3710 31
2259 3662 2433 3712 ὑποπι-

343 3729 483 3788 όντες
512 3734 660 3792 Emp,
689 3729 1012 3792 ὑποπίνοντες
1040 3738 1144 3783 libri
