2684 4140
386 243 488 290 180
997 232 1147 278 DION
1150 232 1202 276 IS
1233 231 1318 275 DE
1347 228 1758 274 PHILOSOPHIA

331 372 333 374 ’
384 385 550 434 πείαν
587 387 685 449 τῆς
719 380 893 428 αὐτοῦ
914 382 1114 445 ψυχῆς,
1152 373 1369 442 μακρὰν
1397 368 1727 435 ἀλαζονείας
1751 373 1844 423 καὶ
1874 373 2099 442 ἀπάτης
2126 373 2221 423 καὶ
2244 380 2475 443 τρυφῆς,

313 484 344 534 8
383 462 660 517 εὐτέλειάν
708 479 767 512 τε
814 461 908 510 καὶ
957 461 1327 529 σωφροσύνην
1377 485 1446 494 —-
1492 459 1586 508 καὶ
1635 457 1738 526 γὰρ
1792 453 1958 526 στολὴ
2011 460 2173 526 ἑτέρα
2229 459 2329 523 μὲν
2378 464 2480 508 τοῦ

379 546 856 619 φιλοσοφοῦντος,
907 547 1068 612 ἑτέρα
1122 541 1181 593 δὲ
1232 548 1343 593 τῶν
1394 539 1640 593 ἰδιωτῶν
1689 542 1784 592 καὶ
1830 538 2160 603 κατάκλισις
2204 544 2299 593 καὶ
2344 558 2476 610 γυμ-

374 635 542 683 νάσια
588 632 682 681 καὶ
721 627 924 696 λουτρὰ
961 629 1055 679 καὶ
1090 631 1122 694 ἡ
1161 625 1299 697 ἄλλη
1342 625 1561 690 δίαιτα,
1605 627 1700 677 καὶ
1747 628 1843 676 τὸν
1893 628 1994 691 μὲν
2052 624 2474 677 ἀκολουθοῦντα

372 719 464 767 καὶ
501 709 633 783 [τὸν]
667 716 954 784 χρώμενον
991 715 1216 774 τούτοις
1255 710 1349 764 δεῖ
1378 708 1623 779 νομίζειν
1665 712 1742 773 ὡς
1770 709 2091 782 φιλοσοφίᾳ
2118 715 2469 780 προσέχοντα
2506 723 2529 760 5

373 804 469 852 τὸν
506 807 662 852 νοῦν·
715 801 811 850 τὸν
852 796 910 850 δὲ
950 800 1008 849 ἐν
1045 796 1243 868 μηδενὶ
1280 800 1494 848 τούτων
1537 795 1886 867 διαφέροντα
1924 795 2065 867 μηδὲ
2105 794 2249 858 ὅλως
2287 799 2475 864 ἕτερον

378 888 507 937 ὅντα
546 891 656 936 τῶν
695 881 922 934 πολλῶν
959 878 1118 951 <ούχ>
1154 885 1249 934 ἕνα
1287 884 1512 933 ἐκείνων
1552 882 1775 945 θετέον,
1813 883 1914 932 κᾶν
1953 885 2218 952 μυριάκις
2243 880 2376 951 εἴπῃ
2415 899 2475 933 τε
2499 893 2678 935 (3761111

374 972 468 1021 καὶ
503 967 907 1039 ἐπαγγείληται
947 966 1290 1039 φιλοσοφεῖν
1339 968 1593 1019 ἐναντίον
1643 973 1746 1018 τοῦ
1792 964 1970 1037 δήμου
2022 973 2125 1017 τοῦ
2153 960 2477 1038 Ἀθηναίων

374 1056 406 1125 ἢ
434 1055 746 1124 Μεγαρέων
782 1055 814 1124 ἢ
856 1055 1012 1123 παρὰ
1039 1058 1161 1115 τοῖς
1186 1051 1664 1119 Λακεδαιμονίων
1692 1050 2020 1119 βασιλεῦσιν
2041 1064 2051 1075 ·
2093 1046 2220 1103 ἀλλ’
2265 1055 2476 1104 ὠστέον

284 1171 286 1173 -
373 1146 570 1191 τοῦτον
609 1142 705 1191 τὸν
743 1140 1058 1207 ἄνθρωπον
1097 1141 1178 1201 εἰς
1215 1141 1347 1201 τοὺς
1385 1134 1660 1201 ἀλαζόνας
1696 1139 1791 1189 καὶ
1831 1139 2102 1208 ἀνοήτους
2138 1140 2233 1189 καὶ
2269 1155 2471 1208 τρυφε-
2510 1133 2556 1174 1⁰

308 1239 340 1290 9
378 1227 525 1295 ρούς.
598 1226 787 1277 καίτοι
822 1226 1091 1291 μουσικὸν
1127 1227 1229 1291 μὲν
1270 1225 1366 1275 οὐκ
1405 1222 1680 1275 ἀδύνατον
1719 1222 1872 1275 εἶναι
1918 1225 1991 1293 μή
2044 1225 2366 1292 πράττοντα
2405 1223 2474 1273 τὰ

372 1317 475 1361 τοῦ
508 1317 806 1377 μουσικοῦ·
845 1315 876 1381 ἡ
916 1311 1019 1378 γὰρ
1057 1312 1294 1381 μουσική
1338 1311 1435 1360 οὐκ
1474 1305 1771 1377 ἀναγκάζει
1808 1305 1958 1376 (ἀεὶ)
1996 1312 2297 1378 προσέχειν
2337 1310 2476 1378 αὐτῇ

374 1398 470 1447 τὸν
507 1403 636 1448 νοῦν
672 1398 767 1448 καὶ
802 1394 975 1466 μηδὲν
1002 1394 1139 1446 ἄλλο
1170 1397 1481 1447 ποιεῖσθαι
1508 1397 1641 1464 περὶ
1669 1392 1965 1455 πλείονος·
2004 1395 2099 1445 καὶ
2128 1395 2477 1463 ἀστρονόμον
2495 1393 2575 1434 (624
2595 1391 2647 1430 M)

377 1484 509 1533 ὄντα
560 1479 719 1533 οὐδὲν
771 1481 910 1543 ἴσως
956 1479 1160 1533 κωλύει
1197 1485 1426 1552 τρέφειν
1476 1478 1854 1550 ἀλεκτρυόνας
1901 1480 1933 1550 ἢ
1985 1480 2264 1546 κυβεύειν·
2317 1477 2477 1530 οὐδὲν

375 1567 479 1636 γὰρ
517 1571 549 1637 ή
591 1567 937 1634 ἀστρονομία
977 1563 1244 1632 ἐμποδών
1281 1567 1407 1616 ἐστι
1442 1567 1505 1616 τὸ
1545 1567 1618 1635 μὴ
1659 1565 1729 1614 τὰ
1775 1562 1973 1615 δέοντα
2014 1569 2230 1616 ποιεῖν·
2279 1566 2371 1616 καὶ
2407 1567 2468 1635 νὴ
2513 1560 2557 1600 15

376 1652 492 1701 Δία
534 1652 773 1701 ἱππικὸν
809 1653 1105 1718 γενόμενον
1141 1651 1172 1720 ἢ
1214 1651 1550 1720 κυβερνήτην
1589 1650 1810 1717 ἀγαθὸν
1835 1651 1867 1719 ἢ
1895 1651 2268 1720 γεωμέτρηνῆ
2306 1652 2477 1718 γράμ-

375 1752 526 1801 ματα
565 1732 757 1786 εἰδότα
787 1733 946 1786 οὐδὲν
971 1735 1309 1801 θαυμαστὸν
1349 1729 1419 1804 [ἢ]
1459 1735 1615 1803 παρὰ
1644 1738 1772 1795 ταῖς
1800 1735 2053 1802 ἑταίραις
2089 1736 2121 1804 ἢ
2149 1739 2276 1796 ταῖς
2314 1733 2478 1805 αὐλη-

376 1821 561 1890 τρίσιν
609 1821 890 1890 ὁρᾶσθαι·
948 1822 1011 1870 τὸ
1061 1821 1164 1889 γὰρ
1216 1826 1391 1870 ταῦτα
1442 1820 1804 1870 ἐπίστασθαι
1858 1817 2018 1870 οὐδὲν
2067 1825 2235 1871 ποιεῖ
2273 1817 2476 1886 βελτίω

292 1914 356 1964 10
378 1907 476 1976 τήν
513 1911 615 1956 τοῦ
651 1906 965 1975 ἀνθρώπου
1007 1907 1189 1976 ψυχὴν
1230 1903 1356 1956 οὐδὲ
1397 1906 1716 1973 ἀποτρέπει
1754 1909 1865 1954 τῶν
1900 1905 2343 1974 ἁμαρτημάτων·
2386 1923 2478 1976 φι-

377 1988 624 2061 λοσοφίᾳ
664 1988 723 2041 δὲ
773 1994 1067 2059 προσέχων
1114 2008 1202 2052 τις
1247 1991 1342 2041 καὶ
1387 1989 1681 2056 μετασχὼν
1732 1991 1934 2039 τούτου
1983 1996 2087 2040 τοῦ
2129 1991 2474 2060 μαθήματος
2511 1986 2558 2027 ²⁰

378 2076 473 2126 οὐκ
499 2077 566 2126 ἄν
595 2091 735 2126 ποτε
758 2076 1044 2145 ἀποσταίη
1067 2081 1178 2126 τῶν
1198 2072 1524 2142 βελτίστων,
1554 2072 1681 2125 οὐδὲ
1703 2076 1920 2125 τούτων
1942 2072 2227 2145 ἀμελήσας
2249 2076 2478 2142 αἰσχρόν

378 2179 435 2212 τι
470 2163 563 2212 καὶ
603 2158 817 2231 φαῦλον
858 2154 1150 2230 προέλοιτ’
1194 2162 1262 2212 ἂν
1302 2162 1573 2230 πράττειν
1614 2157 1742 2210 οὐδὲ
1788 2160 1976 2227 ἀργεῖν
2013 2162 2107 2212 καὶ
2156 2163 2479 2231 ὀψοφαγεῖν

377 2248 471 2297 καὶ
506 2247 922 2313 μεθύσκεσθαι.
997 2249 1060 2297 τὸ
1099 2248 1202 2317 γὰρ
1243 2253 1418 2297 ταῦτα
1460 2240 1572 2317 [μή]
1623 2241 1938 2311 θαυμάζειν
1990 2247 2083 2297 καὶ
2128 2248 2226 2316 τήν
2265 2247 2478 2296 τούτων

381 2332 699 2398 ἐπιθυμίαν
738 2329 959 2401 ἐξαιρεῖ
986 2339 1084 2402 τῆς
1120 2339 1303 2403 ψυχῆς
1339 2333 1433 2382 καὶ
1470 2332 1796 2383 τούναντίον
1837 2332 1918 2393 εἰς
1960 2335 2129 2396 μῖσος
2168 2331 2349 2381 αὐτῶν
2387 2332 2480 2381 καὶ

378 2419 727 2485 κατάγνωσιν
767 2419 1007 2486 προάγει
1040 2412 1378 2488 [φιλοσοφία
1418 2411 1574 2485 ἑστί].
1639 2419 1702 2467 τὸ
1745 2414 1808 2467 δέ
1831 2433 1890 2484 γε
1921 2424 2103 2487 φῆσαι
2131 2415 2473 2488 φιλοσοφεῖν
2512 2413 2557 2453 25

381 2505 476 2553 καὶ
512 2499 958 2565 ἀλαζονεύεσθαι
995 2504 1088 2554 καὶ
1126 2506 1294 2555 αὑτὸν
1332 2500 1693 2573 ἐξαπατῆσαι
1743 2503 1837 2553 καὶ
1886 2503 2017 2563 τοὺς
2065 2500 2269 2563 ἄλλους
2317 2500 2476 2552 οὐδὲν

383 2586 522 2648 ἴσως
556 2585 773 2638 κωλύει.

524 2714 543 2753 1
575 2713 655 2756 καὶ
686 2712 792 2754 ante
821 2712 904 2768 τῆς
932 2709 1034 2754 add.
1069 2709 1146 2754 UB
1293 2704 1441 2756 αὐτοῦ
1470 2710 1586 2762 libri,
1618 2722 1736 2754 corr.
1767 2710 1898 2766 Emp.
2035 2710 2175 2769 τύχης
2205 2710 2245 2755 U
2361 2706 2475 2759 ἀλα-

379 2782 545 2838 ζονίνα
574 2781 624 2824 Μ
655 2774 915 2837 ἀλαζονεία
947 2781 1027 2825 UB
1117 2774 1277 2840 ἀπάτη
1306 2782 1387 2826 καὶ
1416 2779 1568 2839 τρυφὴ
1602 2780 1682 2825 UB
1801 2783 1826 2824 2
1859 2774 2068 2827 εὐτέλεια
2099 2782 2148 2828 δὲ
2175 2785 2257 2827 καὶ
2286 2797 2478 2843 σωφρο-

377 2849 490 2911 σύνη
512 2852 591 2897 UB
609 2846 797 2911 εὖήτεια
818 2852 962 2898 δὲκαὶ
984 2848 1271 2911 σωφροσύνη
1292 2855 1419 2907 (mrg.
1443 2846 1669 2906 εὐτέλεια)
1691 2852 1725 2895 Ρ
1813 2855 1838 2895 3
1864 2854 2166 2906 κατακλίσεις
2186 2852 2311 2898 UBH
2331 2870 2477 2899 κατα-

375 2924 579 2977 κλείσεις
608 2923 643 2967 Ρ
759 2928 787 2967 4
816 2923 978 2969 καίτοι
1006 2923 1095 2980 μὲν
1123 2923 1159 2967 Ρ
1306 2927 1330 2966 5
1362 2919 1451 2969 τὸν
1480 2922 1659 2976 seclusi,
1692 2925 1876 2967 secutus
1907 2922 2166 2980 Emperium
2281 2928 2477 2981 φιλοσο-
2662 2934 2672 2973 ι’

377 2995 496 3053 φίαν
525 2995 573 3038 Μ
719 2998 742 3037 7
778 2989 898 3040 ὄντα
929 3007 1013 3039 0111.
1045 2994 1083 3039 U
1202 2990 1288 3053 οὐχ
1317 2994 1471 3038 addidi
1499 2997 1687 3051 propter
1725 2989 1844 3039 ἀλλὰ
1875 2994 1904 3038 1.
1937 2997 1962 3038 9
2108 2997 2132 3038 8
2163 2992 2477 3054 ἐπαγγέληται

379 3065 456 3110 UB
486 3065 608 3121 (quid
637 3065 730 3118 M?)
761 3059 1104 3124 ἀπαγγείληται
1135 3065 1169 3108 P
1331 3063 1562 3111 ἐναντίων
1591 3064 1628 3108 P
1807 3069 1859 3108 10
1891 3061 2004 3119 τοὺς
2033 3062 2298 3125 τρυφεροὺς
2327 3067 2364 3109 Β

380 3139 429 3179 11
455 3129 542 3181 οὐκ
562 3133 798 3182 ἀδύνατον
819 3132 888 3195 εἴη
910 3136 998 3179 ΒΜ
1018 3136 1081 3187 (in
1100 3136 1143 3182 U
1163 3131 1285 3182 εἶναι
1305 3148 1333 3178 a.
1350 3139 1483 3190 corr.)
1516 3130 1572 3182 ού
1603 3131 1806 3181 δυνατὸν
1828 3131 1889 3183 ἄν
1909 3133 1978 3195 εἴη
1999 3136 2079 3181 ΡΗ
2167 3133 2224 3183 τὰ
2247 3151 2332 3182 0111.
2357 3138 2393 3181 Β

383 3209 435 3249 12
466 3203 723 3265 ἀναγκάζει
752 3207 939 3263 Reiske,
971 3201 1154 3266 ἀνάγκη
1184 3208 1221 3251 Β
1252 3200 1517 3266 ἀναγκάσει
1549 3207 1688 3251 ceteri
1806 3202 1880 3254 ἀεὶ
1910 3208 2013 3252 add.
2044 3208 2176 3265 Emp.
2295 3203 2410 3267 αὐτὴ
2443 3209 2479 3251 Β

380 3273 501 3334 αὐτῇ
529 3280 667 3341 ceteri
785 3281 836 3321 13
867 3274 897 3336 ἢ
925 3278 1067 3337 μηδὲν
1097 3278 1191 3334 UB,
1221 3278 1269 3322 in
1299 3278 1348 3321 Μ
1378 3280 1460 3324 καὶ
1490 3291 1519 3323 a
1549 3291 1661 3324 corr.
1782 3282 1833 3322 15
1864 3281 1934 3339 τῷ
1962 3279 2078 3335 libri,
2110 3292 2222 3323 corr.
2258 3278 2392 3323 Dind.

385 3350 437 3390 16
468 3342 498 3405 ἢ
526 3343 784 3406 πράγματα
813 3349 909 3393 ΜΗ
1057 3354 1106 3393 17
1139 3346 1168 3408 ἢ
1198 3363 1284 3395 0111.
1318 3349 1366 3392 M
1515 3353 1564 3394 18
1595 3343 1650 3408 γ’
1683 3342 1743 3396 αὖ
1775 3364 1858 3406 pro
1889 3349 1984 3410 γὰρ
2014 3350 2062 3393 Μ
2222 3353 2271 3393 21
2308 3347 2480 3397 τούτου

382 3420 480 3462 τῶν
509 3417 558 3461 Μ
674 3421 727 3461 22
759 3420 1013 3477 προείλετο
1045 3420 1126 3464 UB
1160 3422 1423 3481 προείλατο
1457 3421 1518 3473 Μ,
1549 3416 1611 3466 o'c'v
1642 3434 1727 3466 om.
1760 3421 1894 3467 UBM
1988 3417 2152 3480 ἀλγεῖν
2180 3421 2215 3464 Ρ
2332 3424 2385 3464 23
2414 3419 2476 3478 μὴ

383 3501 468 3532 0111.
501 3487 563 3540 M,
596 3489 682 3533 del.
714 3489 836 3541 Wil.‚
868 3489 929 3547 μὴ
962 3494 1110 3537 ταῦτα
1142 3492 1245 3545 (hoc
1276 3493 1392 3546 ord.)
1422 3493 1503 3537 ΠΒ
1678 3495 1732 3536 24
1762 3489 1944 3548 ἐξαιρεῖ
1970 3493 2093 3549 Wil.‚
2123 3489 2325 3550 ἐξαιρεῖν
2354 3491 2477 3536 UPH

381 3557 583 3617 ἐξαίρειν
612 3558 700 3601 ΒΜ
816 3562 868 3602 25
901 3557 1103 3619 προάγει
1134 3562 1183 3605 Μ
1212 3562 1448 3622 προάγειν
1477 3562 1642 3608 UBPH
1768 3564 2032 3620 φιλοσοφία
2062 3561 2193 3608 ἐστίν
2222 3575 2307 3607 0111.
2339 3561 2402 3617 M,
2432 3563 2477 3605 in

385 3629 427 3671 H
458 3641 682 3683 superscr.
713 3641 742 3672 a
770 3643 830 3674 m.
872 3630 975 3685 div„
1016 3632 1120 3675 secl.
1151 3633 1259 3678 Wil.
1407 3637 1691 3691 φιλοσοφεῖν
1731 3646 1817 3678 0111.
1849 3633 1979 3677 UBM
2137 3635 2190 3676 26
2222 3625 2477 3687 ἀλαζονεύ-

385 3703 562 3744 σασθαι
587 3698 623 3741 P
740 3694 889 3745 αὐτὸν
919 3700 966 3744 Μ
998 3697 1170 3748 ἑαυτὸν
1199 3702 1280 3746 ΗΡ
1396 3702 1697 3765 ἐξηπατῆσαι
1718 3704 1753 3747 P

2663 3751 2672 4140 Q-m„ffl
2662 3677 2672 3706 ἐ-
2664 3584 2672 3636 ιι--
2665 3539 2669 3552 -
