2684 4140
359 301 465 351 280
1127 292 1337 339 DIONIS
1366 293 1452 337 DE
1484 293 1673 340 GENIO

353 443 517 502 θίοις
564 447 663 510 τῆς
714 440 914 508 ἀρχῆς,
974 438 1236 506 ἰσχυροὺς
1286 439 1525 509 ἐποίησε
1581 441 1675 491 καὶ
1723 438 2064 507 πολεμικούς
2109 444 2203 494 καὶ
2257 452 2461 514 μικροῦ

290 538 291 541 ’
358 524 477 576 δεῖν
527 525 757 592 ἀπάσης
804 513 1083 592 Εὐρώπης
1132 524 1433 592 ἐγκρατεῖς.
1510 517 1879 595 Ἀλέξανδρος
1940 525 1998 578 δὲ
2047 529 2279 597 ὕστερον
2326 523 2452 595 μετ>

350 611 562 660 ἐκεῖνον
601 608 683 668 εἰς
720 608 819 677 τὴν
839 599 1037 658 Ἀσίαν
1075 603 1361 675 ἐξαγαγών
1401 610 1516 674 ἅμα
1553 611 1656 676 μὲν
1695 608 2161 674 πλουσιωτάτους
2187 614 2455 665 ἁπάντων

350 694 680 763 ἀνθρώπων
708 689 1023 756 ἀπέδειξεν,
1064 694 1179 759 ἅμα
1209 691 1268 744 δὲ
1296 697 1752 764 πενιχροτάτους,
1789 698 1883 748 καὶ
1910 698 2024 763 ἅμα
2049 699 2150 764 μὲν
2179 700 2454 766 ἰσχυρούς,

350 781 465 845 ἅμα
507 775 566 828 δὲ
606 778 891 841 ἀσθενεῖς,
938 776 1195 848 φυγάδας
1233 796 1293 829 τε
1317 781 1412 830 καὶ
1436 777 1710 847 βασιλέας
1735 783 1867 844 τούς
1895 783 2112 847 αὐτούς,
2152 782 2454 851 Αἴγυπτον
2492 793 2516 834 5

346 865 448 930 μὲν
485 864 579 913 καὶ
614 859 928 930 Βαβυλῶνα
965 865 1060 914 καὶ
1097 866 1286 915 Σοῦσα
1324 866 1418 916 καὶ
1449 858 1753 933 Ἐκβάτανα
1794 868 2114 943 προσθείς,
2164 868 2356 936 Αἰγὰς
2395 866 2453 919 δὲ

282 951 311 1001 7
348 950 442 1000 καὶ
478 945 705 999 Πέλλαν
741 950 836 1000 καὶ
871 949 1015 1000 Δῖον
1063 947 1429 1020 ἀφελόμενος.
1521 950 1945 1022 Καρχηδονίους
1996 951 2054 1004 δὲ
2096 946 2306 1006 Ἄννων
2355 958 2456 1022 μὲν
2664 1007 2673 1024 ‚‚

347 1035 473 1086 ἀντὶ
503 1035 723 1104 Τυρίων
761 1035 1000 1104 ἐποίησε
1025 1035 1271 1102 Λίβυας,
1309 1038 1404 1087 καὶ
1429 1038 1657 1107 Λιβύην
1693 1043 1974 1090 κατοικεῖν
2015 1040 2140 1091 ἀντὶ
2169 1043 2453 1111 Φοινίκης,
2477 1050 2617 1094 (28311)

345 1119 441 1171 καὶ
471 1120 730 1190 χρήματα
771 1117 957 1170 πολλοὶ
983 1122 1297 1192 κεκτῆσθαι
1332 1124 1430 1174 καὶ
1471 1123 1641 1188 συχνὰ
1680 1125 1930 1194 ἐμπόρια
1967 1127 2062 1177 καὶ
2101 1124 2329 1192 λιμένας
2364 1129 2459 1178 καὶ

346 1206 612 1275 τριήρεις,
650 1206 744 1256 καὶ
781 1203 997 1277 πολλῆς
1033 1208 1135 1272 μὲν
1173 1214 1289 1278 γῆς,
1330 1205 1545 1279 πολλῆς
1586 1206 1645 1259 δὲ
1679 1207 1974 1281 θαλάττης
2012 1213 2216 1281 ἄρχειν.
2274 1205 2451 1264 Ἀννί-
2491 1216 2536 1258 10
2669 1261 2674 1276 e

348 1291 455 1358 βας
495 1288 555 1342 δὲ
594 1292 741 1360 πρὸς
778 1298 847 1362 τῇ
880 1292 1074 1361 Λιβύη
1112 1294 1206 1344 καὶ
1245 1311 1344 1364 της
1376 1287 1617 1356 Ἰταλίας
1656 1295 1825 1366 αὐτῆς
1863 1303 2141 1367 κρατῆσαι
2180 1301 2458 1367 παρέσχεν
2668 1276 2675 1341 ἶ

351 1373 728 1427 ἑπτακαίδεκα
768 1377 881 1447 ἔτη.
959 1377 1133 1439 αὖθις
1173 1375 1232 1428 δὲ
1284 1378 1470 1441 αἴτιος
1517 1381 1734 1447 ἐγένετο
1787 1381 2138 1444 ἀναστάτους
2184 1383 2458 1450 γενέσθαι
2644 1380 2675 1450 ἑ

347 1462 443 1513 καὶ
478 1462 577 1531 τὴν
617 1458 789 1512 πόλιν
830 1462 1000 1533 αὐτὴν
1036 1460 1375 1530 μεταβαλεῖν
1414 1465 1526 1515 ὑπὸ
1547 1457 1850 1531 <,Ρωμαίων
1891 1464 2140 1529 πολλοὺς
2176 1470 2453 1537 πρότερον
2477 1453 2676 1541 (52312113

349 1551 463 1597 τῶν
506 1539 793 1612 Ῥωμαίων
843 1545 1161 1612 ἀπολέσας,
1214 1551 1309 1600 καὶ
1366 1552 1565 1618 μικρὸν
1614 1552 1883 1616 ἀποσχών
1946 1553 2116 1623 αὐτὴν
2166 1548 2311 1604 ἑλεῖν
2358 1555 2457 1624 τὴν

339 1623 570 1700 Ῥώμην,
612 1632 674 1680 ού
700 1628 1008 1701 βουληθεὶς
1048 1630 1124 1697 δέ,
1168 1634 1244 1695 ὥς
1286 1648 1448 1704 φασι,
1490 1633 1584 1686 διὰ
1623 1638 1755 1697 τοὺς
1795 1635 1943 1688 οἴκοι
1982 1639 2448 1700 ἀντιστασιώτας.
2488 1641 2535 1683 15

352 1717 448 1767 καὶ
485 1722 684 1767 τοῦτον
736 1715 875 1778 ι’σως
927 1717 1054 1768 οὔτε
1092 1717 1509 1788 Καρχηδονίοις
1560 1721 1684 1771 οὔτε
1717 1711 2014 1787 Ῥωμαίοις
2064 1724 2285 1790 ἀγαθὸν
2336 1722 2456 1774 δαί-

277 1799 308 1851 8
342 1817 499 1868 ,μονα
527 1803 802 1871 προσήκει
830 1803 1012 1854 αὐτῶν
1038 1801 1291 1855 καλέσαι.
1356 1807 1593 1871 Νουμᾶς
1635 1803 1693 1856 δὲ
1722 1808 1820 1877 τὴν
1854 1800 2063 1877 Ῥώμην
2110 1805 2458 1877 παραλαβὼν

347 1887 550 1957 μικρὰν
599 1889 694 1939 καὶ
741 1885 973 1953 ἄδοξον,
1035 1890 1120 1940 ἔτι
1182 1887 1241 1940 δὲ
1292 1892 1350 1941 ἐν
1401 1888 1672 1961 ἀλλοτρίᾳ
1725 1893 1883 1961 χώρᾳ
1942 1890 2312 1962 διῳκισμένην
2367 1894 2460 1943 καὶ

352 1970 659 2040 σύγκλυδας
705 1975 800 2025 καὶ
849 1976 1133 2045 πονηροὺς
1183 1975 1419 2040 ἔχουσαν
1468 1978 1602 2038 τοὺς
1653 1978 2033 2042 ἐνοικοῦντας,
2093 1978 2179 2029 ἔτι
2229 1975 2288 2028 δὲ
2337 1982 2458 2039 τοῖς

351 2060 713 2128 προσχώροις
751 2065 930 2111 πᾶσιν
969 2061 1212 2128 ἐχθροὺς
1255 2063 1350 2112 καὶ
1397 2066 1644 2132 πένητας
1690 2064 1785 2114 καὶ
1833 2064 2062 2133 ἀγρίους
2108 2064 2203 2114 καὶ
2240 2064 2453 2114 ἐπικιν-
2491 2068 2538 2110 20

353 2141 531 2204 δύνως
571 2139 782 2206 ζῶντας
818 2140 974 2211 <διοὶ>
1010 2146 1109 2215 τὴν
1143 2139 1421 2212 Ῥωμύλου
1456 2145 1835 2217 χαλεπότητα,
1876 2149 1976 2218 τήν
2014 2165 2074 2198 τε
2112 2155 2211 2219 γῆν
2258 2149 2459 2209 αὐτούς

280 2278 294 2289 ,
351 2229 598 2296 βεβαίως
636 2230 780 2294 ἔχειν
819 2231 1058 2300 ἐποίησε
1095 2232 1190 2282 καὶ
1230 2229 1432 2301 φίλους
1471 2231 1620 2283 εἶναι
1644 2237 1766 2294 τοῖς
1792 2235 2110 2303 περιοίκοις
2135 2235 2228 2283 καὶ
2254 2235 2459 2299 νόμους

352 2315 448 2364 καὶ
494 2314 670 2375 θεοὺς
717 2315 812 2365 καὶ
859 2312 1157 2366 πολιτείαν
1204 2318 1618 2387 κατεστήσατο,
1663 2319 1757 2369 καὶ
1795 2321 1985 2388 πάσης
2025 2317 2209 2380 αἴτιος
2246 2316 2459 2390 ὑπῆρξε

284 2400 316 2450 9
354 2405 454 2469 τῆς
506 2396 803 2469 λεγομένης
852 2401 1085 2470 ὕστερον
1125 2398 1504 2468 εὐδαιμονίας.
1595 2403 1782 2468 ἔχοιμι
1822 2396 1877 2454 δ’
1930 2405 1997 2454 ἂν
2045 2405 2139 2454 καὶ
2177 2406 2310 2473 περὶ
2346 2409 2457 2454 τῶν

350 2481 535 2535 ἄλλων
576 2481 754 2551 λέγειν
792 2482 1015 2536 πόλεων
1051 2487 1146 2537 καὶ
1182 2493 1355 2554 γενῶν
1392 2488 1486 2538 καὶ
1524 2488 1852 2557 ἀνθρώπων
1889 2490 1986 2539 τὸν
2026 2490 2193 2539 αὐτὸν
2237 2491 2451 2558 τρόπον
2489 2495 2537 2537 25

353 2568 416 2620 εὖ
449 2586 510 2620 τε
547 2570 642 2620 καὶ
677 2575 859 2631 κακῶς
898 2568 1235 2640 πραξάντων
1277 2569 1371 2623 διά
1410 2590 1569 2634 τινας
1608 2574 1880 2642 ἄρχοντας
1921 2567 2104 2626 αὐτῶν
2130 2577 2461 2641 γενομένους

494 2838 520 2878 2
551 2829 650 2882 ἀπὸ
683 2838 767 2895 τῆς
795 2849 879 2893 pro
915 2831 1102 2897 ἁπάσης
1132 2838 1181 2882 Μ
1326 2854 1533 2898 υστερον
1561 2833 1673 2897 μετ’
1704 2837 1916 2887 ἐκεῖνονε
1948 2840 2017 2885 bis
2046 2840 2187 2898 idem3
2220 2841 2373 2886 nescio
2404 2855 2462 2886 an

350 2909 555 2963 praestet
583 2903 693 2963 μετ’
723 2904 934 2963 ἐκείνων,
964 2911 1016 2954 ut
1044 2907 1228 2969 ἐξάγειν
1258 2910 1541 2956 intransitive
1571 2912 1872 2968 usurpaverit.
1997 2915 2025 2955 4
2056 2904 2270 2967 οἷπέδιξεν
2299 2912 2349 2956 Μ

354 2976 740 3036 πενιχρωτάτους
778 2979 869 3023 ΒΜ
1018 2983 1043 3024 6
1081 2981 1170 3038 μὲν
1212 2981 1454 3038 Reiskius‚
1491 2981 1539 3028 δὲ
1577 2982 1684 3027 libri
1837 2977 2090 3042 οἷκβάτανα
2128 2982 2170 3028 U
2315 2988 2338 3028 7
2381 2976 2462 3031 ἅν-

342 3065 484 3103 >memet
514 3049 565 3093 Μ
688 3052 713 3094 8
745 3062 828 3107 pro
859 3051 1045 3111 Λίβυας
1075 3052 1226 3097 malim
1259 3055 1406 3100 τοῦτο
1439 3053 1535 3098 scil.
1568 3051 1949 3114 Καρχηδονίους;
1978 3053 2124 3110 possit
2152 3054 2286 3098 etiam
2315 3058 2460 3101 τοῦτο

351 3122 605 3166 καλεῖσθαι
749 3124 775 3165 9
805 3119 1042 3181 ἐμπορεῖα
1074 3123 1154 3168 UB
1322 3128 1371 3168 13
1404 3119 1674 3184 ἀποβαλεῖν
1703 3126 1837 3182 Emp.
1869 3124 1932 3176 (in
1963 3124 2172 3178 schedis),
2203 3124 2282 3179 qui
2312 3127 2463 3170 tamen

354 3189 490 3243 etiam
518 3190 732 3235 traditam
760 3191 998 3238 lectionem
1028 3197 1162 3251 putat
1190 3195 1388 3252 intellegi
1426 3207 1562 3252 posse
1740 3199 1788 3240 16
1819 3198 1995 3242 τοῦτον
2034 3194 2268 3250 (circumfl.
2300 3200 2345 3240 et
2379 3213 2404 3242 o
2437 3209 2465 3240 a

356 3263 488 3315 corr.)
517 3260 580 3316 U·
622 3267 835 3319 exspecto
872 3267 1049 3311 τοῦτον
1089 3265 1230 3323 (μὲν)
1271 3280 1373 3311 cum
1402 3267 1590 3350 Reiskio
1785 3271 1836 3311 17
1879 3263 2141 3325 προσήκειν
2177 3265 2307 3324 libri,
2346 3279 2463 3312 corr.

355 3330 570 3376 Reiskius
715 3328 874 3380 αυτιῦν
903 3336 1053 3394 Emp.,
1086 3332 1246 3385 αὐτων
1275 3339 1363 3382 ΒΜ
1395 3333 1555 3386 αὐτῶν
1584 3342 1639 3395 (ω
1671 3352 1699 3384 a
1729 3341 1864 3393 corr.)
1895 3338 1935 3383 U
1966 3332 2117 3384 αὐτὸν
2146 3337 2184 3380 Τ
2314 3340 2365 3380 18
2395 3332 2463 3383 ἔτι

355 3401 406 3448 δὲ
434 3401 532 3454 ΠΒ,
563 3398 631 3448 ἔτι
658 3405 764 3456 (om.
796 3405 862 3460 δὲ)
890 3406 955 3461 Μ,
985 3421 1117 3464 quem
1151 3409 1355 3467 sequitur
1386 3410 1543 3468 Emp.;
1576 3410 1634 3456 cf.
1666 3423 1732 3467 sq.
1764 3410 1870 3455 adn.
2025 3406 2329 3470 διῳκισμένην
2355 3406 2463 3451 libri

358 3471 408 3520 δὲ
447 3466 712 3534 φ’κισμένην
748 3475 880 3533 Emp.
1060 3482 1112 3523 19
1154 3481 1408 3539 συνήλυδας
1436 3481 1487 3524 Μ
1678 3476 1854 3540 ἔχουσα
1893 3480 2004 3535 ΒΜ,
2041 3479 2159 3524 idem
2194 3478 2389 3523 fortasse
2420 3478 2463 3523 U

357 3556 417 3588 m.
446 3556 514 3600 pr.
663 3548 717 3588 20
748 3549 1077 3607 προσχωρίοις
1105 3550 1154 3594 Μ
1330 3556 1383 3597 21
1416 3548 1490 3600 διὰ
1522 3552 1623 3598 add.
1653 3553 1787 3609 Emp.
1957 3546 2266 3609 χαλεπότητα
2294 3545 2381 3606 τήν
2410 3566 2463 3595 τε

357 3615 447 3672 γῆν
479 3613 629 3672 Emp.,
655 3613 1006 3678 χαλεπωτάτην
1036 3636 1088 3667 τε
1117 3624 1205 3680 γῆν
1234 3623 1285 3668 Μ
1311 3621 1658 3683 χαλεπωτάτην
1686 3626 1775 3683 γῆν
1804 3622 1886 3668 UB
1993 3623 2047 3665 23
2078 3621 2300 3666 πολιτίαν
2327 3619 2377 3663 Μ

357 3681 718 3801 κατεστήσαῦῗὲ
758 3687 797 3733 U
835 3702 894 3735 m.
933 3703 1004 3755 pr.
1043 3691 1093 3735 M
1284 3699 1339 3739 24
1379 3695 1635 3755 λεγομένης
1671 3695 1799 3748 libri,
1843 3691 2100 3752 γενομένης
2136 3689 2348 3735 Reiskius

360 3758 416 3801 26
448 3772 596 3803 αυτωι

2663 4064 2671 4140 ἰ
