2684 4140
1042 315 1268 362 ORATIO
1297 315 1508 361 XXXVI.
2252 310 2317 359 13

230 475 435 530 ματος·
483 464 551 514 τὰ
593 461 652 514 δὲ
692 459 833 512 ἄλλα
869 462 1010 513 κατὰ
1050 459 1278 532 πλῆθος
1315 461 1533 530 ἀθρόα,
1585 457 2019 528 διανενεμημένα
2070 455 2152 518 εἴς
2190 474 2316 507 τινα

235 550 485 618 σχήματα
523 550 616 599 καὶ
652 550 894 618 μορφάς.
958 548 990 597 ὁ
1023 548 1124 612 μὲν
1164 545 1227 617 δὴ
1270 544 1668 615 λαμπρότατος
1706 544 2018 605 ἵπποςκαὶ
2047 538 2317 593 ποικιλώ-
2337 543 2405 593 45

233 649 401 694 τατος
450 631 598 700 αὐτῷ
646 650 706 683 τε
752 633 855 684 Διὶ
903 629 1425 702 προσφιλέστατος,
1490 628 1600 681 ὧδέ
1648 645 1773 691 πως
1819 629 2162 695 ὑμνούμενος
2208 618 2311 677 ὑπ’

236 719 433 780 αὐτῶν,
471 718 683 778 θυσίας
720 734 779 768 τε
816 717 910 768 καὶ
945 717 1113 782 τιμὰς
1151 718 1248 767 ἅτε
1287 722 1515 786 πρῶτος
1553 717 1783 776 εἰκότως
1821 716 2053 783 πρώτας
2098 709 2316 778 ἔλαχεν·

175 810 202 852 5
238 800 494 871 δεύτερος
535 799 593 852 δὲ
630 795 751 867 μετ’
793 803 1003 852 ἐκεῖνον
1041 803 1359 867 ἁπτόμενος
1398 802 1571 851 αὐτοῦ
1602 801 1696 851 καὶ
1722 797 2119 869 πλησιώτατος
2141 791 2321 866 (Ἠρας

232 888 552 952 ἐπώνυμος,
604 887 823 956 εὐήνιος
866 887 960 937 καὶ
1010 883 1285 952 μαλακός,
1335 883 1481 936 πολὺ
1535 883 1593 936 δὲ
1632 886 1813 954 ἥττων
1850 887 1990 935 κατά
2029 902 2091 936 τε
2128 886 2319 954 ῥώμην

231 973 325 1023 καὶ
361 973 543 1036 τάχος.
615 972 812 1037 χροιὰν
852 969 911 1022 δὲ
950 977 1018 1040 τῇ
1054 972 1155 1036 μὲν
1195 971 1369 1021 αὑτοῦ
1405 972 1575 1039 φύσει
1610 966 1808 1034 μέλας,
1851 967 2220 1038 φαιδρύνεται
2261 967 2319 1020 δὲ

234 1058 323 1108 ἀεὶ
368 1059 431 1107 τὸ
479 1054 985 1122 καταλαμπόμενον
1016 1046 1216 1122 Ἡλίῳ·
1265 1057 1328 1105 τὸ
1381 1052 1440 1104 δὲ
1494 1054 1769 1104 σκιασθὲν
1818 1055 1876 1104 ἐν
1922 1061 1992 1123 τῇ
2030 1053 2321 1123 περιφορᾷ

229 1144 331 1212 τήν
380 1144 552 1192 αὑτοῦ
595 1138 1012 1207 μεταλαμβάνει
1064 1146 1164 1209 τῆς
1215 1141 1389 1207 χρόας
1449 1136 1621 1189 ἰδέαν.
1717 1139 1906 1206 τρίτος
1953 1136 2320 1200 Ποσειδῶνος
2342 1143 2409 1195 46

155 1233 202 1276 10
239 1228 403 1296 ἱερός,
441 1233 544 1277 τοῦ
578 1224 835 1293 δευτέρου
872 1221 1227 1294 βραδύτερος.
1290 1225 1490 1273 τούτου
1531 1220 1591 1273 δὲ
1628 1219 2048 1289 μυθολογοῦσιν
2086 1220 2321 1274 εἴδωλον

236 1312 293 1360 οἱ
329 1312 566 1380 ποιηταὶ
600 1310 870 1377 γενέσθαι
907 1301 1048 1377 παρ’
1092 1309 1446 1376 ἀνθρώποις,
1485 1309 1612 1373 ἐμοὶ
1651 1305 1849 1370 δοκεῖν,
1890 1309 2078 1358 ὅντινα
2119 1309 2322 1375 ὀνομά-

235 1391 393 1457 ζουσι
427 1396 712 1465 Πήγασον,
749 1395 846 1444 καί
884 1406 1060 1463 φασιν
1098 1394 1316 1444 ἀνεῖναι
1351 1379 1553 1463 κρήνην
1591 1394 1649 1443 ἐν
1689 1392 1962 1462 Κορίνθῳ
1999 1390 2321 1462 χαράξαντα

231 1486 305 1549 τῇ
343 1477 507 1549 ὁπλῇ.
585 1481 616 1529 0‘
655 1477 714 1529 δὲ
754 1476 819 1549 δὴ
859 1482 1126 1548 τέταρτος
1165 1480 1389 1530 εἰκάσαι
1414 1480 1644 1529 πάντων
1672 1479 2059 1542 ἀτοπώτατος,
2102 1481 2326 1547 στερεός

229 1581 293 1615 τε
327 1565 420 1615 καὶ
458 1564 734 1633 ἀκίνητος,
775 1564 871 1629 οὐχ
908 1566 1067 1625 ὅπως
1094 1566 1399 1633 πτερωτός,
1439 1565 1737 1630 ἐπώνυμος
1767 1553 1999 1624 Ἑστίας.
2075 1565 2227 1629 ὅμως
2267 1561 2324 1615 δὲ

153 1658 201 1700 15
239 1650 335 1699 οὐκ
371 1649 799 1719 ἀποτρέπονται
836 1656 935 1719 τῆς
973 1650 1214 1712 εἰκόνος,
1263 1646 1404 1699 ἀλλὰ
1443 1645 1769 1713 ἐνεζεῦχθαί
1808 1662 1952 1718 φασι
1999 1649 2093 1699 καὶ
2128 1655 2326 1699 τοῦτον

233 1732 312 1802 τῷ
352 1735 576 1803 ἅρματι,
614 1737 802 1800 μένειν
842 1731 900 1785 δὲ
939 1734 1080 1786 κατὰ
1124 1736 1313 1803 χώραν
1357 1731 1588 1799 χαλινὸν
1638 1731 1971 1799 ἀδάμαντος
2006 1731 2324 1786 ἐνδακόντα.

238 1817 573 1888 συνερείδειν
605 1816 664 1870 δὲ
688 1819 1051 1884 πανταχόθεν
1073 1817 1222 1886 αὐτῷ
1244 1823 1366 1880 τοῖς
1385 1823 1599 1888 μέρεσι,
1625 1819 1719 1870 καὶ
1742 1819 1820 1869 τὼ
1850 1816 1951 1869 δύο
1969 1819 2047 1868 τὼ
2071 1816 2315 1889 πλησίον
2343 1827 2407 1876 47

235 1906 446 1970 ὁμοίως
475 1906 620 1973 πρὸς
658 1905 826 1955 αὐτὸν
851 1901 1133 1972 ἐγκλίνειν,
1174 1906 1416 1970 ἀτεχνῶς
1442 1905 1825 1955 ἐπιπίπτοντε
1849 1905 1943 1956 καὶ
1983 1904 2295 1970 ὠθουμένω
2314 1917 2325 1928 ·

237 1991 333 2039 τὸν
362 1986 420 2039 δὲ
447 1986 707 2052 ἐξωτάτω
739 1983 1003 2056 [πρῶτον]
1038 1990 1126 2040 ἀεὶ
1152 1990 1283 2058 περὶ
1308 1991 1404 2040 τὸν
1432 1992 1649 2039 ἑστῶτα
1679 1990 1757 2050 ὡς
1783 1991 1993 2039 νύσσαν
2024 1990 2325 2059 φέρεσθαι.

160 2082 209 2123 20
245 2075 309 2124 τὸ
358 2075 459 2139 μὲν
512 2073 606 2124 οὖν
655 2071 801 2123 πολὺ
851 2067 978 2139 μετ’
1032 2075 1253 2143 εἰρήνης
1299 2075 1393 2124 καὶ
1433 2071 1629 2143 φιλίας
1669 2071 2024 2144 διατελοῦσιν
2062 2072 2328 2141 ἀβλαβεῖς

25 2167 83 2210 (96
105 2167 140 2204 R
163 2168 216 2211 ΙΙ)
239 2151 342 2209 ὑπ’
385 2155 653 2228 ἀλλήλων.
728 2156 831 2228 ἤδη
874 2156 936 2209 δέ
972 2174 1112 2208 ποτε
1140 2160 1197 2209 έν
1223 2160 1386 2228 μήκει
1406 2161 1608 2227 χρόνου
1634 2160 1728 2209 καὶ
1753 2156 1996 2219 πολλαῖς
2034 2157 2328 2227 περιόδοις

240 2244 464 2310 ἰσχυρὸν
513 2242 714 2308 ἆσθμα
763 2249 867 2293 τοῦ
911 2245 1140 2312 πρώτου
1181 2246 1512 2313 προσπεσὸν
1552 2245 1803 2306 ἄνωθεν,
1855 2244 1948 2294 οἷα
1990 2241 2052 2314 δή
2093 2245 2328 2310 θυμοει-

237 2325 382 2391 δοῦς,
421 2328 698 2397 ἐθέρμηνε
736 2330 867 2390 τούς
905 2325 1135 2392 ἄλλους,
1183 2327 1566 2400 σφοδρότερόν
1603 2346 1663 2397 γε
1699 2331 1808 2400 μὴν
1846 2331 1942 2379 τὸν
1980 2326 2327 2381 τελευταῖον·

63 2421 136 2462 (451
163 2422 216 2465 Μ)
238 2414 336 2483 τήν
372 2430 432 2463 τε
472 2410 535 2483 δὴ
571 2414 770 2483 χαίτην
797 2411 1164 2484 περιέφλεξεν
1205 2415 1390 2478 αὐτοῦ,
1428 2407 1466 2484 ᾗ
1503 2412 1751 2480 μάλιστα
1791 2411 2075 2484 ἠγάλλετο,
2113 2417 2328 2467 καὶτὸν

155 2504 203 2546 25
239 2499 462 2548 ἅπαντα
487 2499 712 2563 κόσμον.
775 2504 941 2553 τοῦτο
982 2496 1041 2548 δὲ
1079 2500 1142 2549 τὸ
1183 2499 1380 2560 πάθος
1407 2496 1564 2562 ἅπαξ
1585 2492 1852 2568 Ἕλληνας
1877 2502 2326 2568 μνημονεύοντάς
2347 2504 2414 2557 48

238 2597 383 2647 φασι
423 2583 716 2633 Φαέθοντι
753 2585 1138 2651 προσάπτειν,
1192 2585 1254 2634 ού
1295 2581 1635 2649 δυναμένους
1670 2585 2011 2655 μέμφεσθαι
2049 2586 2147 2655 τὴν
2185 2587 2329 2647 Διὸς

237 2669 540 2736 ἡνιόχησιν,
579 2670 710 2729 τούς
747 2685 806 2718 τε
826 2661 1017 2719 Ἡλίου
1046 2667 1287 2738 δρόμους
1316 2670 1411 2720 οὐκ
1437 2667 1745 2731 ἐθέλοντας
1784 2674 1997 2737 ψέγειν.
2064 2668 2155 2722 διό
2183 2687 2329 2742 φασι

237 2754 505 2817 νεώτερον
554 2754 806 2822 ἡνίοχον,
847 2743 1039 2804 εΗλίου
1080 2752 1262 2805 παῖδα
1312 2756 1554 2825 θνητόν,
1603 2756 2043 2825 ἐπιθυμήσαντα
2077 2753 2329 2827 χαλεπῆς

235 2839 329 2889 καὶ
366 2835 692 2908 ἀξυμφόρου
732 2843 875 2890 πᾶσι
911 2843 1032 2900 τοῖς
1058 2840 1296 2910 θνητοῖς
1324 2838 1576 2904 παιδιᾶς,
1619 2842 1996 2910 αἰτησάμενον
2034 2841 2191 2909 παρὰ
2230 2848 2333 2892 τοῦ

159 2929 208 2971 30
244 2925 460 2992 πατρὸς
497 2925 799 2992 ἐπιστῆναι
836 2923 915 2991 τῷ
956 2922 1159 2995 δίφρῳ,
1201 2928 1510 2995 φερόμενόν
1547 2943 1609 2976 τε
1647 2926 1900 2986 ἀτάκτως
1938 2926 2125 2975 πάντα
2162 2942 2328 2975 κατα-

241 3005 443 3078 φλέξαι
482 3004 594 3075 ζῷα
620 3011 713 3060 καὶ
741 3012 905 3079 φυτά,
943 3011 1037 3061 καὶ
1062 3007 1222 3071 τέλος
1261 3011 1428 3060 αὐτὸν
1461 3008 1858 3079 διαφθαρῆναι
1897 3006 2177 3078 πληγέντα
2215 3011 2327 3062 ὑπὸ

236 3094 552 3163 κρείττονος
591 3097 783 3162 πυρός.
859 3092 1032 3145 πάλιν
1089 3092 1148 3144 δὲ
1198 3097 1330 3145 ὅταν
1370 3092 1464 3145 διὰ
1504 3092 1783 3145 πλειόνων
1821 3095 1961 3144 ἑτῶν
2002 3095 2033 3143 ὁ
2068 3096 2325 3165 Νυμφῶν
2346 3099 2412 3149 49

240 3178 334 3227 καὶ
357 3176 720 3239 Ποσειδῶνος
748 3180 896 3246 ἱερὸς
919 3176 1112 3239 πῶλος
1131 3181 1440 3248 ἐπαναστῇ,
1471 3179 1626 3248 παρὰ
1654 3181 1717 3230 τὸ
1743 3179 1986 3248 σύνηθες
2007 3180 2328 3245 ἀγωνιάσας

241 3262 334 3310 καὶ
382 3263 714 3329 ταραχθείς,
776 3260 972 3331 ἱδρῶτι
1022 3260 1216 3330 πολλῷ
1265 3261 1562 3315 κατέκλυσε
1619 3265 1715 3314 τὸν
1767 3265 1933 3314 αὐτὸν
1982 3269 2180 3315 τοῦτον
2232 3266 2328 3315 ἅτε

386 3498 404 3537 1
439 3494 726 3553 νενεμημένα
759 3495 879 3540 UBT
1042 3502 1066 3542 3
1101 3493 1126 3543 ὃ
1160 3497 1209 3544 δὲ
1238 3511 1320 3554 pro
1352 3490 1442 3545 ὦδε
1471 3497 1519 3541 Μ
1651 3504 1674 3544 7
1707 3502 1898 3558 σχροιᾶι
1928 3499 1977 3546 δὲ
2008 3499 2045 3547 U
2077 3496 2249 3559 σχροιὰ
2282 3501 2331 3548 δὲ

242 3565 280 3609 Τ
307 3561 451 3626 χροιὰ
482 3566 531 3613 δὲ
559 3565 661 3620 ΜΒ,
694 3579 809 3611 corr.
841 3568 972 3625 Emp.
1097 3572 1121 3612 9
1153 3563 1302 3616 αὐτοῦ
1321 3569 1449 3616 MUT
1597 3575 1648 3615 16
1675 3567 1901 3630 χαλεινὸν
1931 3571 1980 3615 Μ
2118 3575 2167 3616 17
2200 3568 2331 3633 αὐτῷ

241 3635 347 3681 libri
490 3641 541 3682 18
570 3632 783 3695 ἀτέχνως
811 3637 892 3683 UT
1037 3636 1375 3687 έπιπίπτονται
1406 3641 1454 3684 Μ
1601 3646 1653 3686 19
1683 3646 1781 3688 τῶν
1811 3643 1860 3689 δὲ
1891 3642 2011 3688 UBT
2133 3646 2331 3702 πρῶτον

243 3707 407 3753 seclusi
493 3711 546 3753 22
578 3706 870 3769 προσπεσὼν
901 3710 937 3754 Τ
1028 3714 1082 3755 24
1111 3707 1196 3770 τὴν
1225 3711 1273 3759 δὲ
1303 3708 1354 3770 δὴ
1385 3712 1502 3768 libri,
1535 3725 1651 3759 corr.
1681 3713 1815 3771 Emp.
1903 3717 1956 3758 27
1988 3729 2135 3773 φασιν
2155 3714 2244 3757 ΒΜ

244 3781 298 3823 34
327 3778 598 3838 κατακλύσῃ
630 3779 810 3825 Geelius
