2684 4140
349 262 454 311 284
975 255 1182 301 DIONIS
1213 254 1297 299 DE
1329 253 1809 301 COMPOTATIONE

349 403 606 469 δέχονται
635 402 767 462 τοὺς
795 397 1094 466 δεομένους
1124 400 1306 451 αὐτῶν
1335 401 1402 450 αἴ
1421 416 1480 450 τε
1507 401 1751 471 Νύμφαι
1787 402 1882 453 καὶ
1908 403 1938 452 ὁ
1961 403 2269 467 Διόνυσος·
2310 405 2451 460 ἀλλὰ

348 489 446 538 ἅτε
477 484 833 552 διθύραμβος
872 486 949 535 ὢν
989 486 1020 534 ὁ
1055 485 1340 547 Διόνυσος
1375 486 1471 536 καὶ
1507 486 1620 536 ὑπὸ
1658 493 1931 557 κεραυνοῦ
1962 489 2057 540 καὶ
2092 490 2330 562 βροντῆς
2365 510 2452 561 γε·-

344 573 592 636 νόμενος,
634 570 710 632 ὥς
751 582 927 640 φασιν
961 571 1017 620 οἱ
1055 571 1313 640 ποιηταί,
1356 572 1488 632 τοὺς
1527 572 1923 643 ἀμαθέστερον
1945 579 2269 644 χρωμένους
2295 579 2450 645 ἀτεχ-

344 661 454 717 νῶς
502 656 683 724 πυρὸς
731 651 1027 725 πίμπλησι
1073 656 1168 706 καὶ
1214 653 1293 722 τῷ
1345 656 1465 707 ὄντι
1515 654 1764 719 πολλούς
1815 659 1997 711 αὐτῶν
2042 662 2453 733 ἐμβροντήτους

345 741 632 810 ἐποίησεν.
708 738 865 791 οὗτοι
911 741 1013 806 μὲν
1065 740 1160 791 οὖν
1201 738 1396 807 σχεδόν
1433 758 1490 793 τι
1529 745 1864 809 μαινόμενοι
1901 742 2086 796 πολλὰ
2124 749 2263 799 κακὰ
2305 746 2444 819 δρῶ·
2480 758 2506 799 5

348 839 464 890 σιν,
518 826 710 896 ὥσπερ
738 819 984 896 Ὅμηρός
1034 839 1179 896 φησι
1226 829 1324 878 τὸν
1362 827 1684 898 Κένταυρον
1733 830 2104 895 μεθυσθέντα
2150 834 2208 883 ἐν
2246 840 2315 903 τῇ
2353 841 2455 886 τοῦ

279 923 310 974 3
348 912 638 981 Πειρίθου
680 912 830 980 οἰκίᾳ
867 911 1007 962 κακὰ
1047 913 1425 982 ἐργάσασθαι.
1641 909 1770 982 [καὶ]
1809 912 1974 966 ἄλλοι
2014 913 2072 966 δὲ
2115 919 2285 987 φύσει
2322 917 2453 970 ἀδο-

352 994 550 1063 λέσχαι
602 997 723 1048 οἷον
775 998 1065 1067 ἀκροατῶν
1115 1015 1285 1049 τινων
1334 995 1639 1066 λαβόμενοι
1676 1005 1788 1051 τῶν
1829 1007 2134 1066 συμποτῶν
2172 1004 2454 1075 ἀναισθή-

346 1100 479 1146 τους
515 1085 610 1135 καὶ
645 1085 892 1154 μακρούς
933 1081 1298 1136 διατίθενται
1338 1082 1561 1152 λόγους·
1603 1086 1660 1136 οἱ
1688 1083 1747 1136 δὲ
1777 1077 1982 1155 ᾄδουσι
2011 1090 2107 1139 καὶ
2144 1086 2452 1156 ἀπᾴδουσι,
2471 1101 2662 1147 (528311)

350 1167 574 1241 σφόδρα
615 1171 861 1236 ἄμουσοι
901 1171 1083 1233 ὄντες,
1131 1171 1227 1222 καὶ
1267 1167 1461 1236 σχεδόν
1506 1187 1560 1222 τι
1600 1168 1810 1237 μᾶλλον
1850 1169 2095 1224 λυποῦσι
2131 1179 2243 1224 τῶν
2279 1192 2450 1240 μαχο-
2488 1183 2535 1226 10

347 1259 530 1322 μένων
566 1257 660 1308 καὶ
700 1253 1163 1325 λοιδορουμένων.
1229 1259 1413 1327 ἕτεροι
1453 1254 1511 1308 δὲ
1553 1257 1824 1327 αὐστηροὶ
1847 1259 1942 1309 καὶ
1981 1260 2273 1330 σώφρονες
2311 1258 2458 1311 εἶναι

352 1340 605 1410 λέγοντες
644 1343 1053 1394 ἀποκναίουσιν
1092 1339 1282 1412 ἀηδίᾳ,
1321 1344 1463 1413 μήτε
1501 1349 1688 1393 ποτοῦ
1722 1345 1786 1393 τὸ
1813 1347 2043 1413 μέτριον
2081 1346 2221 1415 μήτε
2261 1342 2460 1407 λαλιᾶς

280 1437 315 1486 4
353 1429 644 1480 κοινωνεῖν
683 1425 985 1491 ἀξιοῦντες.
1169 1427 1232 1490 ὃς
1282 1420 1334 1478 δ’
1393 1429 1460 1479 ἂν
1499 1411 1536 1497 ᾗ
1574 1427 1762 1498 πρᾷος
1801 1430 1938 1500 ἀνὴρ
1977 1432 2072 1482 καὶ
2108 1432 2206 1481 τὸν
2244 1432 2459 1499 τρόπον

354 1515 559 1575 ἱκανῶς
596 1517 966 1584 ἡρμοσμένος,
1006 1519 1117 1564 τῶν
1155 1530 1216 1564 τε
1243 1510 1429 1564 ἄλλων
1468 1511 1682 1583 ῥᾳδίως
1724 1515 1993 1581 ὑπομένει
2031 1517 2131 1586 τὴν
2160 1513 2460 1567 δυσκολίαν

353 1601 448 1650 καὶ
475 1600 643 1660 αὐτὸς
669 1600 746 1660 ὡς
774 1598 894 1649 οἷόν
920 1615 979 1649 τε,
1006 1595 1037 1628 '³‘
1063 1595 1093 1627 ’¹⁸
1121 1599 1321 1668 ἀμαθῆ
1345 1600 1515 1668 χορὸν
1543 1600 1625 1660 εἰς
1652 1601 1716 1650 τὸ
1747 1595 1884 1651 ’δέον
1920 1602 2206 1663 καθιστὰς
2244 1599 2450 1671 ῥυθμῷ
2490 1609 2539 1652 15

349 1701 409 1735 τε
446 1685 540 1735 καὶ
564 1681 723 1750 μέλει
760 1682 839 1751 τῷ
868 1685 1231 1754 προσήκοντι,
1273 1685 1405 1745 τούς
1442 1701 1503 1734 τε
1544 1685 1785 1746 οἰκείους
1825 1683 2021 1752 λόγους
2050 1687 2331 1756 εἰσφέρων
2367 1688 2557 1741 καὶ(287
2580 1699 2633 1741 Μ)

353 1765 636 1839 δεξιότητι
681 1771 776 1820 καὶ
826 1769 1042 1820 πειθοῖ
1085 1771 1514 1838 προσαγόμενος
1563 1771 1695 1831 τούς
1739 1773 2056 1840 παρόντας,
2109 1772 2253 1822 ὥστε
2291 1773 2455 1838 ἐμμε-

353 1851 613 1924 λέστερον
651 1856 746 1906 καὶ
786 1852 1158 1925 φιλικώτερον
1200 1852 1447 1918 ξυνεῖναι
1488 1852 1773 1925 ἀλλήλοις.

283 1945 313 1995 5
497 1941 567 1991 τὰ
605 1942 707 2007 μὲν
747 1937 811 2010 δὴ
852 1946 965 1991 τῶν
1006 1942 1341 2007 συμποσίων
1379 1946 1642 2008 τοιαῦτα·
1681 1941 2052 2011 ἀφικνοῦνται
2091 1938 2150 1992 δὲ
2188 1943 2283 2010 καὶ
2319 1943 2465 2010 πρὸς

354 2027 457 2088 τὰς
496 2028 864 2096 πανηγύρεις,
917 2027 973 2076 οἱ
1020 2027 1122 2092 μὲν
1164 2027 1420 2094 ἱστορίας
1459 2029 1637 2077 ἕνεκεν
1675 2031 1787 2076 τῶν
1825 2043 1885 2077 τε
1924 2023 2109 2077 ἄλλων
2146 2027 2457 2093 θεαμάτων
2493 2037 2543 2079 20

352 2113 447 2163 καὶ
471 2117 583 2163 τῶν
623 2113 882 2179 ἀγώνων·
932 2113 1028 2163 καὶ
1075 2114 1289 2163 τούτων
1329 2114 1456 2162 ὅσοι
1508 2109 1731 2181 σφόδρα
1771 2109 2189 2172 ἐσπουδακότες
2227 2113 2362 2179 περὶ
2398 2114 2461 2163 τὸ

360 2201 615 2267 πρᾶγμα,
669 2194 1022 2248 διατελοῦσιν
1063 2198 1236 2248 οὐθὲν
1275 2194 1412 2247 ἄλλο
1452 2198 1799 2266 πράττοντες
1836 2193 1898 2259 ἐξ
1935 2197 2211 2247 ἑωθινοῦ·
2258 2194 2465 2248 πολλοὶ

356 2279 415 2333 δὲ
457 2283 597 2333 ὤνια
634 2277 958 2347 κομίζοντες
996 2279 1369 2345 παντοδαπά,
1422 2283 1691 2351 ἀγοραῖος
1730 2278 1905 2347 ὄχλος,
1955 2283 2011 2331 οἱ
2051 2279 2114 2332 δέ
2150 2299 2299 2343 τινες
2338 2285 2462 2333 εαυ-

287 2370 318 2420 6
358 2372 469 2418 τῶν
519 2363 938 2432 ἐπιδειξόμενοι
990 2371 1186 2433 τέχνας
1222 2368 1317 2418 καὶ
1356 2364 1739 2437 δημιουργίας,
1780 2364 1945 2417 ἄλλοι
1985 2364 2044 2417 δὲ
2088 2369 2298 2437 σοφίαν
2336 2369 2463 2419 τινὰ

357 2454 541 2504 αὐτῶν
581 2453 956 2523 ἐκφαίνοντες,
996 2450 1202 2504 πολλοὶ
1238 2455 1339 2519 μὲν
1371 2455 1664 2523 ποιήματα
1692 2450 2106 2514 ἐπιδεικνύντες
2143 2450 2460 2520 τραγῳδίας
2497 2462 2543 2503 25

359 2555 420 2589 τε
467 2539 562 2589 καὶ
611 2540 796 2603 ἐπῶν,
855 2536 1063 2590 πολλοὶ
1111 2536 1169 2589 δὲ
1216 2536 1603 2608 καταλογάδην
1645 2540 2072 2608 συγγράμματα,
2124 2539 2221 2588 τὸν
2263 2535 2464 2609 σχολῆς

356 2625 535 2674 ἕνεκεν
566 2625 770 2693 ἥκοντα
807 2625 901 2674 καὶ
939 2624 1221 2693 ῥᾳθυμεῖν
1260 2621 1600 2690 βουλόμενον
1639 2621 2021 2688 ἐνοχλοῦντες·
2062 2621 2221 2675 οὗτοι
2261 2622 2319 2675 δὲ
2357 2626 2462 2690 μά·
2481 2629 2684 2682 (529311Ῑ

359 2705 524 2759 λιστα
576 2710 797 2760 ἐοίκασι
846 2713 969 2771 τοῖς
1016 2705 1371 2779 μινυρίζουσι
1416 2711 1510 2760 καὶ
1559 2702 1795 2777 ᾄδουσιν
1843 2711 1901 2760 ἐν
1939 2713 2062 2770 τοῖς
2102 2710 2464 2775 συμποσίοις,

360 2792 437 2844 ὧν
476 2791 538 2856 ἐξ
576 2795 817 2865 ἀνάγκης
845 2796 1067 2846 ἀκούειν
1106 2796 1245 2859 ἔστι,
1284 2795 1385 2846 κᾶν
1423 2796 1496 2865 μή
1530 2792 1674 2863 θέλῃ
1715 2811 1817 2856 τις.
1966 2796 2024 2845 ἐν
2051 2796 2276 2855 τούτοις
2304 2796 2335 2844 ό
2374 2792 2465 2845 δυ-

357 2880 597 2945 νάμενος
648 2878 845 2948 λόγους
894 2883 1078 2932 εἰπεῖν
1130 2878 1454 2951 ὠφελίμους
1500 2882 1595 2931 καὶ
1635 2883 2026 2950 συμφέροντας
2060 2881 2155 2930 καὶ
2191 2881 2290 2949 τὴν
2329 2877 2460 2948 ὅλην
2497 2889 2546 2932 30

361 2962 597 3017 σύνοδον
638 2966 1148 3037 εὐσχημονεστέραν
1196 2968 1291 3017 καὶ
1340 2967 1550 3032 ἀμείνω
1602 2969 1940 3035 παρασχεῖν,
1992 2962 2155 3025 οὗτος
2203 2964 2316 3014 ὑπὸ
2366 2970 2465 3033 τῆς
2676 3023 2684 3036 l

358 3059 603 3122 ταραχῆς
650 3054 745 3104 καὶ
792 3059 895 3103 τοῦ
940 3050 1205 3123 πλήθους
1253 3058 1364 3103 τῶν
1404 3049 1588 3102 ἄλλων
1632 3052 1866 3122 ἡσυχίαν
1905 3052 2029 3118 ἄγει
2064 3050 2159 3101 καὶ
2195 3052 2466 3118 τρέπεται
2672 3038 2684 3068 ⁸

295 3136 325 3186 7
363 3129 503 3188 καθ’
550 3140 733 3190 αὐτόν.
798 3139 1138 3189 πεπόνθασι
1174 3139 1278 3206 γὰρ
1321 3135 1383 3208 δὴ
1440 3138 1495 3187 οἱ
1532 3134 1740 3188 πολλοὶ
1777 3139 1924 3204 πρὸς
1961 3137 2093 3197 τοὺς
2131 3136 2190 3185 ἐκ
2231 3131 2464 3204 φιλοσο-
2670 3069 2684 3324 ἦ

503 3321 531 3361 4
563 3315 910 3376 ἐμβροντίτους
939 3318 979 3363 U
1068 3321 1093 3362 6
1114 3309 1319 3379 (Όμηρος
1349 3317 1446 3363 scil.
1480 3316 1562 3363 Od.
1592 3316 1703 3361 XXI
1721 3319 1802 3361 295
1819 3329 1888 3372 sq.
1979 3321 2002 3360 7
2037 3315 2096 3360 cf.
2128 3314 2262 3359 Hom.
2282 3313 2312 3357 l.
2332 3312 2362 3356 1.
2382 3314 2463 3356 298
2682 3366 2684 3381 ἶ

355 3383 471 3436 κάκ’
504 3384 636 3447 ἔρεξε
666 3389 820 3446 δόμον
849 3385 975 3436 κατὰ
1006 3385 1290 3450 Πειριθόοιο
1406 3390 1488 3435 καὶ
1518 3388 1707 3445 seclusi3
1741 3391 1809 3433 est
1839 3387 1955 3432 enim
1985 3398 2111 3431 mera
2139 3382 2365 3442 oppositio

365 3463 417 3505 12
449 3456 506 3507 τὸ
536 3459 718 3519 μέτρον
747 3460 861 3513 libri,
892 3459 951 3506 τὸ
982 3461 1181 3519 μέτριον
1212 3460 1392 3506 Geelius
1511 3463 1563 3504 15
1596 3456 1783 3506 οἴονται
1812 3457 1862 3501 Μ
1958 3457 2167 3502 lacunam
2196 3451 2467 3509 significavit

360 3531 469 3577 Wil.
557 3528 794 3585 καθιστὰς
822 3531 942 3587 libri,
971 3533 1228 3591 καθίστησι
1256 3531 1442 3584 Jacobs,
1473 3530 1554 3576 sed
1583 3530 1641 3575 cf.
1673 3531 1825 3575 adnot.
1856 3527 2201 3585 praecedentem
2319 3527 2372 3568 16
2403 3518 2461 3569 τὸ

363 3598 659 3662 προσήκοντι
689 3602 728 3646 U
757 3604 801 3656 (o
834 3602 1014 3647 articuli
1044 3602 1239 3657 evanuit)
1361 3606 1410 3646 17
1443 3605 1579 3648 πιθοῖ
1606 3601 1655 3645 Μ
1773 3603 1827 3643 20
1859 3595 1998 3645 ἕνεκα
2027 3597 2066 3640 Β
2198 3598 2249 3639 21
2285 3591 2351 3648 εἰς
2379 3605 2464 3650 pro

363 3675 476 3733 περὶ
506 3673 544 3717 Β
717 3676 771 3718 25
803 3668 960 3721 αὐτῶν
988 3673 1136 3728 UBM‚
1167 3685 1284 3719 corr.
1316 3673 1452 3718 Dind.
1628 3669 1950 3730 ἐκφανοῦντες
1977 3666 2190 3712 Reiskius
2326 3667 2382 3709 29
2412 3660 2466 3709 ἐν

362 3741 520 3807 τούτῳ
539 3767 595 3783 =
614 3744 816 3789 interea?
