2684 4140
410 233 475 282 66
742 170 749 176 θ
778 219 978 268 Dloms
1006 217 1090 262 DE
1120 207 1463 260 CONCORDIA
1495 203 1618 250 CUM
1649 199 2076 246 APAMENSIBVS

406 371 662 439 ὁμονοίας
711 360 994 430 σῴζεσθαι
1050 353 1228 425 φιλεῖ,
1283 353 1350 424 τά
1399 366 1459 399 τε
1509 347 1834 414 ἰσχυρότερα
1893 344 1985 393 καὶ
2033 336 2202 407 μείζω
2250 342 2343 392 καὶ
2391 341 2459 391 τὰ
2486 351 2678 399 (177311)

401 453 609 505 έλάττω
647 447 708 516 δή
750 443 1026 496 δοκοῦντα.
1112 437 1314 503 ταύτης
1363 430 1421 482 δὲ
1471 437 1568 499 τῆς
1614 429 1909 488 κοινωνίας
1959 424 2328 494 διαλυθείσης
2370 427 2463 478 καὶ

403 537 646 591 στάσεως
681 527 1072 593 ἐπιγενομένης
1099 520 1193 584 οὐχ
1221 518 1396 576 οὕτως
1423 511 1749 581 ἀνώλεθρος
1777 505 1906 562 οὐδὲ
1934 511 2239 581 ἄφθαρτος
2279 502 2461 561 αὐτῶν

397 623 427 687 ἠ
469 617 659 686 φύσις,
711 611 851 661 ὥστε
887 609 959 676 μή
1001 603 1351 672 ταραχθῆναι
1387 601 1479 650 καὶ
1516 600 1613 668 τήν
1652 598 1932 666 ἀμήχανόν
1970 612 2030 645 τε
2066 596 2160 645 καὶ
2197 595 2460 659 ἄπιστον,

313 704 376 755 37
399 701 472 760 ὥς
510 709 706 766 φασιν,
755 694 1054 756 ὑπομεῖναι
1103 686 1331 757 φθορὰν
1368 686 1426 735 ἑκ
1464 689 1565 733 τοῦ
1601 683 1758 743 ὄντος
1797 681 1879 742 εἰς
1917 682 1979 730 τὸ
2018 682 2092 750 μὴ
2135 681 2209 731 ὄν.
2285 683 2316 750 ἡ
2356 682 2457 746 μὲν
2494 689 2520 730 5
2544 691 2684 735 (497121⁴

390 782 490 848 γὰρ
540 777 795 844 λεγομένη
844 774 997 842 παρὰ
1046 775 1165 832 τοῖς
1215 773 1420 840 σοφοῖς
1470 769 1839 836 ἐπικράτησις
1887 766 2148 834 αἰθέρος,
2198 766 2256 815 ἐν
2309 757 2354 833 ᾦ
2397 767 2460 816 τὸ

388 859 679 930 βασιλεῦον
715 861 806 910 καὶ
843 860 904 908 τὸ
942 857 1282 923 κυριώτατον
1320 860 1418 924 τῆς
1459 858 1696 922 ψυχικῆς
1746 848 2031 916 δυνάμεως
2081 850 2142 900 ὃν
2183 841 2279 900 οὐκ
2317 851 2461 901 ἀπο-

389 951 688 1016 τρέπονται
726 949 836 1012 πῦρ
876 937 1164 1006 ὀνομάζειν
1203 935 1503 1001 πολλάκις,
1553 939 1661 1006 ὅρῳ
1703 952 1761 986 τε
1799 936 1893 986 καὶ
1930 932 2130 1004 πρᾴως
2167 939 2458 1006 γιγνομένη

387 1032 443 1083 ἔν
497 1042 609 1081 τισι
660 1030 883 1097 χρόνοις
937 1028 1320 1092 τεταγμένοις,
1373 1023 1514 1089 μετὰ
1564 1023 1754 1091 πάσης
1805 1017 2001 1091 φιλίας
2048 1021 2142 1070 καὶ
2193 1021 2461 1085 ὁμονοίας

294 1166 297 1167 ⁷
385 1116 528 1166 ἔοικε
567 1113 899 1179 συμβαίνειν.
973 1113 1004 1180 ἡ
1046 1107 1105 1160 δὲ
1143 1115 1254 1160 τῶν
1292 1106 1476 1159 ἄλλων
1514 1104 1811 1170 πλεονεξία
1848 1107 1941 1157 καὶ
1981 1103 2231 1175 διαφορὰ
2271 1121 2454 1174 παρα·
2495 1115 2540 1156 10

368 1202 566 1265 ’νόμως
611 1201 897 1265 γιγνομένη
953 1196 1048 1245 τὸν
1099 1195 1334 1260 ἔσχατον
1382 1195 1495 1259 ἔχει
1548 1190 1801 1244 κίνδυνον
1851 1189 2121 1260 ὀλέθρου,
2172 1192 2305 1260 περὶ
2351 1197 2462 1243 τῶν

385 1282 525 1336 ὅλων
563 1284 766 1334 οὔποτε
803 1283 1065 1346 ἐσόμενον
1106 1277 1202 1331 διὰ
1241 1281 1304 1331 τὸ
1353 1285 1545 1330 πᾶσαν
1595 1280 1816 1348 εἰρήνην
1865 1278 1958 1328 καὶ
2006 1274 2365 1346 δικαιοσύνην
2403 1278 2462 1328 έν

387 1373 573 1430 αὐτοῖς
609 1369 874 1436 ὑπάρχειν
911 1366 1004 1416 καὶ
1043 1371 1334 1430 πανταχοῦ
1358 1366 1542 1416 πάντα
1576 1361 1858 1415 δουλεύειν
1894 1364 1988 1414 καὶ
2027 1359 2463 1426 ξυνακολουθεῖν

305 1454 369 1506 38
391 1455 688 1521 εὐγνώμονι
736 1454 882 1518 νόμῳ
934 1451 1254 1516 πειθόμενα
1301 1451 1395 1501 καὶ
1443 1448 1678 1501 εἴκοντα.
1772 1449 1868 1514 οὐχ
1929 1449 2094 1517 ὁρᾶτε
2149 1453 2312 1498 τοῦτο
2361 1449 2463 1513 μὲν

384 1535 539 1607 ἥλιον
577 1537 725 1588 νυκτὶ
771 1535 1188 1602 μεθιστάμενον
1234 1535 1328 1586 καὶ
1374 1538 1691 1603 παρέχοντα
1742 1530 2034 1584 ἀνατεῖλαι
2081 1536 2203 1594 τοῖς
2247 1533 2456 1603 ἀφανε-
2495 1543 2541 1584 15

386 1626 600 1692 στέροις
637 1623 880 1690 ἄστροις,
920 1626 1083 1670 τοῦτο
1124 1617 1183 1670 δὲ
1226 1616 1458 1689 σελήνην
1486 1621 1664 1670 ἐῶντα
1691 1615 2066 1685 καταλάμψαι
2102 1619 2201 1689 τήν
2229 1619 2459 1668 ἅπασαν

381 1714 477 1777 γῆν
513 1708 569 1757 ἐν
606 1707 806 1775 ἐρημίᾳ
844 1711 945 1756 τοῦ
966 1706 1282 1771 κρείττονος
1311 1706 1532 1775 φωτός,·
1570 1710 1734 1754 τοῦτο
1764 1701 1822 1754 δὲ
1852 1705 2031 1773 ἄστρα
2058 1705 2459 1771 ὑποχωροῦντα

381 1789 515 1860 ἡλίῳ
571 1792 662 1842 καὶ
715 1787 885 1859 μηδὲν
941 1791 1215 1858 ἡγούμενα
1276 1790 1514 1854 πάσχειν
1569 1785 1710 1858 μηδὲ
1773 1785 2143 1839 ἀπόλλυσθαι
2212 1786 2305 1839 διὰ
2362 1790 2460 1858 τήν

380 1877 584 1927 ἐκείνου
636 1870 756 1943 [τοῦ
811 1869 971 1942 θεοῦ]
1025 1872 1290 1940 δύναμιν,·
1339 1880 1503 1924 τοῦτο
1556 1871 1614 1924 δὲ
1666 1873 1738 1923 αὖ
1783 1874 1879 1923 τὸν
1918 1870 2076 1943 ἥλιον
2116 1874 2250 1943 περὶ
2285 1877 2461 1942 μέσην

380 1962 554 2011 ἐνίοτε
602 1964 808 2030 ἡμέραν
846 1961 1315 2026 ἐπισκοτούμενον
1364 1957 1595 2030 σελήνης
1632 1955 2100 2028 ὑποδραμούσης,
2150 1950 2187 2028 ᾗ
2224 1960 2287 2008 τὸ
2330 1964 2454 2029 φῶς
2492 1967 2540 2009 20

383 2045 546 2105 αὐτὸς
598 2042 822 2109 δίδωσι,
874 2042 1146 2107 πολλάκις
1194 2061 1253 2112 γε
1303 2046 1412 2116 μήν
1460 2046 1572 2095 ὑπὸ
1627 2050 1738 2095 τῶν
1789 2044 2226 2095 ἀσθενεστάτων
2274 2030 2462 2114 νεφῶν

383 2129 872 2198 ἀποκρυπτόμενον
911 2132 943 2199 ἤ
981 2147 1132 2192 τινος
1158 2131 1362 2200 ἀραιᾶς
1401 2127 1630 2199 ὁμίχλης
1669 2131 1805 2199 περί
1830 2147 1888 2180 τε
1929 2127 2126 2195 λίμνας
2150 2131 2244 2181 καὶ
2282 2145 2459 2180 ποτα·
2485 2141 2680 2185 (178311)

382 2215 520 2277 μοῦς
559 2215 877 2284 ἱσταμένης,
929 2217 1003 2277 ὡς
1041 2208 1175 2266 ἔσθ’
1217 2218 1308 2267 ὅτε
1343 2217 1446 2282 μὲν
1485 2214 1783 2283 εἴργεσθαι
1821 2212 2138 2279 παντελῶς,
2178 2216 2358 2266 ἐνίοτε
2397 2212 2457 2266 δὲ

303 2296 367 2349 39
388 2295 593 2369 ἀδρανῆ
632 2302 727 2370 τὴν
765 2301 953 2351 ἀκτῖνα
991 2303 1082 2352 καὶ
1121 2298 1326 2372 λεπτὴν
1366 2299 1740 2367 διαπέμπειν·
1780 2307 1945 2352 τοῦτο
1987 2298 2045 2351 δὲ
2085 2306 2195 2351 τῶν
2235 2297 2459 2351 πλανω-

385 2387 563 2446 μένων
603 2385 847 2454 ἀστέρων
885 2388 980 2456 τήν
1019 2387 1309 2437 ἄπαυστον
1331 2387 1575 2456 χορείαν,
1617 2388 1651 2436 ἃ
1675 2384 1961 2456 μηδέποτε
1989 2383 2253 2456 ἀλλήλοις
2278 2388 2454 2452 ἐμπο-
2492 2395 2539 2437 25

386 2464 493 2518 δὼν
532 2470 783 2531 ἵσταται,·
831 2473 972 2540 πρὸς
1021 2469 1078 2522 δὲ
1132 2471 1204 2522 αὖ
1238 2479 1302 2543 γῆ
1342 2474 1443 2538 μὲν
1481 2474 1579 2542 τήν
1626 2474 1931 2522 κατωτάτω
1977 2474 2165 2541 χώραν
2215 2468 2458 2536 λαχοῦσα

384 2552 675 2617 ὑπομένει,
724 2555 985 2625 καθάπερ
1034 2559 1172 2626 ἕρμα
1228 2559 1392 2621 νεώς,
1442 2555 1592 2627 ὕδωρ
1645 2554 1703 2608 δὲ
1755 2559 1888 2627 περὶ
1936 2559 2107 2627 ταύτῃ
2146 2560 2458 2623 κεχυμένον,

389 2637 635 2706 ὕπερθεν
675 2636 731 2689 δὲ
771 2641 982 2710 ἀμφοῖν
1021 2642 1123 2712 ἀήρ
1161 2640 1409 2708 μαλακός
1457 2660 1518 2694 τε
1553 2644 1647 2694 καὶ
1684 2643 1952 2706 εὔπνους,
2008 2644 2039 2693 ὁ
2088 2640 2147 2694 δὲ
2188 2643 2457 2693 ἀνωτάτω

384 2722 475 2771 καὶ
538 2719 824 2788 ξύμπαντα
882 2727 1017 2791 ἔχων
1075 2728 1249 2797 αἰθήρ
1307 2730 1486 2798 πυρὸς
1551 2729 1718 2779 θείου
1774 2725 1949 2795 κύκλῳ
2009 2711 2459 2797 περιδραμόντος

386 2805 601 2868 αὐτοῖς;
655 2810 746 2859 καὶ
807 2817 976 2861 ταῦτα
1034 2816 1161 2877 μέν,
1225 2814 1402 2875 οὕτως
1461 2814 1657 2883 ἰσχυρὰ
1712 2814 1806 2864 καὶ
1852 2810 2251 2881 μεγάλα,’τὴν
2308 2814 2453 2881 πρὸς
2489 2821 2538 2863 30

388 2886 594 2959 ἄλληλα
642 2896 932 2946 κοινωνίαν
981 2897 1233 2962 ἀνέχεται
1269 2899 1363 2949 καὶ
1412 2895 1666 2950 διατελεῖ
1690 2899 1862 2968 χωρὶς
1899 2899 2137 2968 ἔχθρας·
2187 2897 2355 2966 μικροὶ
2398 2894 2456 2947 δὲ

460 3163 471 3175 .
522 3098 547 3139 2
577 3096 628 3155 δὴ
659 3099 806 3158 Emp.,
836 3102 884 3150 δὲ
911 3103 1014 3148 libri
1127 3109 1274 3153 ταῦτα
1304 3107 1341 3152 Β
1376 3099 1546 3166 ταύτης
1577 3110 1644 3166 (ης
1674 3118 1702 3151 a
1733 3110 1866 3160 corr.)
1895 3107 1937 3153 U
2054 3111 2078 3152 6
2110 3104 2167 3155 τὸ
2201 3113 2461 3168 βασιλεῦον

385 3166 555 3220 Βθῖψῦἱ,
586 3165 641 3213 τὸ
671 3174 916 3229 βασίλειον
943 3174 1044 3219 libri
1187 3182 1209 3221 7
1244 3180 1323 3236 τῆς
1356 3181 1506 3237 ψυχῆς
1536 3175 1777 3235 δυνάμεως
1805 3178 1889 3226 UT
1920 3184 2002 3238 τῆς
2034 3183 2183 3239 ψυχῆς
2210 3183 2292 3227 καὶ
2322 3176 2459 3228 δυνά·

386 3248 520 3315 μεως,
539 3235 586 3278 Μ
697 3241 888 3288 fortasse
919 3239 947 3291 ὃ
978 3243 1063 3293 οὐκ
1090 3261 1173 3305 pro
1205 3244 1263 3296 ὂν
1293 3245 1382 3296 οὐκ
1411 3249 1696 3295 sczibendum
1724 3252 1794 3295 est
1939 3254 1963 3295 8
1993 3251 2247 3310 γιγνομένη
2275 3251 2459 3308 Reiske‚

388 3319 669 3389 ytyvousvpv
695 3310 796 3355 libri
911 3319 957 3360 11
991 3318 1211 3378 γινομένη
1239 3320 1331 3366 UM
1460 3323 1509 3364 12
1539 3316 1776 3377 ἐσόμενον
1805 3321 1980 3378 scripsi,
2009 3320 2245 3379 ἐσομένου
2272 3321 2376 3367 libri

398 3376 449 3418 ¹4
478 3379 746 3434 πείθομεθα
776 3382 814 3426 Β
986 3390 1035 3431 16
1065 3390 1209 3436 τοῦτο
1243 3389 1291 3437 δὲ
1319 3391 1404 3437 hoc
1434 3390 1536 3437 loco
1564 3390 1799 3448 ineptum„
1813 3405 1895 3448 pro
1927 3405 2015 3449 quo
2045 3396 2126 3439 καὶ
2154 3391 2459 3449 reponendum

391 3446 460 3487 est
512 3514 521 3524 .
577 3450 626 3492 ¹8
655 3443 951 3501 ἀπόλλυσθαι
981 3462 1236 3515 suspectum
1383 3465 1434 3506 19
1465 3464 1551 3508 τοῦ
1579 3466 1701 3509 θεοῦ
1729 3463 1894 3509 seclusi
2036 3456 2096 3510 αὖ
2125 3460 2214 3510 τὸν
2243 3463 2282 3507 Β
2313 3459 2461 3510 αὐτὸν

389 3514 524 3580 qeoen
608 3521 661 3562 20
690 3516 1046 3586 ὑποδραμούσης
1075 3529 1269 3577 Cobetus
1297 3525 1643 3592 ἐπιδραμούσης
1672 3533 1776 3578 libri
1863 3536 1915 3578 22
1945 3533 2281 3593 κρυπτόμενον
2309 3532 2392 3579 UT

388 3581 644 3712 Ξμᾎῖῆςέ
813 3609 863 3640 τε
893 3607 977 3642 om.
1007 3597 1127 3643 UBT
1298 3606 1352 3647 24
1382 3603 1691 3660 πλανομὲνων
1719 3603 1757 3648 Β
1965 3605 2015 3647 31
2050 3598 2206 3662 ἔχεται
2237 3602 2318 3649 UT

532 3672 561 3701 α
