2684 4140
433 257 500 306 74
1176 235 1382 281 1>10N1s
1412 231 1718 278 DEFENSIO

425 395 566 455 ὅλως
603 389 974 456 λυπηρότερος
1009 382 1052 432 ὦ
1093 387 1205 432 τῶν
1253 375 1461 429 ἐνθάδε
1506 371 1718 444 μηδενί.
1797 373 1860 421 τὸ
1899 372 1999 436 μὲν
2045 367 2108 439 δή
2149 375 2248 438 τῆς
2285 365 2490 438 βουλῆς

430 478 571 527 οὕτω
611 469 858 538 διῳκήθη
898 469 966 517 τά
1002 457 1053 532 γ’
1096 460 1236 514 ἄλλα
1277 461 1469 529 ὀρθῶς
1494 458 1640 520 (οὔτε
1665 457 1768 524 γὰρ
1800 452 2049 526 φαύλους
2077 453 2202 503 οὔτε
2230 449 2493 515 ἀναξίους

424 555 626 624 ἄνδρας
662 546 1127 620 ἐχειροτονήσατε)
1163 543 1309 615 πλὴν
1347 546 1435 594 ὅτι
1472 545 1680 602 πάντες
1717 547 1815 610 τῆς
1855 538 1981 608 ἴσης
2018 539 2274 603 τυχόντες
2310 545 2491 608 τιμῆς,

420 641 603 690 καίτοι
652 634 878 694 δικαίως
933 634 1292 698 τυγχάνοντες
1345 628 1439 678 καὶ
1495 619 1574 678 δι’
1628 628 1856 688 αὐτούς,
1914 626 2065 689 ὅμως
2112 623 2378 691 καθάπερ
2438 623 2667 677 οἱ(516Μι

417 723 715 789 μυούμενοι
758 721 1133 783 μυσταγωγῶν
1176 711 1510 782 ἐδεήθησαν.
1597 711 1703 778 ἐγὼ
1758 707 1817 761 δὲ
1869 706 1996 759 οὐδὲ
2036 715 2235 778 ψῆφον
2272 704 2488 776 ἠξίωσα
2525 717 2550 758 5

420 804 708 870 διενεγκεῖν
754 802 895 868 ὑπὲρ
954 797 1177 859 οὐδενὸς
1211 800 1410 863 μόνος,
1457 798 1530 866 μὴ
1572 796 1756 865 ῥοπήν
1793 812 1919 846 τινα
1961 791 2095 862 δοκῇ
2132 794 2195 842 τὸ
2235 798 2492 842 τοιοῦτον

419 891 680 954 παρέχειν
716 886 807 935 καὶ
852 884 1160 951 μαρτυρίαν
1196 883 1290 932 καὶ
1326 887 1436 932 τῶν
1475 877 1659 931 ἄλλων
1696 881 1844 941 τινὲς
1884 880 2195 949 ὀκνήσωσιν
2234 878 2361 943 ἐμοὶ
2397 878 2492 927 τά-

336 974 398 1023 10
419 972 608 1023 ναντία
656 971 890 1039 γράφειν
938 969 1031 1018 καὶ
1077 967 1532 1037 ἀποφαίνεσθαι.
1622 967 1680 1016 τί
1729 965 1854 1027 οὖν,·
1901 964 2000 1015 ἐπὶ
2053 960 2150 1013 δύο
2203 965 2412 1031 ἡμέρας
2458 963 2490 1032 ἢ

414 1059 562 1125 τρεῖς
597 1056 918 1121 γιγνομένης
954 1058 1052 1121 τῆς
1084 1053 1436 1121 χειροτονίας
1462 1048 1704 1121 ἐξῆλθον
1732 1044 1854 1100 οὐδ’
1898 1046 2128 1116 ἔμελλον
2155 1048 2494 1115 παρατυχὼν
2519 1057 2671 1100 (2083]

414 1143 533 1200 τοῖς
569 1140 850 1206 γεγονόσιν
900 1134 1098 1188 οὐδένα
1143 1138 1287 1202 ἔχειν
1329 1139 1616 1207 χρεώστην
1655 1133 1782 1187 οὐδὲ
1825 1137 2149 1204 συνωμότην
2200 1131 2326 1184 οὐδὲ
2366 1134 2494 1199 ἐμοὶ
2529 1139 2577 1182 10

411 1226 572 1292 χάριν
611 1219 907 1292 ὀφείλοντα
945 1227 1048 1272 τοῦ
1071 1224 1416 1291 πράγματος.
1480 1224 1610 1287 ὑμῖν
1635 1223 1756 1288 γάρ,
1799 1221 1894 1271 οὐκ
1919 1218 2159 1287 ἐμαυτῷ,
2199 1219 2330 1279 τούς
2367 1218 2496 1284 βου-

418 1307 610 1369 λευτὰς
662 1300 968 1375 ᾐτησάμην.
1054 1308 1148 1358 καὶ
1194 1308 1381 1358 τοίνυν
1430 1305 1762 1377 διοικήσεως
1811 1312 1905 1356 νῦν
1955 1311 2183 1374 πρῶτον
2222 1304 2498 1371 ἀχθείσης

416 1390 597 1444 πολλὰ
649 1394 754 1442 ὑπὸ
804 1388 1029 1442 πολλῶν
1085 1389 1443 1461 ἠδικημένος,
1494 1393 1686 1461 ὥσπερ
1738 1392 1886 1452 εἰκός
1935 1392 2058 1441 ἐστι
2106 1391 2202 1440 τὸν
2251 1386 2496 1439 ἐλθόντα

416 1478 554 1544 μετὰ
592 1482 833 1527 τοσαῦτα
881 1477 973 1546 ἔτη
1017 1483 1220 1547 φυγῆς,
1267 1479 1361 1529 καὶ
1410 1479 1554 1547 πρὸς
1605 1478 1789 1538 ἐνίους
1841 1473 1968 1526 οὐδὲ
2009 1473 2177 1526 δικῶν
2214 1491 2315 1540 μοι
2354 1472 2495 1536 δέον,

420 1559 558 1612 ἀλλά
594 1558 802 1627 μᾶλλον
850 1562 1033 1612 εἰπεῖν
1068 1563 1162 1612 καὶ
1197 1563 1525 1632 μνησθῆναι
1563 1564 1696 1631 περὶ
1732 1568 1843 1613 τῶν
1879 1563 2290 1625 κατεχομένων,
2343 1560 2488 1628 πρὸς
2525 1565 2571 1607 15

420 1644 612 1697 οὐδένα
641 1639 758 1696 οὐτ’
788 1647 1076 1716 ἐμνήσθην
1105 1647 1230 1698 οὔτε
1259 1645 1420 1714 λόγον
1447 1650 1804 1717 ἐποιησάμην
1834 1642 2049 1708 οὐδένα,
2085 1646 2373 1695 τοσούτων
2399 1645 2499 1708 μὲν

417 1732 498 1791 εἰς
533 1728 858 1800 ἐλευθερίαν
897 1732 1296 1802 ἀφεστηκότων
1335 1733 1592 1796 οἰκετῶν,
1642 1734 1928 1782 τοσούτων
1970 1727 2028 1780 δὲ
2063 1731 2321 1799 χρήματα
2361 1729 2499 1779 ἀπε-

419 1815 773 1882 στερηκότων,
812 1815 1095 1864 τοσούτων
1136 1811 1194 1864 δὲ
1216 1815 1398 1882 χωρία
1422 1816 1784 1879 κατεχόντων,
1825 1816 1922 1865 ἅτε
1948 1812 2187 1884 μηδενὸς
2214 1816 2376 1874 ὄντος
2403 1819 2505 1863 τοῦ
2527 1822 2678 1864 (2093]

337 1901 395 1950 11
417 1894 776 1959 κωλύσοντος.
842 1901 903 1949 οὐ
929 1900 1030 1967 γὰρ
1061 1896 1123 1970 δὴ
1157 1898 1235 1967 τῷ
1273 1901 1374 1965 μὲν
1408 1892 1675 1951 Ὀδυσσεῖ
1704 1904 1923 1969 πατέρα
1954 1899 2100 1950 οἴκοι
2124 1897 2500 1950 καταλιπόντι

415 1983 506 2032 καὶ
553 1987 779 2049 γυναῖκα
829 1985 1049 2055 ἀγαθήν
1084 1987 1178 2037 καὶ
1217 1984 1418 2056 φίλους
1468 1987 1666 2057 συνέβη
1705 1986 2215 2058 καταφρονηθῆναι
2264 1983 2358 2036 διὰ
2397 1986 2495 2054 τήν
2532 1990 2580 2032 20

419 2062 740 2132 ἀποδημίαν
789 2067 964 2128 οὕτως
1010 2063 1213 2134 <ὥσ>τε
1261 2070 1360 2139 τὴν
1411 2070 1591 2120 οἰκίαν
1641 2070 1814 2121 αὐτοῦ
1857 2069 2279 2138 καταλαβόντας
2317 2071 2501 2132 ἐνίους

419 2149 722 2200 ἑστιᾶσθαι
756 2152 849 2201 καὶ
886 2153 1069 2203 πίνειν
1104 2147 1244 2203 καθ’
1288 2156 1524 2224 ἑκάστην
1551 2156 1650 2225 τήν
1675 2159 1884 2226 ἡμέραν
1923 2159 2019 2207 τὸν
2060 2155 2212 2207 οἶνον
2241 2153 2500 2207 ἀντλοῦν-

419 2250 519 2293 τας
554 2235 647 2284 καὶ
682 2235 749 2284 τὰ
787 2236 1108 2306 βοσκήματα
1136 2239 1592 2303 ἀποκτιννύντας,
1630 2242 1725 2292 καὶ
1747 2239 1888 2311 μηδὲ
1928 2248 2026 2305 τῆς
2063 2243 2322 2309 γυναικὸς
2361 2241 2499 2290 ἀπέ-

416 2318 628 2381 χεσθαι
665 2316 1046 2385 τελευτῶντας,
1086 2317 1211 2373 ἀλλ’
1244 2326 1488 2375 ἄκουσαν
1512 2321 1823 2392 βιάζεσθαι
1847 2333 2021 2397 γῆμαι
2044 2329 2139 2378 καὶ
2162 2323 2496 2377 καταλιπεῖν

421 2404 515 2454 τὸν
553 2402 725 2472 ἄνδρα
761 2407 853 2457 καὶ
889 2409 986 2477 τήν
1025 2410 1216 2469 οἰκίαν,
1255 2412 1351 2475 ἐμὲ
1390 2409 1448 2461 δὲ
1491 2412 1587 2462 οὐκ
1622 2409 1688 2481 ἦν
1729 2413 1876 2473 εἰκὸς
1900 2414 2012 2463 ὑπὸ
2042 2409 2269 2462 πολλῶν
2308 2408 2493 2461 πολλὰ
2532 2415 2578 2455 25

421 2495 650 2538 τοιαῦτα
699 2493 1076 2557 πεπονθέναι,
1138 2497 1365 2547 πάντων
1423 2497 1829 2564 ἀπεγνωκότων
1874 2514 1943 2563 με
1990 2499 2083 2549 καὶ
2128 2495 2368 2567 μηδενὸς
2416 2497 2500 2546 ἔτι

343 2573 405 2624 12
429 2573 804 2642 σωθήσεσθαι
831 2575 1271 2645 προσδοκῶντος.
1337 2578 1477 2631 ἀλλὰ
1506 2583 1639 2651 περὶ
1663 2589 1838 2632 ταῦτα
1863 2585 1965 2648 μὲν
1993 2582 2132 2644 ἴσως
2172 2584 2268 2647 οὐχ
2305 2585 2501 2648 ὅμοιος

423 2660 635 2726 ἑτέροις
671 2664 881 2727 γέγονα,
923 2660 1059 2729 λέγω
1100 2662 1157 2714 δὲ
1199 2667 1261 2715 οὐ
1300 2672 1411 2716 τῶν
1450 2665 1693 2718 ἰδιωτῶν
1730 2670 1920 2732 μόνον,
1961 2665 2102 2718 ἀλλὰ
2145 2665 2371 2718 πολλῶν
2408 2668 2502 2718 καὶ

427 2740 758 2813 φιλοσόφων
783 2744 1132 2812 καλουμένων
1160 2756 1645 2821 σωφρονέστερος·
1686 2750 1942 2823 ἐλύπησα
1973 2751 2031 2804 δὲ
2071 2755 2129 2803 ἐν
2167 2758 2289 2814 τοῖς
2316 2753 2501 2821 ἔργοις

421 2829 516 2896 τὴν
556 2826 736 2879 πόλιν.
811 2834 941 2900 περὶ
979 2831 1036 2883 δὲ
1075 2837 1312 2899 τούτων,
1363 2839 1439 2898 ὡς
1477 2839 1709 2904 ἐγένετο,
1751 2835 2024 2899 πολλάκις
2063 2839 2360 2907 ἀκηκόατε·
2411 2835 2504 2887 δεῖ
2532 2841 2580 2882 30

564 3052 589 3093 2
620 3043 769 3106 οὕτως
797 3052 836 3097 U
868 3045 993 3101 οὕτω
1025 3068 1110 3099 om.
1139 3055 1188 3099 M
1321 3053 1380 3105 τὰ
1412 3051 1456 3104 δ’
1487 3054 1609 3105 ἄλλα
1638 3058 1756 3111 libri,
1786 3054 1845 3105 τά
1875 3052 1925 3118 γ’
1956 3054 2076 3105 ἄλλα
2106 3057 2336 3114 impressi3
2367 3070 2502 3115 prae·

424 3118 519 3164 fero
548 3119 606 3166 τὰ
636 3121 723 3178 μὲν
751 3119 869 3169 ἄλλα
1011 3128 1037 3170 3
1066 3124 1436 3188 ἐχιροτονήσατε
1464 3129 1516 3174 Μ
1672 3133 1755 3189 τῆς
1784 3126 1905 3189 ἴσηςι
1935 3129 2176 3186 paritatem
2204 3126 2389 3173 honoris
2421 3139 2503 3171 cur

427 3194 640 3269 mefnoref·
666 3203 736 3236 ΨΘ
763 3192 878 3249 fugit
989 3200 1016 3240 4
1046 3191 1217 3252 αὐτοὺς
1246 3199 1325 3244 UT
1442 3205 1468 3246 6
1499 3203 1690 3247 τοιοῦτο
1720 3200 1803 3246 UB
1891 3204 1916 3245 9
1946 3198 2203 3259 γενομένης
2233 3198 2351 3253 libri,
2382 3210 2501 3243 corr.

431 3256 592 3339 anske
730 3258 760 3319 ἢ
787 3275 869 3318 1)Υο
900 3267 981 3323 τῆς
1009 3265 1058 3308 Μ
1190 3273 1215 3312 9
1247 3263 1350 3316 οὐδ’
1383 3266 1582 3328 ἔμελλον
1610 3271 1744 3328 Emp.
1777 3266 1885 3319 οὐδὲ
1913 3274 2098 3328 μᾶλλον
2126 3270 2231 3315 libri
2347 3285 2503 3327 παρα-

431 3344 574 3407 ἶυχῼν
602 3328 651 3372 Μ
764 3335 815 3376 10
846 3329 967 3391 ἔχειν
995 3336 1141 3394 Emp.‚
1173 3334 1293 3397 ἔχων
1319 3341 1426 3386 libri
1514 3346 1566 3387 12
1596 3336 1828 3402 ήτισάμην
1858 3342 1897 3386 Τ
2007 3346 2059 3388 14
2088 3341 2197 3388 δέον
2226 3341 2378 3398 ΕωΡ.,
2408 3344 2505 3386 δεῖν

429 3398 533 3481 ῙῙΪζΥῑ
647 3404 697 3444 15
726 3405 907 3458 μᾶλλον
934 3405 1051 3461 libri,
1079 3405 1232 3464 μόνον
1261 3411 1420 3468 Pflugk
1579 3418 1631 3458 16
1661 3417 1900 3461 τοσοῦτον
1930 3413 1972 3459 U
2000 3426 2059 3458 m.
2090 3425 2160 3470 pr.
2309 3416 2358 3455 17
2388 3429 2503 3469 χρη-

429 3485 596 3551 aava?
624 3470 737 3553 0Το
823 3476 872 3518 18
905 3469 960 3521 οὐ
989 3490 1069 3532 pro
1098 3483 1184 3526 τοῦ
1215 3482 1263 3525 Μ
1350 3488 1403 3529 19
1435 3479 1542 3533 οὐδὲ
1569 3481 1665 3545 γὰρ
1696 3489 1799 3538 (om.
1831 3481 1901 3543 δὴ)
1934 3484 1972 3530 Τ
2068 3481 2125 3530 τὸ
2158 3496 2240 3540 pro
2270 3485 2340 3544 τῷ
2368 3482 2417 3526 Μ

433 3541 481 3581 2¹
518 3555 669 3594 ovtwc
697 3557 820 3588 ωσῒὲ
848 3543 1025 3600 ΒθῑδῙίθ,
1057 3541 1207 3604 Οῧῖως
1234 3568 1286 3598 τε
1313 3552 1417 3598 libri
1516 3554 1872 3610 καταλιπόντας
1901 3555 1951 3600 Μ
1978 3550 2335 3606 καταλιπόντος
2366 3551 2502 3606 UBT,

432 3621 546 3653 corr.
579 3610 705 3667 Emp.
819 3616 872 3657 22
902 3611 986 3673 τὴν
1015 3630 1097 3661 om.
1126 3619 1175 3663 Μ
1290 3626 1342 3667 23
1372 3619 1722 3681 ἀποκτινύντας
1753 3626 1792 3671 Τ
1909 3629 1963 3670 26
1992 3628 2140 3684 μῆδος
2162 3624 2211 3668 Μ
2328 3627 2382 3668 28
2412 3625 2499 3679 μό-

433 3696 528 3726 νων
557 3680 605 3724 Μ
720 3686 771 3728 30
802 3681 854 3738 δὴ
884 3698 964 3741 pro
996 3691 1066 3734 δεῖ
1092 3689 1139 3733 Μ
