2684 4140
423 217 528 266 338
1253 216 1710 264 ADDITAMENTA

422 373 469 415 p.
497 361 565 412 52,
587 360 614 401 4
646 355 691 402 εἰ
716 351 1117 415 όὲ-παρόντων
1145 367 1267 401 nunc
1305 356 1414 402 mihi
1442 358 1652 415 persuasi
1690 372 1803 405 sana
1840 373 1960 416 esse,
1999 363 2160 409 deinde
2200 366 2364 412 τοίνυν
2399 368 2524 424 prius

540 425 660 471 delet
687 424 836 469 Herw.

425 510 470 553 p.
495 499 564 550 52,
588 499 640 540 10
673 490 1092 552 οὐκοῦν-κοινά)
1121 496 1235 541 haec
1265 497 1423 551 verba,
1463 498 1641 545 etiamsi
1675 501 1929 562 παρέντων
1968 504 2193 550 scribatur
2231 519 2314 563 pro
2345 505 2523 567 παρόν-

540 583 606 613 τω
614 582 652 621 ν,
686 565 806 622 quod
836 565 978 612 voluit
1007 567 1170 624 Paton,
1200 580 1293 613 non
1323 567 1550 625 intellego.

423 650 468 693 p.
495 640 564 690 53,
589 640 641 681 14
671 632 701 695 ἢ
728 630 1021 696 (ἀλλήλους)
1051 636 1098 685 οὶ
1129 637 1323 684 Casaub.
1355 642 1401 684 et
1428 639 1655 688 ReiskiuS.

422 721 466 764 p.
490 712 558 762 55,
583 711 634 752 10
665 704 884 755 ἑκάστων
913 711 1011 755 τῶν
1039 708 1102 769 μὴ
1146 706 1336 770 σφόδρα
1377 703 1600 770 οἷνοήτων
1641 713 1758 771 (τοῦ
1796 711 2022 773 σώματος
2058 717 2416 776 ἐπιμελομένων
2449 716 2523 768 διὰ

537 778 733 837 ποτῶν)
761 781 842 825 καὶ
873 780 1022 827 σίτων
1050 782 1131 827 καὶ
1161 784 1379 840 λουτρῶν
1406 785 1488 828 καὶ
1516 778 1734 842 ὑγιεινῶν
1764 783 1825 845 δή
1859 785 2071 834 πάντων.
2131 789 2204 834 Ita
2233 790 2385 835 locum
2416 803 2525 838 con·

540 849 679 894 stituo
709 850 897 895 similem
927 854 1115 897 secutus
1144 852 1367 897 rationem
1396 853 1597 900 Patonis.

423 935 465 978 p.
490 924 559 974 59,
584 924 635 965 16
666 916 696 980 ἢ
726 915 1006 980 ἀνθρώπων
1035 921 1121 966 del.
1153 921 1302 967 Herw.

422 1005 465 1048 p.
489 994 558 1047 61,
583 995 635 1036 10
664 995 746 1038 καὶ
774 988 958 1051 (κατὰ)
987 987 1076 1039 τὸν
1106 989 1371 1054 ἄνθρωπον
1400 994 1562 1040 Paton.

422 1075 466 1118 p.
491 1066 560 1118 67,
584 1066 636 1107 12
665 1060 869 1110 κάκιστα
900 1075 983 1120 pro
1014 1059 1215 1123 τάχιστα
1246 1064 1411 1121 Herw.,
1441 1069 1628 1124 propter
1653 1063 1840 1127 χρόνον
1870 1066 1990 1117 τινοὶ.

424 1147 466 1190 p.
491 1137 559 1189 69,
583 1137 609 1179 3
638 1132 863 1182 ἐντεῦθεν
893 1131 945 1193 δὴ
975 1134 1137 1180 Paton.

424 1218 454 1261 p
494 1209 564 1260 73,
590 1209 641 1250 13
672 1202 1041 1266 μεταβαλόντας
1069 1220 1162 1252 non
1192 1206 1300 1251 mihi
1328 1208 1553 1265 persuasit
1572 1209 1870 1256 Enthovenus
1899 1211 2181 1258 intransitive
2211 1213 2381 1260 dictum
2412 1227 2526 1270 esse,

541 1276 647 1333 quia
677 1277 911 1334 praecedit
938 1277 1203 1337 μετέβαλλε
1231 1278 1479 1324 transitive.

426 1362 456 1405 p
499 1351 566 1402 73,
590 1351 643 1392 22
675 1342 796 1407 ἀνὴρ
826 1362 910 1406 pro
942 1344 1060 1396 ἔνθα
1091 1348 1214 1406 (quia
1242 1362 1505 1407 praegressa
1534 1354 1674 1407 agunt
1703 1351 1759 1398 de
1781 1353 2011 1408 daemone)
2032 1353 2180 1401 Herw.

426 1431 472 1474 p.
497 1422 565 1472 82,
586 1423 613 1463 4
644 1423 743 1466 τῶν
773 1421 956 1479 θηρίων
987 1419 1070 1465 del.
1102 1420 1251 1466 Herw.

424 1503 468 1546 p.
494 1494 562 1544 85,
584 1494 609 1535 2
642 1486 790 1538 αὑτὸν
824 1491 872 1538 δὲ
901 1491 1051 1536 Herw.

424 1574 467 1616 p.
499 1564 592 1616 109,
618 1564 670 1605 22
701 1565 782 1608 καὶ
811 1558 971 1609 ἄλλων
1000 1565 1100 1608 τῶν
1129 1559 1540 1621 παραμενούντων
1571 1564 1840 1612 Wendland.

423 1645 469 1688 p.
495 1635 591 1686 112,
613 1636 636 1676 7
668 1627 761 1691 ἀφ’
795 1624 852 1680 οὗ
881 1633 1030 1678 Herw.

425 1717 468 1761 p.
497 1706 591 1756 116,
614 1706 667 1747 29
699 1701 786 1762 τὴν
813 1703 959 1762 ὑπὲρ
990 1701 1190 1750 ἐκείνων
1219 1700 1364 1759 δόξαν
1392 1704 1623 1751 ReiskiuS.

425 1787 469 1830 p.
498 1777 592 1827 117,
615 1777 640 1818 2
673 1769 730 1821 οὗ
759 1777 1184 1834 καταφρονοῦντες
1214 1772 1375 1822 αὐτῶν
1402 1775 1487 1821 del.
1520 1775 1667 1821 Herw.

423 1859 468 1901 p.
494 1847 591 1899 119,
613 1848 639 1889 9
670 1844 979 1890 scribendum:
1013 1848 1240 1892 τοιοῦτον
1267 1840 1475 1903 (οὐδέν).

425 1930 469 1973 p.
498 1919 593 1970 120,
618 1921 670 1961 10
701 1912 821 1976 ὑπὲρ
854 1911 1002 1964 αὑτοῦ
1031 1916 1290 1971 delendum,
1321 1916 1442 1974 quod
1470 1929 1526 1962 ex
1553 1917 1583 1961 l.
1617 1922 1641 1962 5
1671 1917 1761 1962 hue
1792 1917 2020 1963 aberravit
2049 1918 2353 1974 (Wendland).

427 2001 469 2044 p.
497 1990 591 2042 122,
616 1991 666 2032 17
699 1986 853 2046 λέγειν
883 1990 972 2034 τοῦ
1002 1983 1301 2048 πράγματος)
1331 1988 1444 2034 haec
1475 2002 1597 2034 nunc
1620 1990 1833 2047 corrupta
1851 1992 1963 2047 puto
1986 2002 2088 2035 eum
2110 1989 2300 2046 Blassio,
2332 1990 2409 2047 qui
2424 2002 2527 2047 pro-

389 2072 392 2075 ·
539 2058 690 2115 posuit
721 2059 874 2118 λέγειν
901 2057 956 2105 ἐκ
986 2062 1073 2106 τοῦ
1103 2062 1399 2119 προφανοῦς.

424 2143 468 2186 p.
494 2132 591 2184 123,
614 2133 639 2174 9
669 2128 1040 2189 καταφυγόντας
1070 2131 1121 2175 Β.

425 2213 466 2256 p.
494 2203 589 2255 125,
614 2204 666 2246 16
697 2193 823 2247 ὥστε
851 2197 945 2247 κᾶν
976 2196 1157 2258 ὀμόσαι
1186 2202 1238 2246 Β.

427 2284 468 2327 p.
498 2273 593 2324 130,
615 2274 638 2314 5
674 2265 801 2317 οῧτω
832 2275 938 2316 ante
964 2269 1130 2333 χρόνῳ
1160 2270 1419 2329 transponit
1446 2271 1681 2318 Vahlenus
1711 2271 1809 2317 Iud.
1838 2272 1969 2319 Lect.
2001 2273 2104 2318 Ber.
2139 2277 2267 2319 1895.

428 2355 474 2398 p.
501 2345 594 2396 131,
617 2345 669 2386 32
702 2339 985 2400 συνήδεσθαι
1015 2341 1191 2398 flagitat
1220 2342 1369 2388 Herw.

426 2427 470 2469 p.
497 2416 593 2467 138,
615 2417 668 2458 25
700 2416 929 2468 ξυντιθεὶς
957 2426 1039 2470 pro
1071 2415 1253 2467 ξυνθεὶς
1281 2413 1334 2458 Β.

426 2497 471 2540 p.
497 2488 591 2540 139,
612 2489 666 2530 28
696 2480 983 2543 ὑποφεύγων
1010 2497 1093 2541 pro
1125 2481 1417 2543 ἀποφεύγων
1445 2485 1501 2529 Β.

425 2571 468 2613 p.
496 2560 591 2610 140,
618 2560 666 2601 19
698 2550 892 2613 οἷμύνειν
921 2562 1025 2608 ταῖς
1055 2556 1224 2602 ναυσίν
1253 2555 1305 2602 Β.

425 2641 468 2683 p.
496 2630 589 2684 142,
612 2629 665 2671 29
697 2624 951 2686 φυγόντων
980 2627 1031 2671 B.

425 2712 469 2754 p.
500 2701 595 2752 143,
618 2701 671 2741 20
703 2694 944 2757 φυγόντας
973 2698 1028 2743 Β.

423 2783 469 2826 p.
498 2772 589 2824 144,
615 2772 666 2813 16
696 2772 777 2815 καὶ
806 2765 932 2829 πρὸς
959 2769 1194 2828 (Τρῶας)
1223 2768 1386 2826 φιλίαν
1415 2762 1682 2827 πράξαντες
1712 2761 1972 2814 ἀπέλθοιεν
2001 2766 2150 2812 Herw.

426 2854 469 2896 p.
498 2843 593 2893 153,
619 2844 670 2884 12
701 2839 755 2886 ἐκ
785 2843 873 2886 τοῦ
901 2832 1058 2886 τόπου
1088 2838 1175 2884 del.
1207 2838 1356 2883 Herw.

426 2924 470 2967 p.
498 2915 590 2966 155,
617 2915 665 2955 17
695 2910 909 2970 χαλεπὴν
938 2910 1085 2956 Herw.

428 2995 471 3038 p.
499 2984 594 3039 165,
617 2986 639 3025 7
673 2974 937 3041 κυμβάλοις
968 2984 1090 3028 τισὶν
1119 2976 1427 3040 πολυψόφοις
1455 2979 1605 3025 Herw.
1637 2991 1709 3024 me
1738 2981 1934 3023 secutus.

427 3067 471 3109 p.
500 3056 596 3110 170,
618 3056 666 3097 21
702 3051 924 3111 ἐνίκησας
953 3055 1034 3099 καὶ
1064 3050 1316 3111 ἐξέπληξας
1345 3051 1432 3110 τὴν
1454 3046 1651 3098 ίΕλλάδα
1682 3049 1828 3095 Herw.

428 3137 473 3179 p.
500 3127 594 3178 179,
618 3126 667 3167 21
702 3118 754 3170 ἔν
783 3139 906 3169 τισιν
936 3121 1084 3184 ἱεροῖς
1112 3123 1260 3168 Herw.

429 3203 471 3245 p.
499 3193 570 3234 181
582 3223 595 3246 ,
618 3195 665 3234 17
699 3191 935 3236 verborum
953 3188 1078 3253 εἷ’τῳ
1094 3217 1148 3222 -
1164 3194 1329 3245 παῖδες
1342 3189 1642 3247 patrocinium
1659 3188 1849 3246 suscipit
1864 3187 2094 3235 Vahlenus
2111 3188 2261 3234 Herm.
2278 3188 2410 3233 XXX
2432 3192 2528 3233 361.

428 3273 473 3315 p.
504 3263 597 3315 190,
620 3263 672 3305 29
703 3261 840 3306 verba
868 3264 950 3307 καὶ
977 3261 1113 3320 μὴ-
1131 3265 1355 3322 φοβηθῇς
1383 3262 1448 3306 ita
1478 3261 1675 3318 explieat
1703 3261 2054 3306 Herwerdenus:
2086 3260 2210 3315 „noli
2230 3260 2397 3315 timere,
2433 3260 2528 3305 vult

543 3333 744 3385 venator,
773 3344 832 3375 ne
863 3333 1042 3377 domum
1062 3345 1206 3378 meam
1226 3337 1272 3379 te
1291 3346 1458 3378 vocans
1489 3332 1676 3376 insidias
1707 3331 1791 3377 tibi
1810 3333 2027 3377 struam“.
2077 3333 2140 3375 At
2168 3332 2278 3375 mire
2307 3331 2393 3375 hac
2423 3343 2523 3376 sen-

546 3401 688 3444 tentia
717 3401 1148 3459 interrumperentur
1175 3415 1291 3461 quae
1311 3403 1367 3449 de
1387 3402 1628 3460 navigandi
1648 3402 1918 3447 difficultate
1940 3405 1986 3447 et
2004 3401 2282 3458 praecedunt
2300 3405 2346 3446 et
2369 3414 2526 3445 secun·

543 3474 634 3515 tur.
695 3472 853 3529 Itaque
891 3474 1087 3518 nuncin
1126 3477 1321 3520 mentem
1350 3474 1459 3519 mihi
1497 3474 1639 3527 venit,
1677 3486 1737 3518 an
1773 3473 1911 3518 verba
1949 3473 2028 3517 illa
2065 3477 2172 3517 ante
2213 3469 2378 3519 ἔπειτα
2408 3471 2436 3515 1.
2469 3474 2521 3515 27

543 3542 887 3598 transponenda
926 3544 1030 3588 sint.
1097 3545 1169 3590 Ita
1206 3545 1320 3590 bene
1357 3545 1583 3591 sententia
1619 3544 1898 3603 procederet.
1967 3543 2125 3600 Neque
2161 3541 2365 3597 offendit,
2404 3542 2523 3599 quod

541 3615 727 3658 venator
755 3613 946 3670 primum
977 3615 1157 3671 quidem
1196 3617 1415 3673 postridie
1445 3618 1637 3662 Dionem
1684 3616 1743 3661 ad
1771 3628 1896 3661 mare
1926 3615 2071 3662 redire
2108 3614 2255 3667 iubet,
2294 3611 2397 3657 dein
2438 3613 2522 3657 cir-

545 3687 804 3740 cumspecto
837 3685 960 3730 caelo
1001 3685 1075 3731 vix
1111 3691 1215 3743 post
1254 3688 1452 3745 quinque
1491 3688 1584 3734 dies
1623 3689 1932 3745 tempestatem
1975 3685 2208 3733 remissum
2245 3683 2301 3728 iri
2339 3696 2524 3740 sperare

2675 3255 2684 3295 ⁴

2668 3300 2684 3385 1
