2684 4140
355 185 423 232 24
1243 171 1526 219 ANONYMI
2652 163 2665 213 η

351 323 495 394 εἴτε)
525 326 726 393 χείρων
764 322 934 383 ἐστίν,
973 317 1077 389 ἤδη
1106 318 1174 367 τὰ
1203 324 1301 386 τῆς
1329 317 1491 376 ὁσίας
1518 315 1852 383 περίκειται,
1889 315 1984 365 καὶ
2015 317 2116 386 χρη
2147 317 2244 386 τὴν
2271 314 2440 368 πόλιν

351 404 524 460 αὐτοῦ
580 407 928 474 προεστάναι
987 404 1064 463 ὡς
1124 401 1510 468 ἀναθήματος.
1606 397 1790 449 πολλὰ
1840 400 1907 450 ἄν
1956 417 2043 460 τις
2091 400 2210 465 ἔχοι
2257 402 2439 452 εἰπεῖν

349 495 491 560 ὑπὲρ
531 496 634 541 τοῦ
664 491 737 559 μὴ
781 485 896 538 δεῖν
934 486 1176 555 Γοργίαν
1215 486 1311 535 τὸν
1355 486 1634 558 σοφιστήν
1673 485 1730 535 ἐν
1768 481 2024 554 Δελφοῖς
2061 487 2309 549 ἑστάναι,
2347 488 2440 537 καὶ

349 583 522 626 ταῦτα
559 577 840 640 μετέωρον
877 573 971 621 καὶ
1002 575 1259 639 χρυσοῦν.
1323 570 1566 639 Γοργίαν
1607 567 1778 637 λέγω,·
1815 572 1961 621 ὅπου
1999 586 2060 637 γε
2096 573 2189 621 καὶ
2218 573 2439 641 Φρύνην

262 660 328 710 29
350 661 447 729 τὴν
478 658 804 726 Θεσπιακὴν
831 656 984 706 ἔστιν
1022 653 1180 718 ἰδεῖν,
1220 656 1319 706 ἐπὶ
1354 655 1542 717 κίονος
1577 656 1832 725 κάκείνην
1871 656 1948 717 ὡς
1972 657 2228 723 Γοργίαν.
2295 654 2434 707 ἀλλὰ
2473 667 2496 706 5

346 746 410 793 τὸ
447 744 549 808 μὲν
588 735 763 802 εὐθὺς
801 743 1064 811 ἐνστῆναι
1101 743 1340 806 νόμιμον
1369 739 1508 802 ἴσως
1532 742 1625 792 καὶ
1651 739 1962 805 πολιτικόν,
2001 743 2064 791 τὸ
2107 734 2162 792 δ’
2204 743 2436 811 ὕστερον
2462 753 2660 797 (116R11)

346 825 623 888 ἐλθόντας
661 834 760 897 τῆς
787 827 1118 888 ἀναθέσεως
1146 823 1407 877 ἀναλύειν
1435 827 1758 894 πειρᾶσθαι
1783 827 1852 877 τὰ
1882 824 2201 894 δεδογμένα,
2231 819 2440 877 ’Ἀπολ-

347 911 458 977 λον,
497 913 667 983 βαρύ·
706 914 800 964 καὶ
839 903 1022 974 οὐδεὶς
1053 913 1128 977 ,ἂν
1167 915 1430 982 ἠνέσχετο
1470 917 1581 962 τῶν
1615 905 2054 982 Ἀμφικτυόνων.
2118 914 2211 963 καὶ
2248 912 2350 979 γὰρ
2391 914 2441 963 εἰ

343 1000 415 1068 μή
459 995 584 1049 δέον
623 999 971 1068 ἐστάθησαν,
1011 999 1073 1048 τὸ
1117 998 1403 1068 σταθῆναι
1440 994 1824 1066 προλαβόντες
1864 995 1989 1048 δέον
2028 997 2342 1064 ἑστήκασιν,
2382 994 2443 1059 ἐξ

343 1082 412 1134 οὗ
446 1081 882 1162 προειλήφασιν.
971 1084 1164 1152 ὥσπερ
1214 1084 1317 1153 γὰρ
1366 1089 1477 1133 τῶν
1527 1084 1609 1144 εἰς
1646 1084 1901 1133 ἐνιαυτὸν
1951 1084 2296 1152 αἱρουμένων
2335 1084 2436 1133 κᾶν
2476 1091 2522 1134 10

343 1165 574 1232 ἀνάξιος
611 1162 645 1239 ἡ
686 1187 773 1230 τις
811 1170 998 1239 ἀρχῆς,
1036 1170 1132 1219 τὸν
1159 1174 1289 1235 γοῦν
1316 1169 1571 1219 ἐνιαυτὸν
1610 1169 1820 1219 ἐκεῖνον
1848 1168 1930 1229 εἰς
1957 1167 2020 1218 ὃν
2044 1158 2229 1237 ᾑρέθη
2259 1169 2442 1236 ἄρχων

345 1251 618 1317 διατελεῖ,
671 1255 815 1304 οὕτω
858 1251 917 1304 δὲ
955 1253 1049 1304 καὶ
1085 1257 1207 1314 τοῖς
1245 1250 1511 1322 ἀνδριᾶσι
1547 1254 1738 1322 κύριον
1786 1251 1933 1303 εἶναι
1973 1249 2066 1303 δεῖ
2095 1254 2191 1303 τὸν
2224 1255 2441 1319 χρόνον,

258 1341 324 1391 30
345 1330 442 1410 ἐφ’
503 1339 565 1390 ὃν
613 1340 973 1409 ἐστάθησαν·
1032 1339 1155 1389 ἔστι
1204 1336 1263 1389 δὲ
1316 1336 1479 1399 οὗτος
1528 1343 1639 1400 πᾶς
1689 1340 1719 1388 ὁ
1769 1336 1972 1400 λοιπὸς
2013 1340 2229 1405 χρόνος.
2314 1339 2347 1408 ἢ
2387 1340 2445 1388 τί

347 1423 591 1476 διοίσετε
631 1431 742 1475 τῶν
780 1426 912 1486 τοὺς
951 1421 1224 1494 πηλίνους
1264 1421 1628 1474 πλαττόντων
1641 1442 1660 1486 ,·
1698 1425 1755 1474 τί
1794 1421 1852 1474 δὲ
1879 1421 2048 1474 καλὸν
2087 1420 2236 1486 ἕξετε
2265 1420 2442 1490 λέγειν

344 1512 489 1580 πρὸς
526 1512 658 1571 τοὺς
696 1511 1081 1571 ἀπαιτοῦντας
1117 1511 1263 1575 ὑμᾶς
1300 1511 1395 1560 τὸν
1436 1506 1598 1577 λόγον
1647 1515 1750 1559 τοῦ
1795 1509 1896 1571 τὰς
1942 1511 2044 1575 μὲν
2082 1508 2250 1574 τιμὰς
2290 1507 2435 1559 εἶναι
2475 1517 2520 1559 15

336 1589 485 1665 ,παρ’
527 1598 657 1662 ὑμῖν
711 1597 951 1665 θνητάς,
1002 1596 1103 1657 τὰς
1153 1592 1211 1646 δὲ
1263 1596 1494 1660 ἀτιμίας
1543 1595 1900 1657 ἀθανάτους,
1949 1596 2000 1645 εἰ
2047 1596 2234 1645 τοίνυν
2282 1586 2440 1643 οὐδὲν

344 1682 574 1748 αἰσχρὸν
599 1678 765 1731 τοῦτό
794 1682 933 1743 ἐστι,
972 1681 1176 1749 καίπερ
1207 1681 1268 1730 ὃν
1297 1677 1496 1743 δεινόν,
1537 1680 1600 1730 ού
1625 1678 1830 1749 κομιδῇ
1855 1683 2251 1750 τετυφωμένης
2278 1675 2441 1729 πολι-

342 1767 497 1827 τείας
524 1763 852 1835 ἀνδριάντες
879 1766 1148 1827 ἐπέτειοι,
1179 1766 1372 1834 ὥσπερ
1409 1766 1465 1814 οἱ
1489 1766 1703 1834 καρποί
1712 1783 1732 1827 ,·
1771 1766 1867 1826 οὓς
1892 1765 1994 1833 γὰρ
2025 1757 2120 1829 οὐχ
2150 1756 2223 1813 ἵν’
2267 1756 2442 1824 εὐθὺς

342 1849 708 1915 ἐκλείπωσιν,
767 1843 894 1900 ἀλλ’
949 1852 1108 1912 ὅπως
1160 1847 1430 1901 πλεῖστον
1476 1852 1677 1919 χρόνον
1727 1851 2150 1918 παραμείνωσι,
2204 1846 2442 1913 χαλκοῦς

258 1936 318 1987 31
348 1938 557 2000 ἵστατε,
597 1939 831 1997 τούτους
868 1936 1223 2006 ἀποφαίνετε
1259 1937 1353 1986 καὶ
1390 1941 1501 1986 τῶν
1538 1936 1777 2005 κηρίνων
1803 1932 2249 2004 μαλακωτέρους.
2311 1934 2434 2003 ἢνὴ
2475 1944 2522 1986 20

341 2016 441 2074 Δί’
484 2025 573 2074 ὅτι
613 2023 873 2093 ὀφθῆναι
912 2023 1197 2091 πονηρούς
1234 2022 1467 2091 ὕστερον
1509 2022 1741 2091 συνέβη,
1794 2022 1843 2072 εἰ
1880 2022 1981 2087 μὲν
2019 2022 2251 2091 ὕστερον
2288 2021 2439 2087 γεγό-

342 2122 532 2171 νασιν,
574 2101 672 2158 οὐκ
711 2108 920 2177 ἀφίησι
957 2109 1056 2177 τὴν
1096 2104 1265 2157 πόλιν
1304 2113 1403 2177 τῆς
1442 2107 1658 2167 αἰτίας·
1711 2099 1775 2156 οὗ
1813 2107 1916 2174 γὰρ
1957 2112 2068 2158 τῶν
2105 2103 2438 2172 μελλόντων,
2469 2118 2545 2153 ,463
2565 2117 2618 2159 Μ)

343 2190 484 2243 ἀλλὰ
523 2199 634 2244 τῶν
673 2194 1088 2261 παρῳχηκότων
1127 2193 1286 2258 ὑμεῖς
1326 2189 1512 2242 δίδοτε
1551 2192 1653 2252 τὰς
1689 2193 1872 2257 τιμάς.
1962 2192 2012 2242 εἰ
2064 2189 2122 2242 δὲ
2163 2194 2439 2260 πρότερον
2463 2202 2659 2244 (117311)

343 2280 420 2329 ὢν
458 2285 716 2339 τοιοῦτος
741 2279 974 2345 ὕστερον
999 2277 1399 2347 κατωπτεύθη,
1439 2281 1696 2346 ποτέρως
1723 2277 1790 2327 ἂν
1818 2274 2016 2327 οἴεσθε
2041 2273 2255 2342 μᾶλλον
2282 2275 2438 2344 παρὰ

341 2368 463 2425 τοῖς
488 2357 745 2434 Ἕλλησιν
797 2356 1167 2433 εὐδοκιμῆσαι
1211 2364 1306 2413 καὶ
1354 2366 1611 2430 ποτέρως
1662 2362 1730 2412 ἂν
1774 2363 1906 2424 τούς
1960 2362 2023 2412 εὖ
2066 2358 2440 2429 βουλομένους
2478 2370 2526 2410 25

342 2450 481 2514 ὑμᾶς
530 2452 719 2499 ποιεῖν
770 2445 1271 2518 προκαλέσασθαι,
1321 2449 1419 2518 τήν
1467 2448 1652 2516 κρίσιν
1701 2444 1965 2497 ἀνάδικον
2016 2448 2359 2517 ποιήσαντες
2407 2446 2438 2515 ἢ

343 2539 465 2596 τοῖς
506 2531 662 2597 ἅπαξ
702 2531 1058 2601 δεδογμένοις
1097 2534 1488 2599 ἐμμείναντες,·
1538 2533 1643 2599 ἐγὼ
1683 2533 1784 2598 μὲν
1824 2533 2002 2593 οὕτως
2039 2536 2296 2603 ἠγοῦμαι.
2378 2533 2441 2581 τὸ

260 2619 325 2670 32
346 2622 446 2685 μὲν
496 2620 598 2688 γὰρ
648 2622 1024 2689 ἠτυχηκότων,
1073 2621 1136 2669 τὸ
1187 2617 1245 2669 δὲ
1295 2619 1540 2685 βεβαίων
1587 2619 1740 2668 ἐστὶν
1789 2618 2134 2685 ἀνθρώπιον.
2282 2617 2441 2667 οὔπω

344 2702 482 2772 λέγω
523 2707 585 2755 τὸ
624 2709 916 2772 μέγιστον,
967 2707 1055 2755 ὅτι
1095 2695 1192 2754 οἰκ
1229 2706 1288 2754 ἐκ
1329 2701 1624 2774 διαβολῆς,
1677 2696 1802 2753 ἀλλ’
1848 2705 1907 2753 ἐκ
1942 2701 2262 2774 καταδίκης,
2300 2695 2438 2773 μηδ>

342 2792 400 2840 ἐκ
439 2797 537 2860 τῆς
575 2792 847 2858 τυχούσης
887 2791 1091 2853 αἰτίας,
1131 2780 1256 2839 ἀλλ’
1301 2790 1359 2839 ἐκ
1398 2796 1496 2858 τῆς
1532 2789 1799 2858 μεγίστης
1839 2787 1933 2839 δεῖ
1961 2791 2060 2859 τὴν
2086 2786 2435 2858 τηλικαύτην,
2473 2794 2522 2836 30

458 2943 475 2983 1
501 2937 639 2994 ὁσίας
657 2940 848 2996 selden„
871 2935 1038 2994 οὐσίας
1054 2940 1182 2995 libri3
1202 2940 1375 2984 malim:
1398 2934 1455 2985 τὸ
1479 2941 1559 2997 τῆς
1582 2937 1724 2992 ὁσίας
1740 2938 1800 2984 cf.
1817 2938 2049 2984 Demosth.
2068 2951 2106 2984 c.
2124 2939 2233 2984 Mid.
2256 2941 2283 2996 ξ
2306 2943 2380 2983 126

342 3013 367 3054 3
398 3012 628 3070 γοργείαν
656 3011 707 3055 Μ
821 3015 848 3055 4
877 3013 1079 3071 γοργίαν
1109 3012 1157 3057 τί
1185 3010 1308 3070 λέγω
1333 3010 1370 3055 U
1400 3011 1601 3069 γοργίαν
1629 3026 1674 3055 τι
1703 3009 1825 3069 λέγω
1847 3010 1884 3054 Β
1916 3011 1973 3063 (τι
2005 3021 2034 3053 a
2063 3022 2179 3055 corr.
2210 3009 2256 3054 in
2288 3009 2352 3063 Μ)

343 3086 367 3124 5
399 3079 477 3128 ἐπὶ
507 3084 672 3136 κίονος
700 3082 885 3138 Jacobs,
915 3077 998 3129 ἐπ’
1030 3079 1219 3136 εἰκόνος
1249 3082 1338 3126 ΒΜ
1367 3079 1444 3127 ἐπὶ
1475 3077 1664 3134 εἰκόνος
1684 3080 1723 3125 U
1841 3084 1865 3124 6
1897 3075 2037 3134 εὐθὺς
2056 3080 2276 3135 ἐνστῆναι
2297 3081 2345 3124 Μ
2366 3075 2439 3127 εὖ·

342 3148 431 3206 θυς
461 3149 613 3199 ε’νεστι
643 3154 682 3197 Β
711 3152 841 3199 ἐστιν
870 3148 1011 3208 εὐθὺς
1039 3154 1081 3200 U
1175 3155 1256 3200 καὶ
1277 3151 1484 3211 νόμιμον
1506 3152 1586 3198 UB
1715 3156 1762 3196 11
1786 3148 1918 3206 αξιος
1937 3152 1988 3196 Μ
2075 3153 2103 3210 ᾑ
2125 3169 2194 3205 τις
2213 3152 2439 3206 Reiskius‚

343 3225 373 3281 η’
403 3226 487 3282 τῆς
514 3223 619 3269 libri
669 3219 892 3310 ᾗρέσθη
915 3225 953 3268 Β
1043 3228 1095 3269 12
1126 3228 1357 3271 διατελεῖν
1390 3223 1428 3268 U
1513 3223 1665 3267 malim
1696 3221 1748 3281 δὴ
1780 3235 1862 3279 pro
1884 3222 1933 3269 δὲ
2022 3226 2072 3267 13
2103 3217 2187 3280 ἐφ’
2221 3217 2278 3268 ὃν
2297 3223 2335 3267 Β
2356 3218 2438 3281 ἐφ’

281 3292 286 3296 ’
344 3294 413 3339 ὠν
442 3293 491 3336 Μ
522 3286 618 3349 ἀφ’
649 3285 717 3338 ὧν
737 3295 779 3340 U
866 3290 977 3354 ε’στη
997 3296 1035 3339 Β
1127 3300 1177 3340 14
1207 3296 1457 3379 πηλείνους
1486 3295 1535 3338 Μ
1622 3294 1671 3340 τί
1690 3297 1764 3340 δαὶ
1795 3294 1874 3339 UB
1966 3297 2016 3339 16
2049 3289 2184 3341 οὐδὲν
2203 3294 2334 3351 Emp.
2356 3294 2438 3338 du-

348 3364 512 3417 bitans,
545 3357 652 3410 οὐδε
671 3364 774 3407 libri
874 3369 924 3409 17
949 3359 1005 3412 οὖ
1027 3366 1201 3422 scripsi,
1233 3361 1299 3420 ὡς
1322 3366 1449 3422 libri3
1481 3368 1584 3419 πῶς
1615 3360 1671 3412 οὐ
1691 3365 1900 3409 Reiskius
1995 3369 2043 3409 18
2073 3363 2276 3411 ἐπέτειοι
2309 3364 2437 3409 Reis-

347 3433 475 3485 kius‚
505 3431 687 3480 ἐπέτιοι
714 3434 803 3477 ΒΜ
832 3431 940 3480 ἐπει
946 3431 1075 3481 ἐτιοι
1105 3439 1225 3489 (cum
1254 3440 1429 3491 rasura)
1454 3435 1494 3481 U
1612 3439 1665 3480 20
1697 3434 1860 3482 ἶστᾶτε
1892 3435 1968 3480 UB
2083 3438 2165 3481 καὶ
2195 3448 2280 3480 om.
2314 3434 2353 3478 U

349 3507 399 3548 21
439 3495 514 3550 ὅτι
544 3517 629 3549 om.
660 3504 708 3547 M
739 3517 798 3549 m.
829 3519 899 3561 pr.
1046 3509 1098 3550 22
1129 3507 1300 3551 malim:
1334 3502 1503 3564 ἀφιᾶσι
1649 3511 1702 3551 25
1734 3500 2057 3564 εὐδοκιμήσειν
2093 3506 2220 3559 libri,
2261 3500 2437 3551 εὐδοκι-

347 3578 493 3633 μῆσαι
522 3574 655 3631 Emp.
745 3574 1072 3633 βουλομένους
1094 3577 1282 3631 Selden.‚
1312 3578 1693 3636 βουλευομένους
1712 3576 1816 3621 libri
1915 3579 1969 3620 26
1991 3571 2218 3623 ἀνάδικον
2239 3575 2330 3618 Wil
2349 3608 2360 3630 ,
2381 3572 2441 3621 ι’ἓν

349 3639 394 3689 δ’
417 3639 566 3690 αὐτὸν
587 3645 636 3687 Μ
704 3639 978 3692 ἀνάδαστον
1000 3646 1079 3691 UB
1168 3651 1220 3692 28
1245 3642 1573 3707 εὖτυχηκότων
1593 3649 1642 3693 Μ
1662 3661 1721 3693 m.
1741 3661 1808 3704 pr.
1896 3650 1950 3691 29
1974 3642 2061 3693 οὐκ
2076 3646 2182 3691 Wil.
2216 3639 2319 3692 σι’-δ’
2339 3646 2441 3690 libri
