2684 4140
0 0 18 341 λ
1105 292 1332 339 ORATIO
1362 293 1464 339 xx.
2217 297 2321 346 263

231 431 415 484 ἄλλων
434 429 629 501 ’ζῴων
651 435 913 504 φαίνοιτο
950 438 1044 487 καὶ
1083 436 1201 507 ἴχνη
1240 439 1309 489 τὰ
1346 440 1447 505 μὲν
1487 437 1808 503 ἵππων,τά
1849 438 1917 492 δὲ’
1944 436 2110 508 βοῶν,
2149 443 2218 493 τὰ
2263 442 2323 496 δὲ

10 525 12 560 1
230 519 534 587 προβάτων
571 546 642 554 -
680 517 838 571 οὐδὲν
879 521 1002 572 οὔτε
1044 521 1148 591 ὁρᾷ
1181 525 1394 575 τούτων
1423 526 1548 576 οὔτε
1577 526 1917 576 αἰσθάνεται
1945 528 2126 578 αὐτῶν
2166 526 2321 580 οὐδε-

231 605 352 666 νός,
413 600 554 653 ἀλλὰ
605 605 781 655 έκεῖνο
832 600 1192 676 [παριδοῦσα]
1241 611 1602 675 πανταχόθεν
1649 608 1859 678 ἐκλέγει
1917 613 1981 662 τὸ
2033 611 2183 677 ἴχνος
2228 615 2324 664 κά-

228 688 389 753 κείνῳ
431 690 656 752 ἕπεται,
703 692 897 758 μέχρις
946 692 1012 742 ἂν
1062 693 1190 761 εὕρῃ
1240 710 1299 744 τε
1348 696 1442 745 καὶ
1490 696 1776 765 ἀναστήσῃ
1827 697 1923 746 τὸν
1973 693 2181 763 λαγών,
2231 699 2325 749 καὶ

175 779 199 820 5
233 771 375 836 μετὰ
412 777 587 822 ταῦτα
625 777 843 838 κατέχει
884 773 1181 840 διώκουσα,
1222 771 1301 828 δι’
1345 780 1562 830 ὁποίων
1600 781 1667 830 ἄν
1706 795 1846 830 ποτε
1874 779 1929 849 ἴῃ
1953 781 2193 848 χωρίων,
2231 783 2326 833 καὶ

231 854 357 905 ου’τε
395 853 595 907 πεδίον
634 857 759 908 ου’τε
797 859 926 927 ὅρος
965 860 1089 911 οὔτε
1127 862 1196 911 τὰ
1237 859 1361 913 λίαν
1399 868 1603 933 τραχέα
1645 864 1769 915 οὔτε
1790 855 2095 934 χαράδρα’
2073 883 2106 934 η
2147 867 2324 934 ῥεῦμα

231 937 552 992 ἀποκωλύει
591 943 785 1012 αὐτήν,
837 941 1084 1006 πολλούς
1133 963 1291 1008 τινας
1332 945 1573 1016 δρόμους
1621 954 1724 999 τοῦ
1760 946 1906 1015 λαγὼ
1954 949 2194 1011 θέοντος
2230 951 2325 1001 καὶ

0 1028 23 1069 fl?
232 1028 584 1093 πειρωμένου
623 1024 936 1089 ἐξαπατᾶν·
985 1030 1087 1091 τὰς
1127 1028 1186 1080 δὲ
1225 1032 1474 1096 ἀμαθεῖς
1511 1051 1570 1084 τε
1607 1034 1701 1084 καὶ
1738 1031 2117 1095 ἀπαιδεύτους
2152 1036 2320 1096 κύνας
2345 1032 2409 1085 16

0 1075 20 1125 s
64 1112 143 1155 (266
163 1107 485 1176 mssqade'wg
520 1112 622 1175 μὲν
649 1113 1099 1179 αἰσθανομένας,
1126 1120 1338 1180 ταχέως
1365 1115 1423 1167 δὲ
1453 1119 1932 1187 ἀπαγορευούσας,
1974 1119 2024 1168 εἰ
2052 1115 2114 1168 δέ
2138 1119 2327 1169 ποθεν

6 1186 9 1298 i
148 1195 199 1237 10
238 1190 554 1257 ἀλλαχόθεν
603 1201 930 1264 προσπέσοι
975 1199 1180 1267 θροῦς,
1232 1198 1346 1250 είτε
1394 1198 1564 1271 ὑλακὴ
1614 1207 1790 1251 κυνῶν
1840 1200 1951 1251 είτε
2001 1202 2327 1270 ἀνθρώπων

234 1275 644 1376 φθεγξαμένων
693 1277 1014 1349 ὁδοιπόρων
1063 1272 1096 1351 ἢ
1147 1286 1389 1347 νομέων,
1440 1285 1613 1345 εὐθὺς
1665 1285 2095 1345 ἀνακυπτούσας
2133 1287 2192 1335 ἐκ
2229 1292 2332 1336 τοῦ

232 1359 417 1425 ἴχνους
453 1363 618 1413 κάκεῖ
649 1368 977 1433 φερομένας.
1055 1368 1268 1416 τούτων
1310 1364 1373 1437 δὴ
1416 1370 1661 1431 πάντων,
1702 1370 1841 1437 ὅπερ
1883 1369 2041 1437 ἔφην,
2085 1370 2149 1418 τὸ
2190 1369 2330 1430 ἔθος

20 1444 429 1498 [4963Π)αἴτιον.
506 1448 718 1512 ὁμοίως
757 1446 816 1498 δὲ
853 1450 947 1499 καὶ
983 1451 1082 1519 τὴν
1119 1453 1303 1520 ψυχὴν
1341 1448 1556 1514 ἐθίζειν
1595 1453 1662 1503 ἂν
1703 1450 1823 1503 δέοι
1859 1450 2146 1522 μηδέποτε
2186 1454 2330 1504 ἀπο-

15 1521 20 1598 fi
231 1531 554 1599 τρέπεσθαι
589 1530 730 1602 μηδὲ
770 1534 1077 1603 ἀναχωρεῖν
1115 1542 1218 1586 τοῦ
1243 1534 1540 1599 δοκοῦντος
1568 1537 1715 1589 εἶναι
1740 1539 2125 1608 προσήκοντος
2151 1539 2328 1607 ἔργου.

16 1613 18 1615 ’
149 1618 196 1660 15
231 1615 283 1664 εἰ
322 1612 381 1665 δὲ
418 1618 617 1686 μή,ού
655 1616 856 1687 ρᾴδιον
884 1622 1290 1689 περιγενέσθαι
1318 1619 1445 1672 οὐδὲ
1473 1619 1894 1692 ἐξεργάσασθαι
1923 1620 2081 1673 οὐδὲν
2110 1624 2327 1684 ἱκανῶς.

370 1689 404 1768 ἢ
453 1702 548 1752 οὐκ
596 1704 654 1753 ἐν
702 1707 829 1764 ταῖς
877 1706 1113 1774 ἐρημίας
1158 1707 1252 1757 καὶ
1298 1708 1583 1776 ἡσυχίαις,
1637 1709 1732 1758 οὐκ
1781 1708 2030 1758 ἐνταῦθα
2078 1706 2325 1773 μάλιστα
2352 1709 2415 1759 17

231 1785 598 1856 ἀνευρήκασιν
649 1790 705 1838 οἱ
742 1789 974 1858 ἀνόητοι
1011 1791 1345 1860 ἄνθρωποι,
1395 1794 1554 1853 ὅπως
1600 1790 1774 1862 μηδὲν
1829 1790 2171 1843 διανοῶνται
2220 1799 2330 1844 τῶν

235 1868 501 1935 δεόντων,
574 1875 734 1940 ἕτερα
803 1872 987 1925 πολλὰ
1054 1877 1148 1926 καὶ
1201 1878 1403 1927 ἄτοπα
1467 1874 1844 1946 διανοήματα,
1914 1876 1999 1937 οἷς
2065 1877 2332 1943 ἀγαπῶσι

235 1952 514 2021 ξυνόντες,
566 1957 898 2027 τυραννίδας
947 1978 1007 2011 τε
1056 1962 1150 2012 καὶ
1199 1959 1480 2023 πλούτους
1529 1963 1624 2012 καὶ
1661 1952 1787 2011 ἀλλ’
1843 1962 1982 2010 ἄττα
2021 1961 2330 2027 θαυμαστοὶ

151 2042 202 2084 20
239 2039 691 2104 ἀναπλάττοντες
739 2046 961 2107 αὑτοῖς,·
1012 2047 1068 2095 οἱ
1113 2047 1214 2110 μὲν
1252 2047 1580 2116 θησαυρούς
1627 2064 1785 2107 τινας
1837 2040 2326 2114 [ἀναπλάττοντες]

227 2133 442 2194 χρυσοῦ
475 2145 534 2178 τε
573 2130 666 2179 καὶ
704 2130 942 2198 ἀργύρου
982 2128 1212 2201 πλῆθος
1249 2129 1520 2201 ἐξαίφνης
1559 2133 1841 2201 ἀμήχανον
1879 2132 2012 2180 ὅσον
2037 2132 2327 2195 κτώμενοι,

238 2212 293 2261 οἱ
331 2209 390 2262 δὲ
429 2210 685 2278 βασιλεῖς
723 2231 781 2264 τε
819 2217 913 2266 καὶ
948 2218 1262 2285 μονάρχους
1302 2214 1524 2267 πόλεών
1551 2233 1610 2266 τε
1636 2217 1730 2266 καὶ
1755 2216 1940 2265 ἐθνῶν
1969 2212 2329 2265 ἀποδεικνύν-

232 2314 323 2357 τες
366 2303 517 2367 σφᾶς
556 2299 784 2363 αὐτούς,
833 2301 1033 2351 ἔπειτα
1073 2299 1176 2371 ἤδη
1218 2301 1286 2351 τοὶ
1328 2298 1454 2371 ἑξῆς
1494 2302 1626 2370 περὶ
1665 2301 1763 2370 την
1802 2296 2101 2368 τυραννίδα
2147 2301 2332 2349 πάντα

233 2383 600 2446 πράττοντες,
651 2385 782 2445 τούς
829 2389 930 2450 μέν
979 2403 1137 2448 τινας
1190 2387 1652 2449 ἀποκτιννύντες,
1705 2386 1836 2445 τοὺς
1887 2382 1944 2434 δὲ
1993 2381 2333 2446 ἐλαύνοντες,

141 2468 193 2510 25
233 2468 554 2536 παρθένοις
604 2466 662 2519 δὲ
706 2471 800 2521 καὶ
855 2473 1171 2540 μειρακίοις
1228 2474 1322 2523 καὶ
1377 2469 1596 2539 γυναιξὶ
1656 2466 2063 2540 πλησιάζοντες
2128 2469 2219 2530 αἶς
2267 2470 2334 2519 ἂν

234 2549 532 2616 ἐθέλωσιν,
574 2556 882 2606 ἑστιάσεων
918 2551 1043 2623 <δὲ>
1077 2558 1172 2608 καὶ
1212 2558 1459 2622 εὐωχιῶν
1497 2563 1608 2607 τῶν
1636 2552 2130 2606 πολυτελεστάτων
2167 2570 2334 2619 μετα-

238 2634 630 2704 λαμβάνοντες,
672 2641 728 2689 οἱ
768 2637 830 2690 δέ
866 2658 1014 2703 τινες
1053 2642 1316 2711 ἀργύριον
1356 2630 1765 2704 ἐκδανείζοντες
1803 2630 2037 2709 ἣάλλας
2064 2639 2328 2708 ἐργασίας
2352 2636 2416 2689 18

235 2722 356 2773 οἷον
395 2724 755 2794 ἐγρηγορότες
792 2743 851 2776 τε
888 2728 981 2777 καὶ
1020 2729 1258 2796 ὁρῶντες
1298 2729 1557 2796 ὀνείρατα
1586 2723 1818 2777 ποικίλα
1850 2726 1944 2775 καὶ
1983 2720 2327 2773 παντοδαπὰ

235 2805 579 2870 πλάττοντες
618 2812 824 2871 αὐτοῖς.
899 2813 1082 2862 ἐνίοτέ
1116 2828 1177 2879 γε
1213 2815 1321 2882 μὴν
1360 2814 1419 2862 ἐκ
1444 2818 1555 2863 τῶν
1594 2812 1897 2879 ὀνειράτων
1935 2810 2147 2862 τούτων
2187 2807 2330 2855 ἀπο-

158 2899 205 2942 30
240 2894 425 2960 βαίνει
459 2897 555 2946 καὶ
589 2896 741 2965 ὕπαρ
782 2897 973 2958 αὐτοῖς
1010 2898 1078 2947 τὰ
1109 2895 1435 2967 φαυλότατα
1473 2898 1566 2947 καὶ
1591 2896 1948 2945 ἀτοπώτατα.
2011 2888 2332 2961 τυραννίδες

7 2988 220 3031 (497311)
238 2981 339 3045 μὲν
377 2980 479 3048 γὰρ
521 2981 582 3029 ού
623 2982 770 3031 πάνυ
809 2998 867 3031 τι
903 2982 963 3031 ἐκ
1000 2987 1110 3031 τῶν
1148 2984 1421 3031 τοιούτων
1458 2982 1770 3047 γίγνονται·
1824 2977 1886 3027 ού
1925 2976 2027 3043 γὰρ
2068 2971 2259 3024 ἐθέλει
2295 2976 2327 3043 η

9 2557 12 2584 Ι

384 3117 401 3156 1
438 3109 555 3172 ὁρᾶι
586 3117 695 3159 nota
723 3115 898 3159 numeri
927 3116 1224 3160 mutationem
1340 3118 1364 3158 3
1394 3113 1548 3160 ἐκεῖνο
1581 3113 1756 3170 scripsi,
1785 3110 1943 3158 ἐκεῖνα
1973 3110 2078 3155 libri
2194 3123 2334 3164 παρι-

244 3186 394 3230 δοῦσα
425 3196 511 3229 om.
542 3183 591 3226 M
620 3198 678 3230 m.
709 3199 777 3241 pr.
893 3180 1238 3243 ἁπαντοχόθεν
1268 3186 1309 3231 U
1423 3182 1632 3243 ἐκλέγειν
1661 3184 1710 3226 Μ
1824 3187 1852 3227 4
1883 3176 2140 3239 ἀναστήσει
2170 3179 2221 3222 Μ

243 3258 268 3298 6
302 3251 420 3313 ὅρος
449 3254 684 3310 Reiskiu83
718 3250 832 3309 ὁδὸς
859 3255 964 3301 libri
996 3256 1116 3312 quod
1146 3256 1345 3301 defendit
1374 3256 1505 3312 Emp.
1537 3256 1601 3309 (in
1631 3253 1827 3307 schedis)
1979 3252 2113 3297 λείαν
2144 3249 2193 3293 Μ

239 3325 394 3384 παχέα
427 3324 570 3380 UBM,
601 3325 779 3384 τραχέα
811 3324 849 3369 T
948 3330 998 3370 10
1029 3326 1266 3386 προπέσοι
1298 3327 1345 3368 Μ
1463 3329 1515 3370 12
1551 3321 1693 3379 αἶ’θος
1721 3323 1771 3367 Μ
1890 3326 1940 3366 13
1972 3313 2104 3378 ὅμως
2133 3318 2222 3364 ΒΜ

243 3400 295 3441 16
327 3390 545 3454 ἠρεμίαις
573 3396 611 3439 Β
731 3401 779 3440 17
812 3390 1098 3456 ἀνευρήκασι
1128 3398 1216 3441 ΜΒ
1247 3392 1562 3456 ἀνευρήκασιν
1589 3395 1644 3449 U,
1676 3388 2037 3453 ἀνευρίσκουσιν
2068 3389 2248 3435 Geelius

239 3471 538 3514 διονοοῦνται
570 3466 609 3511 U
746 3470 799 3510 20
830 3460 1216 3522 ἀναπλάττοντες
1247 3468 1332 3512 del.
1363 3468 1590 3524 ReiskiuS,
1620 3459 2010 3516 ἀνασκάπτοντες
2041 3461 2221 3506 Geelius

240 3542 294 3584 23
325 3536 482 3586 πάντα
513 3551 598 3582 om.
631 3538 670 3582 U
786 3541 840 3581 24
869 3532 915 3583 δ’
945 3534 1275 3593 ἐξελαύνοντες
1294 3537 1567 3583 Herwerden
1712 3541 1765 3581 25
1798 3533 2062 3594 παρθένοις
2092 3534 2204 3586 (acc.
2237 3532 2283 3573 et
2313 3544 2336 3582 ς

239 3623 268 3654 a
298 3613 430 3663 corr.)
459 3609 499 3654 U
615 3609 853 3665 μιρακίοις
881 3609 932 3652 Μ
1046 3612 1100 3653 26
1131 3609 1180 3656 δὲ
1209 3609 1309 3654 add.
1341 3609 1472 3666 Emp.
1589 3611 1641 3652 27
1672 3605 2002 3662 ἐκδανίζοντες
2032 3601 2081 3646 Μ
2198 3597 2339 3660 ἐργα-

6 3728 7 3734 ,
241 3679 437 3738 ζόμενοι
477 3679 579 3725 add.
619 3680 810 3724 Casaub.
852 3683 956 3736 post
991 3677 1239 3739 ἐργασίας,
1290 3679 1369 3725 sed
1417 3677 1645 3740 ἐργασίας
1682 3681 1834 3735 potest
1873 3675 2099 3721 obiectum
2137 3682 2236 3716 esse
2276 3668 2336 3713 ad

5 3757 8 3823 j
242 3748 533 3805 πλάττοντες
650 3754 701 3794 30
732 3753 811 3796 καὶ
841 3747 959 3811 παρ’
994 3745 1159 3805 αὐτοῖς
1189 3751 1239 3795 Μ
