2684 4140
1045 299 1273 348 ORATIO
1301 300 1466 346 LXIX.
2197 298 2223 344 1
2234 297 2259 345 7
2268 299 2298 345 5

67 457 169 499 RH)
216 446 425 499 δίκαιοι
471 449 564 498 καὶ
602 445 799 516 ἄνδρες
839 443 1172 509 σπουδαῖοι,
1219 443 1402 506 καλῶς
1439 448 1540 511 μὲν
1579 447 1761 496 αὐτῶν
1800 442 2098 510 δυνάμενοι
2135 445 2299 511 προΐ-

20 522 21 525 ¹
215 533 484 595 στασθαι,
522 529 705 592 καλῶς
745 529 803 582 δὲ
845 530 996 581 οἷκον
1037 532 1288 599 οἰκῆσαι,
1326 528 1509 591 καλῶς
1549 528 1606 580 δὲ
1646 527 1814 598 ἄρξαι
1852 527 2101 592 πόλεως,
2142 528 2205 579 εὖ
2241 526 2299 578 δὲ

210 613 455 666 πλοῦτον
493 617 755 682 ἐνεγκεῖν,
806 616 869 666 εὖ
903 614 961 666 δὲ
1002 617 1228 678 πενίαν,
1280 615 1342 666 εὖ
1377 613 1435 665 δὲ
1474 615 1928 684 προσενεχθῆναι
1969 610 2186 683 φίλοις,
2241 612 2305 663 εὖ

209 698 267 750 δὲ
311 703 610 766 συγγενέσι,
657 698 888 761 δικαίως
915 693 967 750 δ’
1012 697 1432 770 ἐπιμεληθῆναι
1458 704 1681 767 γονέων,
1721 701 1894 761 ὁσίως
1933 697 1991 750 δὲ
2019 699 2301 767 θεραπεῦ-

210 865 269 917 δὲ
298 868 430 936 περὶ
454 869 751 935 ἐμπορίαν,
793 870 849 918 οἱ
887 862 941 918 δ’
973 871 1072 919 ἐπὶ
1100 871 1395 938 στρατείαν
1424 871 1690 939 ὁρμῶσιν,
1731 871 1787 920 οἱ
1814 862 1867 920 δ’
1899 861 1997 919 ἐπ’
2033 869 2300 937 ἰατρικήν,

211 953 266 1001 οἱ
305 949 364 1001 δὲ
405 949 763 1020 οἰκοδομικὴν
800 953 832 1021 ἢ
873 955 1219 1022 ναυπηγικὴν
1258 955 1739 1018 ἐκμανθάνουσιν,
1791 956 1848 1004 οἱ
1886 951 1944 1004 δὲ
1981 948 2299 1021 κιθαρίζειν

39 1037 239 1105 mmmm}
282 1032 537 1105 αὐλεῖνῆ
593 1040 953 1100 σκυτοτομεῖν
999 1037 1031 1105 ἢ
1084 1034 1378 1100 παλαίειν,
1429 1039 1485 1088 οἱ
1534 1036 1593 1088 δὲ
1642 1041 1801 1100 ὅπως
1851 1037 2026 1089 δεινοὶ
2074 1034 2303 1099 δόξουσι

209 1122 343 1189 περὶ
378 1122 441 1170 τὸ
483 1122 666 1170 εἰπεῖν
704 1121 763 1170 ἐν
803 1118 956 1190 δήμῳ
997 1121 1028 1190 ἢ
1061 1118 1400 1190 δικαστηρίῳ
1443 1124 1542 1192 τὴν
1569 1127 1756 1174 πᾶσαν
1786 1121 2037 1193 σπουδὴν
2064 1123 2301 1187 ἔχουσιν,

129 1216 176 1257 10
213 1207 269 1255 οἱ
307 1203 366 1256 δὲ
405 1208 563 1267 ὅπως
602 1206 820 1274 ἰσχυροὶ
867 1206 1096 1256 ἔσονται
1144 1206 1213 1255 τὰ
1266 1208 1516 1271 σώματα.
1603 1209 1791 1257 καίτοι
1839 1208 1971 1267 τοὺς
2019 1208 2303 1274 ἐμπόρους

206 1292 307 1355 μὲν
342 1291 436 1341 καὶ
470 1292 746 1358 γεωργούς
782 1291 876 1341 καὶ
915 1291 1265 1356 στρατιώτας
1302 1291 1397 1341 καὶ
1435 1292 1664 1359 ἰατροὺς
1699 1292 1794 1341 καὶ
1844 1289 2176 1356 οἰκοδόμους
2211 1292 2306 1341 καὶ

206 1375 549 1444 κιθαριστὰς
585 1376 679 1425 καὶ
717 1372 959 1444 αὐλητὰς
994 1376 1088 1425 καὶ
1126 1373 1530 1444 παιδοτρίβας,
1584 1377 1670 1426 ἔτι
1709 1374 1768 1427 δὲ
1805 1377 1936 1437 τοὺς
1977 1373 2304 1442 λεγομένους

208 1461 449 1529 ῥήτορας
484 1461 577 1510 καὶ
602 1461 732 1521 τοὺς
758 1462 906 1510 πάνυ
935 1461 1230 1525 ἰσχύοντας
1256 1465 1377 1522 τοῖς
1407 1462 1680 1527 σώμασιν,
1721 1458 1963 1522 ἀθλίους
1987 1461 2081 1510 καὶ
2108 1456 2303 1509 δυστυ-

203 1549 323 1610 χεῖς
358 1540 549 1612 (τοὺς)
585 1542 832 1606 πολλοὺς
871 1546 938 1595 ἂν
977 1546 1133 1614 εὕροι
1170 1562 1258 1606 τις
1294 1546 1326 1615 ἢ
1366 1552 1571 1615 μικροῦ
1608 1544 1723 1597 δεῖν
1773 1546 2044 1607 ἅπαντας.
2133 1545 2200 1594 ἂν
2242 1541 2300 1593 δὲ

131 1641 178 1681 15
213 1632 245 1697 ἠ
285 1630 433 1699 ψυχὴ
475 1629 706 1698 ἔμφρων
743 1632 970 1698 γένηται
1006 1631 1099 1680 καὶ
1137 1631 1168 1679 ὁ
1205 1636 1334 1690 νοῦς
1372 1631 1594 1696 ἀγαθὸς
1639 1632 1733 1681 καὶ
1773 1631 1953 1682 ἱκανοὶ
1991 1629 2100 1680 ὦσι
2137 1632 2205 1680 τά
2245 1647 2303 1679 τε

210 1714 391 1764 αὐτῶν
442 1715 744 1782 πράγματα
795 1714 989 1783 ὀρθῶς
1037 1716 1308 1782 πράττειν
1359 1716 1452 1765 καὶ
1509 1715 1578 1764 τοὶ
1635 1721 1746 1766 τῶν
1805 1713 2018 1778 ἄλλων,
2074 1716 2306 1775 τούτους

209 1799 412 1868 ἀνάγκη
452 1800 545 1849 καὶ
583 1796 929 1864 εὐδαιμόνως
969 1795 1081 1869 ζῆν,
1123 1800 1395 1865 νομίμους
1434 1797 1642 1869 ἄνδρας
1677 1804 2006 1867 γενομένους
2042 1802 2136 1850 καὶ
2173 1800 2305 1866 ἀγα-

210 1884 326 1933 θοῦ
380 1882 647 1949 δαίμονος
700 1887 966 1948 τυχόντας
1012 1886 1106 1935 καὶ
1157 1882 1358 1954 φίλους
1410 1886 1573 1946 ὄντας
1620 1890 1742 1947 τοῖς
1798 1887 1979 1946 θεοῖς.
2080 1886 2142 1935 οὐ
2199 1885 2303 1953 γὰρ

210 1966 413 2030 ἀλλους
457 1971 559 2029 μὲν
610 1970 919 2039 φρονίμους
968 1971 1116 2031 εἰκὸς
1154 1969 1328 2033 εἶναι,
1380 1968 1583 2031 ἄλλους
1623 1969 1681 2021 δὲ
1720 1972 2025 2040 ἐμπείρους
2062 1976 2173 2020 τῶν
2213 1970 2304 2020 ἀν-

131 2065 179 2105 20
217 2054 528 2121 θρωπίνων
566 2056 928 2123 πραγμάτιον,
969 2052 1096 2105 οὐδὲ
1136 2052 1339 2116 ἄλλους
1376 2058 1477 2121 μὲν
1516 2057 1888 2124 τάνθρώπεια
1928 2055 2303 2116 ἐπίστασθαι,

215 2136 424 2199 ἄλλους
463 2136 521 2188 δὲ
561 2139 629 2188 τὰ
669 2140 822 2202 θεῖα,
865 2137 991 2190 οὐδὲ
1032 2137 1235 2201 ἄλλους
1259 2142 1361 2205 μὲν
1388 2139 1535 2191 εἶναι
1561 2147 1671 2190 τῶν
1696 2141 1876 2191 θείων
1903 2141 2304 2209 ἐπιστήμονας,

95 2221 416 2284 ΒΗ)ἀ’λλους
456 2221 514 2273 δὲ
557 2225 775 2287 ὁσίους,
816 2222 943 2275 οὐδὲ
983 2222 1186 2286 ἀλλους
1223 2227 1324 2290 μὲν
1365 2227 1584 2288 ὁσίους,
1636 2223 1839 2286 ἄλλους
1878 2223 1936 2275 δὲ
1975 2222 2303 2294 θεοφιλεῖς·

213 2307 338 2359 οὐδὲ
378 2311 560 2377 ἕτεροι
609 2311 710 2374 μὲν
759 2310 987 2360 ἔσονται
1023 2307 1355 2380 θεοφιλεῖς,
1403 2314 1586 2380 ἕτεροι
1637 2309 1695 2361 δὲ
1748 2309 2089 2376 εὐδαίμονες.
2178 2308 2305 2360 οὐδὲ

211 2396 394 2462 ἕτεροι
429 2398 530 2459 μέν
569 2397 713 2444 είσιν
752 2395 1060 2464 ἄνθρωποι
1098 2397 1368 2465 ἄφρονες,
1419 2399 1601 2463 ἕτεροι
1642 2390 1695 2446 δ’
1750 2397 2015 2463 ἀγνοοῦσι
2054 2396 2121 2445 τὰ
2159 2388 2302 2445 καθ’

133 2490 178 2530 25
218 2480 418 2539 αὐτούς
467 2481 799 2548 πράγματα·
851 2478 977 2530 οὐδὲ
1029 2482 1086 2530 οἳ
1131 2482 1199 2531 τά
1252 2485 1497 2551 σφέτερα
1549 2484 1851 2550 πράγματα
1892 2483 2183 2549 ἀγνοοῦσι,
2235 2480 2304 2529 τὰ

218 2563 354 2612 θεῖα
395 2562 615 2614 ἴσασιν·
667 2562 793 2614 οὐδὲ
835 2565 890 2614 οἱ
939 2562 1169 2635 φαύλως
1220 2567 1352 2634 περὶ
1398 2572 1508 2617 τῶν
1554 2567 1734 2617 θείων
1780 2564 2161 2636 ὑπειληφότες
2210 2566 2306 2614 οὐκ

219 2648 443 2698 ἀνόσιοί
479 2649 637 2698 εἰσιν.
717 2646 846 2699 οὐδέ
880 2666 940 2716 γε
978 2652 1108 2711 τούς
1147 2651 1411 2712 ἀνοσίους
1452 2651 1571 2702 οἷόν
1610 2669 1669 2702 τε
1710 2649 1911 2721 φίλους
1950 2650 2096 2701 εἷναι
2122 2651 2302 2711 θεοῖς,

219 2730 344 2782 οὐδὲ
383 2735 513 2794 τοὺς
549 2735 621 2804 μὴ
666 2731 866 2803 φίλους
903 2735 1068 2796 θεοῖς
1103 2738 1177 2806 μὴ
1221 2733 1508 2800 δυστυχεῖς
1548 2735 1708 2787 εἶναι.
1798 2734 1891 2786 διὰ
1931 2738 1989 2786 τί
2026 2728 2158 2785 ποτ’
2204 2735 2298 2784 οὖν

218 2818 273 2866 οἱ
310 2811 447 2886 [μὲν]
490 2820 813 2888 ὀρεγόμενοι
850 2822 1007 2882 ὅπως
1033 2818 1541 2890 εὐδαιμονήσουσιν
1569 2822 1631 2870 οὐ
1660 2824 2093 2890 προθυμοῦνται
2119 2821 2303 2870 τοιού-

360 2963 375 3000 1
405 2954 572 3015 ἄνδρες
593 2971 677 3002 0111.
697 2958 735 3002 U
825 2953 983 3005 αὐτῶν
1001 2960 1034 3002 Ρ
1125 2964 1150 3002 4
1176 2953 1320 3011 ὁσίως
1341 2958 1389 3004 δὲ
1411 2960 1540 3014 Emp.
1564 2950 1697 3011 ὅπως
1718 2959 1767 3005 δὲ
1792 2959 1917 3002 UBM
1943 2950 2075 3011 ὅπως
2095 2975 2147 3004 τε
2168 2958 2249 3001 ΡΗ

214 3025 566 3084 θεραπεύσειαν
597 3029 672 3070 ΡΗ
794 3035 816 3072 5
849 3027 984 3075 ἄλλοι
1013 3030 1101 3086 μὲν
1131 3029 1175 3072 Η
1294 3036 1319 3071 (ἱ
1351 3029 1400 3074 δὲ
1429 3027 1506 3074 ἐπὶ
1539 3029 1614 3071 ΡΗ
1646 3023 1688 3074 δ’
1721 3027 1798 3076 ἐπὶ
1830 3028 1865 3072 U
1900 3031 2021 3078 (ante
2051 3029 2192 3087 ἰατρ.)

217 3128 240 3166 8
271 3122 441 3178 δόξωσι
472 3126 510 3170 U
543 3141 599 3169 m.
632 3140 696 3181 pr.
734 3127 768 3169 B
908 3131 958 3170 ιο
988 3130 1059 3172 τῶ
1089 3102 1238 3183 σῶμ’ἕῖ
1258 3131 1318 3180 (τι
1348 3140 1403 3170 ex
1434 3132 1508 3177 w)
1539 3127 1574 3169 P
1647 3128 1809 3172 καίτοι
1840 3127 1985 3182 Εωρ.,
2015 3131 2095 3173 καὶ
2125 3129 2226 3173 libri

215 3194 301 3240 μὲν
330 3191 572 3251 ἐμπόρους
599 3197 702 3248 (hoe
723 3196 836 3243 ord.)
858 3196 897 3240 U
988 3201 1037 3240 14
1068 3197 1180 3251 τοὺς
1209 3197 1310 3241 add.
1332 3197 1494 3252 Pflugk
1579 3214 1623 3242 τι
1646 3197 1688 3240 H
1774 3201 1976 3256 σμικροῦ
1996 3199 2034 3242 Β
2130 3201 2301 3245 malim:

217 3260 288 3317 οἷς
318 3265 366 3311 δὲ
395 3261 456 3311 ἄν
484 3270 556 3309 etc
575 3299 586 3318 ,
615 3280 708 3310 non
739 3267 882 3310 solum
901 3270 1086 3322 propter
1116 3266 1315 3321 τούτους
1347 3269 1371 3310 1.
1398 3272 1463 3321 16,
1495 3268 1573 3312 sed
1603 3268 1736 3312 etiam
1763 3273 1948 3324 propter
1975 3270 2304 3324 antecedentia,

215 3335 377 3391 quibus
398 3336 509 3380 haec
531 3343 822 3392 opponuntur
910 3340 963 3381 16
984 3332 1143 3384 αὐτῶν
1163 3337 1288 3381 ΒΜΡ
1380 3343 1431 3382 19
1453 3333 1747 3397 ἀνθρωπίων
1768 3338 1805 3382 U
1827 3352 1883 3381 m.
1907 3351 1975 3394 pr.
2057 3343 2110 3384 20
2131 3337 2305 3394 ἄλλους

215 3409 256 3457 (υ
277 3419 304 3449 a
320 3410 450 3459 corr.)
468 3406 506 3450 U
581 3405 872 3453 ἐπίστασθαι
890 3411 994 3464 post
1007 3412 1118 3454 θεῖα
1139 3414 1446 3464 transponunt
1460 3409 1539 3453 UB
1617 3412 1669 3452 22
1688 3408 1796 3455 οὐδὲ
1811 3407 1983 3463 ἄλλους
1995 3410 2084 3467 μὲν
2099 3413 2304 3465 δικαίους

215 3473 385 3530 ἄλλους
405 3477 453 3522 δὲ
476 3473 639 3530 ὁσίους
653 3482 756 3533 post
771 3478 895 3534 prius
914 3475 1080 3533 ὁσίους
1094 3480 1194 3523 add.
1218 3479 1296 3524 UB
1314 3474 1421 3526 οὐδὲ
1436 3476 1609 3534 ἄλλους
1623 3482 1832 3534 δικαίους
1846 3483 1927 3526 καὶ
1948 3478 2119 3535 ἄλλους
2140 3478 2303 3537 ὁσίους

214 3547 319 3590 ibid.
352 3548 454 3592 add.
487 3549 536 3592 M
621 3548 707 3604 μὲν
738 3550 946 3602 δικαίους
976 3552 1057 3595 καὶ
1089 3545 1252 3603 ὁσίους
1272 3550 1350 3594 ΗΡ
1468 3555 1520 3595 23
1550 3546 1826 3608 εὐδαίμονες
1847 3545 1954 3598 οὐδὲ
1971 3544 2091 3610 (αὖ)
2113 3553 2216 3597 Wil.

217 3620 271 3660 24
302 3613 540 3679 οὐδέτεροι
564 3620 597 3662 Ρ
684 3615 1035 3679 ἀφρονέστεροι
1055 3621 1099 3664 H
1185 3620 1234 3667 δὲ
1253 3621 1382 3664 ΜΗΡ
1472 3625 1523 3667 25
1556 3619 1752 3676 ἑαυτοὺς
1775 3623 1808 3665 Β
1898 3616 1957 3669 τὰ
1979 3617 2100 3669 καθ’
2131 3620 2304 3678 αὑτοὺς

217 3701 298 3742 pro
328 3686 386 3736 τὰ
419 3690 626 3749 σφέτερα
659 3691 704 3733 M
794 3694 844 3733 27
878 3689 1065 3737 οἴονται
1084 3691 1133 3735 Μ
1221 3695 1273 3735 28
1303 3692 1391 3749 μὲν
1418 3706 1502 3749 pro
1532 3689 1594 3751 μὴ
1625 3694 1774 3750 priore
1803 3693 1838 3737 P
1924 3694 2092 3751 φίλους
2122 3690 2240 3740 εἶναι
2262 3695 2301 3738 U

216 3771 268 3801 m.
289 3772 353 3815 pr.
443 3765 495 3806 29
516 3761 603 3816 μὲν
623 3762 805 3806 seclusit
825 3761 952 3818 Emp.
1045 3757 1328 3821 ὀρεγόμενοι
1350 3778 1435 3808 0111.
1453 3764 1540 3809 UM
1557 3778 1613 3809 m.
1633 3779 1699 3821 pr.
1798 3756 1931 3818 ὅπως
1949 3757 2202 3821 γενόμενοι
2225 3766 2301 3810 Uss

152 791 176 830 5
217 797 313 833 σαι
349 784 538 843 θεούς.
613 777 739 833 ἀλλ’
784 786 839 834 οἱ
873 788 974 848 μέν
1013 801 1161 845 τινες
1198 786 1331 854 περὶ
1365 786 1637 853 γεωργίαν
1675 786 2191 853 πραγματεύονται,
2243 784 2298 833 οἱ
2336 785 2368 835 3

2339 2740 2369 2787 5
