2684 4140
1053 292 1278 338 ORATIO
1309 290 1477 337 XVIII.
2208 287 2311 336 253

226 440 535 509 προσήνεια
575 440 669 491 καὶ
706 440 1029 507 πιθανότης
1063 444 1166 488 τοῦ
1186 439 1287 503 μὲν
1313 442 1578 505 τραγικοῦ
1600 436 1992 505 ἀναστήματος
2024 435 2118 485 καὶ
2143 432 2311 498 ἀξιώ-

222 540 400 588 ματος
450 526 612 588 τυχὸν
663 525 759 573 οὐκ
807 523 874 572 ἂν
922 519 1125 582 τελέως
1173 522 1487 590 ἐφικνοῖτο,
1538 516 1814 586 πολιτικῷ
1865 516 1923 569 δὲ
1964 516 2124 587 ἀνδρὶ
2162 521 2310 569 πάνυ

16 615 206 658 [478R1D
226 605 530 678 ὠφέλιμος,
570 609 655 658 ἔτι
682 605 741 657 δὲ
768 607 884 676 ἤθη
906 607 1000 657 καὶ
1026 607 1192 675 πάθη
1223 603 1404 666 δεινὸς
1443 602 1758 673 πληρῶσαι,
1796 604 1890 653 καὶ
1918 604 2142 670 γνώμας
2167 605 2312 671 πρὸς

225 693 449 743 ἅπαντα
499 689 820 761 ὠφελίμους
866 692 1235 757 καταμίγνυσι
1272 694 1394 751 τοῖς
1432 690 1773 759 ποιήμασιν,
1825 690 1922 739 ἅτε
1963 685 2313 757 φιλοσοφίας

166 782 192 823 5
231 777 327 825 οὐκ
370 777 608 844 ἄπειρος
658 777 748 825 ὥν.
813 769 1057 845 Ὅμηρος
1105 773 1163 825 δὲ
1212 776 1305 825 καὶ
1343 780 1569 843 πρῶτος
1604 774 1698 824 καὶ
1733 777 1906 839 μέσος
1941 773 2035 823 καὶ
2071 773 2311 833 ὕστατος
2349 772 2380 823 8

0 928 1 932 ¹
225 861 398 911 παντὶ
444 857 613 910 παιδὶ
661 861 754 910 καὶ
802 858 964 929 ἀνδρὶ
1014 861 1108 911 καὶ
1150 863 1396 928 γέροντι,
1446 865 1714 909 τοσοῦτον
1765 851 1872 928 ἀφ’
1918 860 2090 909 αὑτοῦ
2124 855 2315 918 διδοὺς

0 933 1 936 ¹
61 951 205 996 (meu)
223 945 355 995 ὅσον
404 947 637 1005 ἕκαστος
689 942 923 995 δύναται
975 942 1180 1010 λαβεῖν.
1282 941 1416 1013 μέλη
1469 941 1528 994 δὲ
1576 944 1669 993 καὶ
1716 940 1929 1010 ἐλεγεῖα
1977 944 2071 994 καὶ
2119 941 2316 1009 ἴαμβοι

221 1030 315 1079 καὶ
371 1027 720 1098 διθύραμβοι
777 1028 857 1096 τῷ
910 1031 1010 1094 μὲν
1072 1026 1271 1098 σχολήν
1340 1030 1533 1095 ἄγοντι
1601 1024 1817 1077 πολλοῦ
1883 1024 2040 1090 ἀξια·
2107 1025 2184 1094 τῴ
2257 1024 2315 1077 δὲ

145 1118 149 1122 ”
225 1115 494 1181 πράττειν
543 1131 602 1164 τε
647 1115 741 1164 καὶ
789 1115 902 1178 ἅμα
953 1108 1072 1181 [τὰς
1120 1107 1373 1181 πράξεις]
1417 1113 1510 1162 καὶ
1555 1113 1686 1172 τοὺς
1737 1109 1932 1178 λόγους
1971 1109 2155 1174 αὔξειν
2197 1109 2316 1162 δια-

143 1203 191 1245 10
227 1201 505 1265 νοουμένῳ
552 1198 647 1247 οὐκ
695 1198 761 1247 ἂν
812 1196 896 1266 εἴη
948 1199 1093 1266 πρὸς
1141 1197 1279 1247 αὐτὰ
1332 1194 1516 1265 σχολή.
1733 1200 1854 1255 τοῖς
1906 1188 1960 1244 δ’
2007 1197 2312 1264 ἱστορικοῖς
2350 1200 2381 1249 9

226 1279 319 1332 διὰ
370 1280 553 1332 πολλὰ
604 1283 808 1351 ἀνάγκη
855 1283 951 1332 τὸν
1003 1279 1297 1332 πολιτικὸν
1349 1278 1524 1348 ἄνδρα
1573 1280 1713 1344 μετὰ
1767 1277 2018 1348 σπουδῆς
2064 1280 2318 1345 ἐντυγχά-

223 1383 353 1430 νειν,
391 1369 480 1417 ὅτι
516 1368 609 1417 καὶ
648 1368 777 1417 ἄνευ
803 1371 914 1416 τῶν
943 1363 1119 1432 λόγων
1146 1367 1209 1417 τὸ
1245 1366 1516 1433 ἔμπειρον
1556 1363 1702 1415 εἶναι
1741 1361 2000 1433 πράξεων
2038 1364 2131 1413 καὶ
2169 1363 2319 1412 εὐτυ-

217 1457 357 1515 χιῶν
393 1452 487 1502 καὶ
526 1448 832 1515 δυστυχιῶν
873 1451 935 1500 οὐ
972 1451 1113 1500 κατὰ
1155 1448 1317 1517 λόγον
1364 1453 1564 1515 μόνον,
1615 1446 1755 1498 ἀλλὰ
1806 1449 1984 1498 ἐνίοτε
2031 1448 2124 1497 καὶ
2163 1447 2318 1514 παρὰ

194 1598 197 1600 .
225 1533 387 1602 λόγον
414 1533 655 1604 ἀνδράσι
680 1552 740 1586 τε
764 1537 858 1586 καὶ
883 1533 1090 1586 πόλεσι
1119 1536 1547 1602 συμβαινουσῶν
1578 1532 1800 1604 σφόδρα
1830 1534 2129 1599 ἀναγκαῖον
2157 1528 2319 1580 πολι-

139 1626 187 1667 15
223 1618 360 1686 τικῴ
398 1617 559 1688 ἀνδρὶ
595 1621 689 1671 καὶ
725 1621 793 1670 τά
831 1622 991 1671 κοινοὶ
1030 1623 1300 1690 πράττειν
1340 1623 1788 1690 προαιρουμένῳ.
1868 1620 1898 1668 ὁ
1934 1618 2036 1687 γὰρ
2079 1614 2318 1667 πλεῖστα

225 1707 440 1773 ἑτέροις
481 1705 767 1771 συμβάντα
806 1706 1186 1771 ἐπιστάμενος
1224 1707 1429 1774 ἄριστα
1474 1705 1559 1766 οἶς
1600 1705 1766 1765 αὐτὸς
1805 1706 2048 1772 ἐγχειρεῖ
2078 1700 2319 1770 διαπρά-

227 1784 382 1850 ξεται
418 1789 512 1839 καὶ
549 1791 609 1839 ἐκ
645 1795 756 1840 τῶν
794 1791 1031 1841 ἐνόντων
1071 1788 1346 1860 ἀσφαλῶς
1382 1785 1626 1856 <διάξει>
1661 1791 1755 1839 καὶ
1792 1789 1916 1838 οὔτε
1956 1787 2019 1838 εὖ
2055 1788 2319 1854 πράττων

226 1873 382 1941 παρὰ
422 1877 625 1941 μέτρον
665 1874 1088 1944 ἐπαρθήσεται,
1143 1873 1494 1944 δυσπραγίαν
1533 1892 1592 1925 τε
1631 1881 1821 1924 πᾶσαν
1862 1871 2009 1923 οἴσει
2053 1872 2320 1939 γενναίως

230 1954 323 2007 διὰ
363 1959 425 2007 τὸ
463 1952 600 2027 μηδ’
645 1960 702 2009 ἐν
743 1959 829 2020 οἷς
867 1959 931 2009 ευ
965 1960 1239 2026 ἔπραττεν
1279 1960 1607 2028 ἀνεννόητος
1634 1958 1781 2009 εἶναι
1806 1965 1903 2028 τῆς
1941 1958 2040 2007 ἐπὶ
2075 1958 2138 2006 τὸ
2166 1958 2319 2007 ἐναν-

141 2050 190 2091 20
226 2043 347 2092 τίον
373 2041 702 2114 μεταβολῆς.
758 2037 1040 2113 Ἡροδότῳ
1081 2047 1182 2110 μὲν
1223 2045 1334 2108 οὖν,
1376 2043 1434 2094 εί
1466 2060 1606 2094 ποτε
1639 2045 1986 2113 εὐφροσύνης
2026 2057 2118 2092 σοι
2154 2036 2315 2107 <δεῖ>,
2343 2043 2406 2092 10

39 2137 208 2180 79311)
224 2128 364 2191 μετα
404 2126 618 2198 πολλῆς
651 2130 884 2198 ἡσυχίας
922 2127 1165 2198 εντεύξῃ.
1229 2132 1292 2179 τὸ
1332 2130 1434 2198 γὰρ
1476 2130 1765 2193 ἀνειμένον
1802 2129 1895 2178 καὶ
1921 2129 1983 2176 τὸ
2023 2124 2184 2193 γλυκὺ
2224 2133 2322 2195 τῆς

12 2139 37 2299 Γ
228 2209 573 2279 ἀπαγγελίας
599 2214 875 2264 ὑπόνοιαν
902 2211 1138 2283 παρέξει
1163 2212 1430 2279 μυθῶδες
1460 2204 1721 2279 μᾶλλον
1701 2231 1732 2282 η
1775 2213 2056 2280 ἱστορικὸν
2093 2212 2156 2260 τὸ
2200 2212 2322 2277 σύγ-

226 2312 453 2365 γραμμα
494 2296 655 2348 εἶναι.
721 2304 832 2349 τῶν
873 2296 931 2349 δὲ
971 2300 1153 2367 ἄκρων
1186 2297 1532 2368 Θουκυδίδης
1570 2300 1695 2364 ἐμοὶ
1735 2296 1894 2348 δοκεῖ
1922 2297 2015 2346 καὶ
2053 2301 2162 2346 τῶν
2205 2293 2322 2346 δευ-

227 2385 403 2450 τέρων
435 2381 800 2448 Θεόπομπος.
864 2385 1085 2454 καὶγὰρ
1114 2387 1408 2454 ῥητορικόν
1446 2402 1502 2434 τι
1541 2385 1674 2453 περὶ
1710 2385 1808 2453 τὴν
1842 2378 2186 2448 ἀπαγγελίαν
2213 2386 2323 2430 τῶν

149 2473 200 2515 25
237 2463 414 2533 λόγων
441 2468 569 2531 ἔχει,
601 2470 695 2519 καὶ
722 2470 817 2519 οὐκ
844 2467 1118 2531 ἀδύνατος
1147 2468 1273 2520 οὐδὲ
1302 2468 1572 2539 ὀλίγωρος
1599 2471 1731 2538 περὶ
1759 2470 1856 2538 τὴν
1884 2467 2194 2536 ἑρμηνείαν,
2233 2466 2326 2515 καὶ

228 2552 292 2600 τὸ
332 2545 633 2621 [ῥᾴθυμον]
674 2555 806 2621 περὶ
842 2555 943 2615 τὰς
983 2551 1163 2617 λέξεις
1202 2556 1298 2619 οὐχ
1338 2556 1482 2605 οὕτω
1526 2551 1739 2624 φαῦλον
1782 2554 1924 2602 ὥστε
1955 2566 2017 2601 σε
2056 2548 2320 2619 λυπῆσαι.

220 2628 457 2706 Ἔφορος
509 2634 567 2686 δὲ
618 2635 831 2708 πολλὴν
879 2641 980 2705 μὲν
1031 2642 1286 2710 ἱστορίαν
1336 2637 1727 2709 παραδίδωσι,
1778 2639 1841 2688 τὸ
1895 2634 1952 2686 δὲ
1992 2637 2194 2685 ὕπτιον
2232 2635 2325 2684 καὶ

230 2722 520 2787 ἀνειμένον
557 2730 655 2791 τῆς
694 2723 1039 2793 ἀπαγγελίας
1080 2740 1171 2776 σοι
1212 2727 1308 2776 οὐκ
1346 2723 1686 2794 ἐπιτήδειον.
1833 2728 1944 2772 τῶν
1982 2737 2043 2788 γε
2078 2721 2185 2789 μὴν
2224 2721 2319 2789 ρη-
2343 2724 2403 2774 11

0 2011 18 2076 ιῗι

375 2992 392 3030 1
427 2986 665 3045 προσηνία
696 2984 746 3027 Μ
860 2978 1199 3042 ἀναστήματος
1221 2980 1343 3034 Wil.‚
1374 2974 1712 3037 ἀπαιθήματος
1732 2975 1862 3021 UBM
1893 2969 2322 3030 ἀπαυθαδίσματος

228 3058 425 3103 Cobetus
455 3053 745 3114 παθήματος
774 3054 812 3099 Τ
929 3058 954 3098 2
986 3047 1239 3112 οἷφικνοῖτο
1272 3052 1321 3095 Μ
1439 3053 1463 3093 3
1494 3045 1574 3107 ἔτη
1603 3048 1651 3094 δὲ
1672 3048 1713 3092 U
1800 3047 2046 3105 πληρῶσαι
2075 3044 2191 3096 libri,
2222 3042 2320 3090 ἐπι-

228 3130 427 3187 τηρῆσαι
446 3127 642 3182 Kayser3
674 3127 923 3184 πληρῶσαι
940 3123 1141 3168 defendit
1162 3122 1267 3167 WiL
1358 3127 1382 3165 5
1412 3123 1492 3166 καὶ
1519 3119 1666 3177 μέσος
1693 3120 1774 3164 καὶ
1801 3109 2009 3169 ῧστατος
2028 3119 2108 3161 καὶ
2129 3118 2322 3174 πρῶτος

227 3198 333 3251 (hoc
363 3197 479 3250 ord.)
508 3196 599 3240 ΒΜ
628 3198 709 3241 καὶ
739 3198 934 3254 πρῶτος
963 3207 1050 3239 om.
1083 3193 1138 3250 U,
1168 3205 1321 3238 verum
1351 3191 1551 3236 ordinem
1579 3189 1778 3234 restituit
1807 3187 1939 3244 Emp.
2027 3189 2052 3228 9
2083 3180 2170 3236 τὰς
2199 3178 2321 3237 πρά-

15 3297 20 3349 J
230 3273 322 3323 ξεις
352 3268 514 3312 seclusi
658 3263 788 3320 αυξιν
818 3265 859 3310 U
890 3279 946 3308 m.
976 3278 1046 3321 pr.
1194 3267 1245 3307 16
1275 3260 1526 3321 ἐγχειριόία
1557 3257 1786 3319 πράξεται
1816 3258 1867 3302 Μ
2012 3260 2061 3299 17
2095 3250 2237 3307 διάξει
2267 3265 2323 3296 ex

231 3339 493 3384 coniectura
534 3336 709 3393 addidi3
750 3336 936 3381 verbum
979 3336 1055 3379 hic
1094 3333 1377 3378 intercidisse
1421 3335 1600 3389 praeter
1637 3329 1904 3375 sententiam
1943 3338 2077 3371 aures
2121 3324 2322 3368 indicant

235 3413 284 3454 18
316 3409 438 3466 πέρα
468 3408 646 3466 μέτρου
677 3406 873 3451 Cobetus
965 3410 1016 3451 19
1045 3405 1187 3493 μηδὲν
1219 3400 1290 3458 οἷς
1319 3404 1409 3448 ΒΜ
1496 3407 1549 3446 20
1581 3399 1811 3463 ειροδότῳ
1841 3399 1880 3444 U
1910 3411 1969 3443 m.
1991 3410 2058 3453 pr.
2150 3388 2321 3453 εὖφρο-

232 3477 369 3539 σύνης
400 3496 477 3526 σοι
510 3479 706 3533 Geelius,
738 3473 1031 3536 εὐφροσύνης
1063 3494 1109 3523 οι
1139 3476 1188 3520 Μ
1219 3471 1403 3536 ε’φορόν
1434 3492 1513 3521 σοι
1542 3474 1582 3519 U
1614 3469 1867 3533 σύμφορόν
1908 3487 1985 3518 σοι
2018 3468 2056 3511 Β
2256 3469 2329 3512 δεῖ

235 3552 337 3596 add.
371 3551 551 3596 Geelius
667 3553 718 3593 21
751 3545 952 3603 ἐντεύξει
981 3547 1071 3592 MU
1207 3551 1260 3591 22
1287 3545 1573 3606 ἐπαγγελίας
1604 3545 1642 3590 U
1787 3548 1840 3588 24
1869 3546 1950 3589 καὶ
1977 3537 2072 3600 γὰρ
2102 3533 2329 3599 ητορικὸν

234 3620 275 3665 U
304 3633 362 3664 m.
393 3633 461 3676 pr.
493 3622 536 3673 (a
566 3631 681 3663 corr.
713 3614 973 3676 ιστορικὸν)
1063 3619 1116 3660 25
1150 3611 1385 3675 ὀλίγωρος
1415 3614 1627 3660 Reiskius
1659 3608 1824 3672 ὀλίγος
1854 3612 1940 3656 ΒΜ
1973 3607 1998 3658 ὃ
2031 3607 2178 3670 λόγος
2206 3608 2247 3653 U

16 3738 18 3745 s
237 3686 463 3749 ερμηνίαν
491 3689 540 3732 Μ
657 3691 710 3732 26
742 3685 961 3753 ῥάθυμον
990 3687 1167 3740 seclusi,
1197 3687 1366 3732 variam
1395 3685 1634 3731 lectionem
1664 3685 1722 3728 ad
1754 3686 1940 3742 φαῦλον
2028 3674 2179 3734 οὕτως
2209 3678 2247 3723 U

16 3766 19 3832 ᾗ
237 3762 289 3803 27
323 3761 646 3820 παραδίδωσιν
676 3760 768 3805 UM
884 3762 936 3803 28
966 3755 1205 3817 ἐπιτήδιον
1237 3758 1276 3803 U
