2684 4140
1196 904 1718 987 INDICES.

992 1149 1036 1198 1.
1083 1143 1371 1201 NOMINA
1408 1146 1947 1203 GEOGRAPHICA.

410 1283 650 1329 Acanthus
714 1283 1015 1328 Athenienses
1075 1284 1134 1328 ad
1183 1285 1448 1331 Acanthum
1555 1298 1689 1332 mano
1749 1289 1961 1344 praeerat
2019 1286 2175 1331 Conon
2234 1298 2298 1330 or.
2353 1284 2530 1330 XXXII

469 1354 641 1411 proelio
671 1353 777 1398 victi
805 1353 851 1397 II
872 1356 970 1404 236,
987 1356 1058 1398 23.
1554 1359 1579 1411 ξ
1604 1362 1671 1402 71.
1696 1361 1765 1403 72.
1796 1383 1853 1391 -
1883 1353 1970 1411 τὰς
1997 1355 2236 1416 ἐμπορίας
2271 1383 2326 1390 -
2357 1353 2529 1415 σχεδὸν

412 1425 584 1470 Achaei
612 1437 641 1470 a
671 1424 967 1469 Doriensibus
998 1425 1175 1482 expulsi
1216 1427 1372 1472 Asiam
1403 1430 1449 1473 et
1549 1423 1738 1487 ἁπάσης
1753 1432 1834 1488 τῆς
1851 1428 2387 1487 οἰκουμένηςγίγνεσθαι
2404 1421 2522 1487 παρ’

468 1496 669 1540 Lesbum
697 1495 902 1540 incolunt
936 1499 1029 1549 152,
1054 1500 1095 1542 4.
1549 1494 1660 1556 ὑμῖν
1681 1502 1778 1553 277,
1805 1505 1868 1544 14.
1891 1525 1945 1532 -
1967 1498 2162 1558 δευτέρα
2183 1501 2281 1544 τῶν
2311 1493 2404 1544 ὑπὸ
2437 1493 2527 1544 τὸν

412 1565 771 1612 ΑΟΥΟθΟΓὶΠίῑῙΙῦΒ
802 1570 871 1620 84,
905 1570 972 1611 16.
1550 1561 1686 1628 ἥλιον
1717 1566 1941 1626 (πόλεων)
1963 1574 2060 1623 277,
2082 1574 2106 1614 6
2128 1571 2357 1625 Aegyptus
2390 1571 2527 1624 σῶμα

412 1636 991 1682 AdanensesTarsensibus
1011 1637 1446 1694 maledicunt312,2.
1549 1643 1632 1698 τῆς
1676 1639 1893 1695 πόλεως,
1941 1643 2126 1697 μᾶλλον
2180 1640 2229 1686 δὲ
2275 1638 2528 1697 προσθήκη

469 1733 523 1739 —
580 1706 886 1752 Tarsensibns
936 1706 1101 1751 infensi
1145 1712 1249 1763 319,
1284 1713 1352 1754 27.
1393 1735 1450 1743 —-
1550 1711 1659 1755 ibid.
1702 1737 1758 1743 —
1799 1724 1851 1756 eo
1891 1724 1981 1755 non
2011 1711 2156 1755 solum
2188 1710 2370 1763 Graeci,
2411 1710 2526 1761 Itali,

471 1778 665 1822 Tarsum
702 1776 886 1822 veniunt
923 1776 983 1821 ad
1014 1778 1362 1826 sacrificandum
1392 1782 1449 1836 (22)
1552 1780 2323 1838 Syri,Libyes,Cilices,Aethiopes,
2340 1780 2527 1832 Arabes,

471 1851 569 1902 329,
596 1853 660 1893 19.
1553 1850 1633 1896 sed
1651 1851 1785 1896 etiam
1802 1851 1988 1906 Bactrii,
2005 1849 2212 1907 Scythae,
2228 1850 2409 1904 Persae,
2428 1850 2526 1894 Indi

414 1919 582 1974 Aegaei
628 1920 903 1978 φιλοτιμίαν
955 1914 1166 1979 ἀνόητον
1220 1918 1449 1969 ἐπανελό-
1554 1922 1828 1967 conveniunt
1848 1925 1946 1977 278,
1971 1925 2039 1966 15.
2062 1945 2115 1953 -
2135 1920 2261 1965 urbis
2290 1921 2411 1965 bona
2441 1933 2531 1965 enu

468 2006 607 2048 μενοι
637 1986 764 2051 πρὸς
792 1990 928 2048 ὑμᾶς,
958 1991 1074 2045 (scil.
1103 1992 1367 2047 Tarsenses)
1388 1994 1446 2040 τὸ
1553 2005 1751 2038 metans:
1790 1995 1872 2039 καὶ
1902 2009 1959 2039 το
1989 1991 2217 2051 μέγιστον
2246 1986 2332 2049 τὴν
2360 1988 2529 2050 ἐπιφά-

472 2064 581 2120 περὶ
618 2058 705 2115 τὰς
752 2059 1047 2123 ἀπογραφὰς
1091 2060 1448 2123 ἐξαμαρτάνον-
1554 2081 1687 2111 νειαν
1725 2067 1813 2110 τοῦ
1851 2066 1974 2110 θεοῦ
2013 2066 2110 2118 278,
2143 2065 2212 2107 29.
2254 2087 2310 2094 -
2346 2062 2525 2118 inipso

472 2149 563 2187 τες,
595 2127 732 2179 αὐτοὶ
760 2132 849 2189 μὲν
879 2129 1114 2180 ἔπταισαν
1146 2137 1233 2179 etc.
1256 2138 1354 2190 318,
1377 2138 1448 2180 27.
1553 2135 1732 2180 theatro
1761 2135 1925 2179 milites
1954 2134 2183 2178 Romanos
2214 2133 2422 2177 servandi
2457 2146 2528 2177 or-

469 2229 525 2236 —
566 2204 759 2248 Tarsum
788 2203 971 2248 veniunt
1009 2205 1068 2248 ad
1109 2204 1453 2250 sacrificandum
1554 2204 1671 2249 dinis
1704 2217 1843 2250 causa
1882 2204 2065 2259 adesse,
2106 2203 2329 2258 significat
2360 2206 2455 2256 282,
2489 2206 2529 2248 3.

474 2278 572 2328 329,
602 2277 671 2318 20.
1552 2299 1609 2307 -—
1646 2275 1705 2320 ab
1735 2275 1995 2320 Alexandro
2027 2273 2228 2329 condita,
2268 2273 2529 2318 Macedoni-

417 2346 645 2400 Aegenses
666 2344 967 2390 Tarsensibus
987 2345 1261 2390 maledicunt
1291 2349 1390 2403 312,
1409 2350 1448 2391 2.
1553 2346 1639 2391 bus
1679 2346 1887 2391 habitata
1932 2348 2038 2400 286,
2074 2347 2141 2390 12.
2181 2369 2234 2376 -—
2272 2343 2530 2390 δεκαπέντε

417 2415 612 2472 Aegypti
641 2428 769 2471 reges
799 2416 908 2461 boni
939 2419 1008 2472 33,
1028 2420 1096 2461 19.
1552 2413 1808 2476 ἄνθρωποι
1830 2413 2029 2476 εὔποροι
2047 2418 2144 2471 292,
2164 2418 2233 2459 24.
2249 2439 2305 2447 -
2322 2415 2529 2459 Museum

417 2486 626 2542 Aegyptii
648 2488 716 2542 63,
734 2490 802 2530 24.
829 2512 886 2519 —
913 2487 1040 2532 nulla
1059 2487 1181 2544 apud
1202 2500 1279 2533 eos
1299 2488 1451 2545 poesis
1555 2491 1654 2543 297,
1688 2494 1725 2533 1.

477 2560 573 2613 126,
601 2561 665 2614 12,
687 2583 742 2589 —
767 2558 1024 2603 sacerdotes
1053 2559 1270 2615 1195,19.
1305 2585 1361 2590 —
1381 2560 1450 2604 λί-
1497 2558 1793 2604 Alexandrini
1821 2558 1963 2603 iocosi
1994 2561 2092 2614 267,
2131 2561 2150 2601 1
2186 2560 2416 2603 τοσαῦται
2447 2573 2529 2612 μυ-

471 2632 579 2674 θων
599 2621 817 2687 εὐχρόων
835 2632 917 2675 καὶ
937 2630 1171 2676 ποικίλων
1189 2629 1236 2673 11
1258 2633 1356 2687 220,
1382 2633 1449 2675 18.
1554 2626 1711 2690 ριοέδες
1742 2624 2019 2687 ἀνθρώπων
2039 2618 2139 2684 ἅμα
2159 2630 2241 2673 καὶ
2270 2624 2329 2674 τὰ
2361 2627 2530 2674 δέοντα

422 2699 669 2755 Aegyptius
688 2700 899 2745 sacerdos
915 2713 987 2745 res
998 2701 1288 2745 anteTroiam
1299 2705 1450 2757 gestas
1553 2699 1765 2747 ἐννοεῖτε
1785 2702 1866 2746 καὶ
1886 2696 2005 2757 ταχὺ
2027 2696 2316 2758 φθέγγεσθε,
2350 2690 2439 2752 (3,ss
2470 2694 2531 2745 ἄν

474 2768 615 2813 1)10111
642 2775 801 2814 narrat
831 2783 895 2815 or.
928 2770 995 2814 XI
1025 2775 1050 2829 ξ
1074 2775 1125 2817 37
1145 2783 1211 2828 sq.
1553 2768 1812 2830 ἐννοήσητε
1841 2770 1935 2814 ibid
1965 2774 2004 2815 6.
2053 2771 2251 2813 musicae
2281 2774 2327 2813 et
2358 2771 2529 2814 circen-

420 2840 651 2896 Aegyptus
682 2843 764 2898 τῆς
797 2840 851 2888 ἐν
872 2842 976 2901 Αἰγ.
996 2838 1226 2901 καπήλων
1246 2839 1450 2896 πόλεως,
1554 2842 1669 2887 sium
1710 2839 2007 2886 amantissimi
2046 2852 2111 2884 or.
2150 2839 2326 2883 XXXII
2364 2840 2530 2895 passim

475 2902 600 2956 ὅπου
644 2907 820 2966 πάντες
872 2910 1079 2972 κάπηλοι
1128 2916 1452 2969 κατοικοῦσιν,
1554 2924 1748 2969 „panem
1779 2915 1824 2955 et
1855 2911 2108 2954 circenses“
2141 2909 2307 2954 dictum
2330 2910 2528 2954 celeber-

476 2976 755 3039 ὃμοίωςμὲν
771 2979 954 3043 ἄνδρες,
974 2978 1154 3040 ὁμοίως
1170 2984 1218 3030 δὲ
1233 2991 1452 3043 γυναῖκες
1552 2983 1715 3027 rimum
1745 2981 1804 3026 ad
1838 2994 1916 3026 eos
1937 2981 2133 3025 refertur
2154 2984 2251 3034 275,
2273 2983 2341 3024 22.
2369 3006 2420 3011 -
2452 2982 2532 3025 καὶ

480 3055 573 3106 183,
596 3057 664 3097 25.
1555 3049 1642 3111 τὴν
1681 3055 1841 3110 μᾶζαν
1880 3052 1935 3097 ἐκ
1980 3054 2063 3110 τῆς
2102 3054 2200 3096 τῶν
2238 3049 2532 3110 κρειττόνων

416 3122 660 3179 Aethiopes
701 3124 765 3169 ibi
805 3137 964 3169 aurum
1003 3124 1136 3170 vilius
1167 3137 1301 3181 quam
1332 3124 1452 3181 apud
1553 3121 1720 3182 χειρὸς
1750 3119 2054 3182 λαμβάνουσι
2085 3125 2182 3178 284,
2210 3127 2275 3168 17.

474 3205 556 3237 nos
586 3194 816 3249 plumbum
854 3200 898 3239 et
936 3195 1128 3240 malefici
1166 3197 1315 3241 aureis
1355 3196 1451 3240 vin·
1496 3195 1699 3251 Alpheus
1728 3193 1895 3237 flumen
1929 3197 1996 3249 10,
2019 3197 2058 3237 2.

477 3263 590 3307 culis
619 3264 877 3310 vinciuntur
905 3266 951 3310 II
974 3269 1072 3323 220,
1095 3269 1163 3310 22.
1495 3265 1652 3309 Andrii
1686 3268 1782 3319 262,
1806 3267 1875 3309 21.

419 3333 642 3377 Alectoris
682 3337 916 3381 castellum
949 3334 1203 3397 (φρούριον
1240 3331 1450 3384 Ἀλέκτο-
1496 3334 1826 3380 Antiochenses
1859 3347 1961 3378 cum
1997 3332 2325 3390 Apamensibus
2355 3332 2531 3388 litigant

479 3407 578 3462 ρος)
600 3404 657 3448 ad
677 3405 927 3463 Hypanidis
947 3410 994 3452 et
1018 3409 1310 3466 Borysthenis
1333 3408 1453 3454 ostia
1556 3410 1654 3462 329,
1677 3409 1745 3451 24.
1777 3430 1832 3437 ——
1864 3404 2000 3458 ΙΙ49,
2027 3407 2093 3448 13.
2118 3429 2171 3435 —-
2192 3415 2397 3458 magnam
2428 3415 2530 3458 por-

476 3475 625 3529 situm,
644 3475 1012 3522 Sauromatarum
1027 3480 1207 3535 reginae
1224 3491 1323 3523 esse
1339 3478 1449 3523 diei·
1552 3477 1691 3521 ticum
1723 3478 2042 3520 exstruxerunt
2060 3474 2107 3518 II
2120 3478 2195 3528 84,
2213 3477 2265 3517 28
2288 3474 2357 3518 ὠν
2385 3472 2411 3530 ἦ
2443 3470 2530 3517 πό-

477 3549 552 3588 tur
581 3544 627 3588 II
650 3549 687 3599 1,
711 3549 778 3591 24.
1555 3552 1624 3602 λις
1654 3544 1705 3602 ἓξ
1731 3549 1812 3592 καὶ
1832 3543 2091 3606 τριάκοντα
2115 3545 2318 3590 σταδιων
2336 3541 2436 3589 ἐστὶ
2469 3538 2525 3588 τὸ

419 3615 696 3660 Alexandria
718 3617 877 3663 seditio
901 3619 1038 3675 paulo
1055 3623 1159 3664 ante
1171 3619 1329 3664 Dionis
1348 3632 1448 3664 ora·
1553 3622 1706 3677 μῆκος
1734 3617 1839 3662 ibid.
1874 3622 1940 3661 30

477 3688 644 3730 tionem
668 3687 970 3733 Alexandriae
1001 3690 1125 3733 iacta
1154 3690 1196 3734 vi
1229 3703 1450 3746 oppressa
1495 3690 1779 3746 Apamenses
1812 3684 1938 3746 πρὸς
1953 3681 2267 3744 ’4ντιοχεῖς--
2286 3675 2394 3742 περὶ
2413 3680 2529 3730 ὄνοι

478 3757 559 3809 est,
581 3757 857 3813 praesidium
877 3761 1083 3816 auctum;
1115 3760 1332 3805 exercitui
1351 3761 1444 3805 Ro·
1555 3776 1693 3813 σκιας
1721 3757 1933 3817 ἐρίζουσι
1963 3761 2058 3811 329,
2087 3760 2154 3801 24.
2195 3780 2251 3788 -
2281 3756 2529 3802 πολιτείαν
