<?xml version="1.0" encoding="UTF-8"?>
<!DOCTYPE html PUBLIC "-//W3C//DTD XHTML 1.0 Transitional//EN"
    "http://www.w3.org/TR/xhtml1/DTD/xhtml1-transitional.dtd">
<html xmlns="http://www.w3.org/1999/xhtml" xml:lang="en" lang="en">
 <head>
  <title>
</title>
<meta http-equiv="Content-Type" content="text/html;charset=utf-8" />
  <meta name='ocr-system' content='tesseract 3.04.00' />
  <meta name='ocr-capabilities' content='ocr_page ocr_carea ocr_par ocr_line ocrx_word'/>
</head>
<body>
  <div class='ocr_page' id='page_1' title='image "./dionisprusaensis02diocuoft_0313.png"; bbox 0 0 2684 4140; ppageno 0'>
   <div class='ocr_carea' id='block_1_1' title="bbox 15 224 2331 374">
    <p class='ocr_par' dir='ltr' id='par_1_1' title="bbox 15 224 2331 374">
     <span class='ocr_line' id='line_1_1' title="bbox 15 224 2331 374; baseline -0.002 -79"><span class='ocrx_word' id='word_1_1' title='bbox 15 224 20 374; x_wconf 57' lang='lat' dir='ltr'>j</span> <span class='ocrx_word' id='word_1_2' title='bbox 1098 246 1324 292; x_wconf 86' lang='lat' dir='ltr'><strong>ORATIO</strong></span> <span class='ocrx_word' id='word_1_3' title='bbox 1355 246 1499 293; x_wconf 82' lang='lat' dir='ltr'><strong>xxx.</strong></span> <span class='ocrx_word' id='word_1_4' title='bbox 2231 250 2331 298; x_wconf 84' lang='lat'><strong><em>295</em></strong></span> 
     </span>
    </p>
   </div>
   <div class='ocr_carea' id='block_1_2' title="bbox 892 553 1705 623">
    <p class='ocr_par' dir='ltr' id='par_1_2' title="bbox 892 553 1705 623">
     <span class='ocr_line' id='line_1_2' title="bbox 892 553 1705 623; baseline 0.001 -4"><span class='ocrx_word' id='word_1_5' title='bbox 892 556 1013 619; x_wconf 87' lang='grc'>(80)</span> <span class='ocrx_word' id='word_1_6' title='bbox 1061 553 1705 623; x_wconf 85' lang='grc' dir='ltr'><strong>ΧΑΡΙΔΗΜΟΣ.</strong></span> 
     </span>
    </p>
   </div>
   <div class='ocr_carea' id='block_1_3' title="bbox 0 796 2392 3062">
    <p class='ocr_par' dir='ltr' id='par_1_3' title="bbox 253 796 2392 1129">
     <span class='ocr_line' id='line_1_3' title="bbox 394 796 2392 880; baseline 0.007 -28"><span class='ocrx_word' id='word_1_7' title='bbox 394 804 462 852; x_wconf 89' lang='grc' dir='ltr'><strong><em>Δ.</em></strong></span> <span class='ocrx_word' id='word_1_8' title='bbox 497 796 777 874; x_wconf 76' lang='grc' dir='ltr'><em>Ἀκηκόειν</em></span> <span class='ocrx_word' id='word_1_9' title='bbox 826 809 925 872; x_wconf 79' lang='grc' dir='ltr'><strong><em>μὲν</em></strong></span> <span class='ocrx_word' id='word_1_10' title='bbox 971 811 1064 860; x_wconf 82' lang='grc' dir='ltr'><strong><em>καὶ</em></strong></span> <span class='ocrx_word' id='word_1_11' title='bbox 1112 812 1384 878; x_wconf 89' lang='grc' dir='ltr'><strong><em>πρότερον</em></strong></span> <span class='ocrx_word' id='word_1_12' title='bbox 1433 812 1565 879; x_wconf 83' lang='grc' dir='ltr'><strong><em>πρὶν</em></strong></span> <span class='ocrx_word' id='word_1_13' title='bbox 1611 811 1750 876; x_wconf 80' lang='grc' dir='ltr'><strong><em>ὑμᾶς</em></strong></span> <span class='ocrx_word' id='word_1_14' title='bbox 1800 808 1939 861; x_wconf 87' lang='grc' dir='ltr'><strong><em>ἰδεῖν</em></strong></span> <span class='ocrx_word' id='word_1_15' title='bbox 1983 814 2094 880; x_wconf 84' lang='grc' dir='ltr'><strong><em>πρὸ</em></strong></span> <span class='ocrx_word' id='word_1_16' title='bbox 2138 813 2330 864; x_wconf 82' lang='grc' dir='ltr'><em>ἱκανοῦ</em></span> <span class='ocrx_word' id='word_1_17' title='bbox 2367 816 2392 866; x_wconf 90' lang='grc'>1</span> 
     </span>
     <span class='ocr_line' id='line_1_4' title="bbox 255 887 2325 964; baseline 0.005 -29"><span class='ocrx_word' id='word_1_18' title='bbox 255 887 387 954; x_wconf 81' lang='grc' dir='ltr'><strong><em>περὶ</em></strong></span> <span class='ocrx_word' id='word_1_19' title='bbox 423 894 521 957; x_wconf 84' lang='grc' dir='ltr'><strong><em>τῆς</em></strong></span> <span class='ocrx_word' id='word_1_20' title='bbox 545 888 880 959; x_wconf 77' lang='grc' dir='ltr'><em>Χαριδήμου</em></span> <span class='ocrx_word' id='word_1_21' title='bbox 919 890 1188 963; x_wconf 82' lang='grc' dir='ltr'><strong><em>τελευτῆς.</em></strong></span> <span class='ocrx_word' id='word_1_22' title='bbox 1253 887 1426 955; x_wconf 74' lang='grc' dir='ltr'><strong><em>εὐθὺς</em></strong></span> <span class='ocrx_word' id='word_1_23' title='bbox 1462 894 1564 963; x_wconf 84' lang='grc' dir='ltr'><strong><em>γὰρ</em></strong></span> <span class='ocrx_word' id='word_1_24' title='bbox 1591 895 2007 964; x_wconf 89' lang='grc' dir='ltr'><strong><em>ἐπυνθανόμην,</em></strong></span> <span class='ocrx_word' id='word_1_25' title='bbox 2048 896 2124 956; x_wconf 87' lang='grc' dir='ltr'><strong><em>ὡς</em></strong></span> <span class='ocrx_word' id='word_1_26' title='bbox 2154 900 2325 964; x_wconf 91' lang='grc' dir='ltr'><strong><em>παρέ-</em></strong></span> 
     </span>
     <span class='ocr_line' id='line_1_5' title="bbox 254 968 2324 1048; baseline 0.005 -27"><span class='ocrx_word' id='word_1_27' title='bbox 254 968 427 1035; x_wconf 84' lang='grc' dir='ltr'><strong><em>βαλον</em></strong></span> <span class='ocrx_word' id='word_1_28' title='bbox 479 970 656 1042; x_wconf 89' lang='grc' dir='ltr'><strong><em>δευρί,</em></strong></span> <span class='ocrx_word' id='word_1_29' title='bbox 707 976 841 1043; x_wconf 89' lang='grc' dir='ltr'><strong><em>περί</em></strong></span> <span class='ocrx_word' id='word_1_30' title='bbox 886 993 945 1026; x_wconf 88' lang='grc' dir='ltr'><strong><em>τε</em></strong></span> <span class='ocrx_word' id='word_1_31' title='bbox 995 975 1178 1027; x_wconf 76' lang='grc' dir='ltr'><strong><em>ἄλλων</em></strong></span> <span class='ocrx_word' id='word_1_32' title='bbox 1221 976 1387 1028; x_wconf 81' lang='grc' dir='ltr'><strong><em>τινῶν</em></strong></span> <span class='ocrx_word' id='word_1_33' title='bbox 1430 979 1523 1028; x_wconf 83' lang='grc' dir='ltr'><strong><em>καὶ</em></strong></span> <span class='ocrx_word' id='word_1_34' title='bbox 1557 975 1802 1043; x_wconf 91' lang='grc' dir='ltr'><strong><em>μάλιστα</em></strong></span> <span class='ocrx_word' id='word_1_35' title='bbox 1843 976 1905 1048; x_wconf 84' lang='grc' dir='ltr'><strong><em>δὴ</em></strong></span> <span class='ocrx_word' id='word_1_36' title='bbox 1947 981 2078 1048; x_wconf 84' lang='grc' dir='ltr'><strong><em>περὶ</em></strong></span> <span class='ocrx_word' id='word_1_37' title='bbox 2113 982 2324 1031; x_wconf 84' lang='grc' dir='ltr'><strong><em>τούτων</em></strong></span> 
     </span>
     <span class='ocr_line' id='line_1_6' title="bbox 253 1055 2327 1129; baseline 0.005 -26"><span class='ocrx_word' id='word_1_38' title='bbox 253 1055 605 1124; x_wconf 91' lang='grc' dir='ltr'><strong><em>ἀμφοτέρων,</em></strong></span> <span class='ocrx_word' id='word_1_39' title='bbox 645 1060 788 1108; x_wconf 84' lang='grc' dir='ltr'><strong><em>ὅπου</em></strong></span> <span class='ocrx_word' id='word_1_40' title='bbox 826 1076 886 1109; x_wconf 89' lang='grc' dir='ltr'><strong><em>τε</em></strong></span> <span class='ocrx_word' id='word_1_41' title='bbox 925 1059 1034 1110; x_wconf 85' lang='grc' dir='ltr'><strong><em>εἶεν</em></strong></span> <span class='ocrx_word' id='word_1_42' title='bbox 1070 1061 1164 1110; x_wconf 82' lang='grc' dir='ltr'><strong><em>καὶ</em></strong></span> <span class='ocrx_word' id='word_1_43' title='bbox 1200 1063 1306 1123; x_wconf 82' lang='grc' dir='ltr'><strong><em>ὄ,τι</em></strong></span> <span class='ocrx_word' id='word_1_44' title='bbox 1343 1063 1659 1129; x_wconf 73' lang='grc' dir='ltr'><strong><em>πράττοιεν.</em></strong></span> <span class='ocrx_word' id='word_1_45' title='bbox 1722 1063 1818 1111; x_wconf 89' lang='grc' dir='ltr'><strong><em>καί</em></strong></span> <span class='ocrx_word' id='word_1_46' title='bbox 1843 1064 1944 1126; x_wconf 88' lang='grc' dir='ltr'><strong><em>μοί</em></strong></span> <span class='ocrx_word' id='word_1_47' title='bbox 1976 1079 2062 1123; x_wconf 88' lang='grc' dir='ltr'><strong><em>τις</em></strong></span> <span class='ocrx_word' id='word_1_48' title='bbox 2089 1065 2327 1128; x_wconf 83' lang='grc' dir='ltr'><strong><em>ἐντυχὼν</em></strong></span> 
     </span>
    </p>

    <p class='ocr_par' dir='ltr' id='par_1_4' title="bbox 172 1131 2390 1549">
     <span class='ocr_line' id='line_1_7' title="bbox 172 1131 2321 1212; baseline 0.004 -23"><span class='ocrx_word' id='word_1_49' title='bbox 172 1150 206 1189; x_wconf 45' lang='grc' dir='ltr'><strong><em>δ’</em></strong></span> <span class='ocrx_word' id='word_1_50' title='bbox 253 1131 315 1188; x_wconf 81' lang='grc' dir='ltr'><strong><em>οὗ</em></strong></span> <span class='ocrx_word' id='word_1_51' title='bbox 354 1141 502 1190; x_wconf 90' lang='grc' dir='ltr'><strong><em>πάνυ</em></strong></span> <span class='ocrx_word' id='word_1_52' title='bbox 541 1159 597 1191; x_wconf 94' lang='grc' dir='ltr'><strong><em>τι</em></strong></span> <span class='ocrx_word' id='word_1_53' title='bbox 643 1135 843 1203; x_wconf 79' lang='grc' dir='ltr'><strong><em>αὐτούς</em></strong></span> <span class='ocrx_word' id='word_1_54' title='bbox 890 1145 1292 1209; x_wconf 88' lang='grc' dir='ltr'><strong><em>ἐπιστάμενος,</em></strong></span> <span class='ocrx_word' id='word_1_55' title='bbox 1342 1138 1467 1194; x_wconf 76' lang='grc' dir='ltr'><strong><em>ἀλλ&gt;</em></strong></span> <span class='ocrx_word' id='word_1_56' title='bbox 1510 1147 1641 1195; x_wconf 83' lang='grc' dir='ltr'><strong><em>ὅσον</em></strong></span> <span class='ocrx_word' id='word_1_57' title='bbox 1680 1146 1916 1196; x_wconf 91' lang='grc' dir='ltr'><strong><em>ἀκοῦσαι</em></strong></span> <span class='ocrx_word' id='word_1_58' title='bbox 1951 1147 2019 1196; x_wconf 81' lang='grc' dir='ltr'><strong><em>τὰ</em></strong></span> <span class='ocrx_word' id='word_1_59' title='bbox 2059 1148 2321 1212; x_wconf 88' lang='grc' dir='ltr'><strong><em>ὀνόματα,</em></strong></span> 
     </span>
     <span class='ocr_line' id='line_1_8' title="bbox 249 1224 2322 1297; baseline 0.005 -25"><span class='ocrx_word' id='word_1_60' title='bbox 249 1224 534 1292; x_wconf 74' lang='grc' dir='ltr'><strong><em>ἠρώτησεν</em></strong></span> <span class='ocrx_word' id='word_1_61' title='bbox 573 1226 624 1274; x_wconf 82' lang='grc' dir='ltr'><strong><em>εἰ</em></strong></span> <span class='ocrx_word' id='word_1_62' title='bbox 661 1227 791 1286; x_wconf 85' lang='grc' dir='ltr'><strong><em>τούς</em></strong></span> <span class='ocrx_word' id='word_1_63' title='bbox 833 1229 1115 1294; x_wconf 82' lang='grc' dir='ltr'><strong><em>Τιμάρχου</em></strong></span> <span class='ocrx_word' id='word_1_64' title='bbox 1152 1229 1294 1287; x_wconf 81' lang='grc' dir='ltr'><strong><em>υἱεῖς</em></strong></span> <span class='ocrx_word' id='word_1_65' title='bbox 1334 1225 1499 1293; x_wconf 89' lang='grc' dir='ltr'><strong><em>λέγω·</em></strong></span> <span class='ocrx_word' id='word_1_66' title='bbox 1547 1229 1730 1292; x_wconf 91' lang='grc' dir='ltr'><strong><em>κάμοῦ</em></strong></span> <span class='ocrx_word' id='word_1_67' title='bbox 1766 1230 2075 1297; x_wconf 84' lang='grc' dir='ltr'><strong><em>φήσαντος,</em></strong></span> <span class='ocrx_word' id='word_1_68' title='bbox 2127 1238 2322 1282; x_wconf 90' lang='grc' dir='ltr'><strong><em>τοῦτον</em></strong></span> 
     </span>
     <span class='ocr_line' id='line_1_9' title="bbox 249 1302 2327 1380; baseline 0.005 -25"><span class='ocrx_word' id='word_1_69' title='bbox 249 1302 464 1373; x_wconf 86' lang='grc' dir='ltr'><strong><em>ἐδήλου,</em></strong></span> <span class='ocrx_word' id='word_1_70' title='bbox 504 1310 600 1358; x_wconf 83' lang='grc' dir='ltr'><strong><em>τὸν</em></strong></span> <span class='ocrx_word' id='word_1_71' title='bbox 638 1311 906 1378; x_wconf 86' lang='grc' dir='ltr'><strong><em>νεώτερον</em></strong></span> <span class='ocrx_word' id='word_1_72' title='bbox 956 1308 1018 1379; x_wconf 84' lang='grc' dir='ltr'><strong><em>δὴ</em></strong></span> <span class='ocrx_word' id='word_1_73' title='bbox 1062 1308 1258 1377; x_wconf 87' lang='grc' dir='ltr'><strong><em>λέγων,</em></strong></span> <span class='ocrx_word' id='word_1_74' title='bbox 1308 1312 1364 1360; x_wconf 88' lang='grc' dir='ltr'><strong><em>ἐν</em></strong></span> <span class='ocrx_word' id='word_1_75' title='bbox 1403 1311 1674 1380; x_wconf 85' lang='grc' dir='ltr'><strong><em>Μεσσήνῃ</em></strong></span> <span class='ocrx_word' id='word_1_76' title='bbox 1725 1313 1810 1362; x_wconf 82' lang='grc' dir='ltr'><strong><em>ἔτι</em></strong></span> <span class='ocrx_word' id='word_1_77' title='bbox 1857 1311 2002 1363; x_wconf 84' lang='grc' dir='ltr'><strong><em>εἶναι</em></strong></span> <span class='ocrx_word' id='word_1_78' title='bbox 2044 1315 2183 1379; x_wconf 81' lang='grc' dir='ltr'><strong><em>μετὰ</em></strong></span> <span class='ocrx_word' id='word_1_79' title='bbox 2224 1322 2327 1365; x_wconf 91' lang='grc' dir='ltr'><strong><em>σοῦ</em></strong></span> 
     </span>
     <span class='ocr_line' id='line_1_10' title="bbox 252 1386 2320 1466; baseline 0.004 -27"><span class='ocrx_word' id='word_1_80' title='bbox 252 1386 344 1440; x_wconf 80' lang='grc' dir='ltr'><strong><em>διὰ</em></strong></span> <span class='ocrx_word' id='word_1_81' title='bbox 383 1392 446 1440; x_wconf 88' lang='grc' dir='ltr'><strong><em>τὸ</em></strong></span> <span class='ocrx_word' id='word_1_82' title='bbox 487 1393 706 1453; x_wconf 89' lang='grc' dir='ltr'><strong><em>πένθος</em></strong></span> <span class='ocrx_word' id='word_1_83' title='bbox 742 1390 1049 1462; x_wconf 89' lang='grc' dir='ltr'><strong><em>τάδελφοῦ·</em></strong></span> <span class='ocrx_word' id='word_1_84' title='bbox 1084 1392 1410 1464; x_wconf 84' lang='grc' dir='ltr'><strong><em>τελευτῆσαι</em></strong></span> <span class='ocrx_word' id='word_1_85' title='bbox 1435 1395 1537 1463; x_wconf 83' lang='grc' dir='ltr'><strong><em>γὰρ</em></strong></span> <span class='ocrx_word' id='word_1_86' title='bbox 1566 1388 1757 1445; x_wconf 79' lang='grc' dir='ltr'><strong><em>αὐτοῖν</em></strong></span> <span class='ocrx_word' id='word_1_87' title='bbox 1794 1397 1890 1446; x_wconf 83' lang='grc' dir='ltr'><strong><em>τὸν</em></strong></span> <span class='ocrx_word' id='word_1_88' title='bbox 1929 1398 2320 1466; x_wconf 81' lang='grc' dir='ltr'><strong><em>πρεσβύτερον.</em></strong></span> 
     </span>
     <span class='ocr_line' id='line_1_11' title="bbox 251 1473 2390 1549; baseline 0.004 -27"><span class='ocrx_word' id='word_1_89' title='bbox 251 1475 494 1541; x_wconf 84' lang='grc' dir='ltr'><strong><em>φανερὸς</em></strong></span> <span class='ocrx_word' id='word_1_90' title='bbox 521 1475 628 1525; x_wconf 79' lang='grc' dir='ltr'><strong><em>οὖν</em></strong></span> <span class='ocrx_word' id='word_1_91' title='bbox 664 1473 730 1542; x_wconf 83' lang='grc' dir='ltr'><strong><em>ἥν</em></strong></span> <span class='ocrx_word' id='word_1_92' title='bbox 760 1475 1095 1546; x_wconf 79' lang='grc' dir='ltr'><strong><em>Χαρίδημον</em></strong></span> <span class='ocrx_word' id='word_1_93' title='bbox 1134 1476 1497 1545; x_wconf 78' lang='grc' dir='ltr'><strong><em>ἀπαγγέλλων</em></strong></span> <span class='ocrx_word' id='word_1_94' title='bbox 1534 1480 1892 1549; x_wconf 74' lang='grc' dir='ltr'><strong><em>τεθνηκέναι·</em></strong></span> <span class='ocrx_word' id='word_1_95' title='bbox 1930 1482 2022 1530; x_wconf 85' lang='grc' dir='ltr'><strong><em>καὶ</em></strong></span> <span class='ocrx_word' id='word_1_96' title='bbox 2058 1483 2184 1531; x_wconf 91' lang='grc' dir='ltr'><strong><em>τότε</em></strong></span> <span class='ocrx_word' id='word_1_97' title='bbox 2220 1484 2320 1547; x_wconf 84' lang='grc' dir='ltr'><strong><em>μὲν</em></strong></span> <span class='ocrx_word' id='word_1_98' title='bbox 2359 1483 2390 1531; x_wconf 85' lang='grc'>2</span> 
     </span>
    </p>

    <p class='ocr_par' dir='ltr' id='par_1_5' title="bbox 0 1554 2319 1648">
     <span class='ocr_line' id='line_1_12' title="bbox 0 1554 2319 1648; baseline 0.004 -43"><span class='ocrx_word' id='word_1_99' title='bbox 0 1590 2 1648; x_wconf 36' lang='grc' dir='ltr'><strong><em>ᾗ</em></strong></span> <span class='ocrx_word' id='word_1_100' title='bbox 165 1570 212 1612; x_wconf 89' lang='lat'><strong><em>10</em></strong></span> <span class='ocrx_word' id='word_1_101' title='bbox 248 1554 430 1607; x_wconf 88' lang='grc' dir='ltr'><strong><em>ἐδόκει</em></strong></span> <span class='ocrx_word' id='word_1_102' title='bbox 466 1560 560 1608; x_wconf 83' lang='grc' dir='ltr'><strong><em>καὶ</em></strong></span> <span class='ocrx_word' id='word_1_103' title='bbox 597 1558 914 1629; x_wconf 81' lang='grc' dir='ltr'><strong><em>ἀμφιβολία</em></strong></span> <span class='ocrx_word' id='word_1_104' title='bbox 963 1579 1050 1622; x_wconf 93' lang='grc' dir='ltr'><strong><em>τις</em></strong></span> <span class='ocrx_word' id='word_1_105' title='bbox 1087 1561 1259 1625; x_wconf 87' lang='grc' dir='ltr'><strong><em>εἶναι,</em></strong></span> <span class='ocrx_word' id='word_1_106' title='bbox 1309 1564 1495 1612; x_wconf 92' lang='grc' dir='ltr'><strong><em>καίτοι</em></strong></span> <span class='ocrx_word' id='word_1_107' title='bbox 1535 1562 1732 1632; x_wconf 83' lang='grc' dir='ltr'><strong><em>σαφῶς</em></strong></span> <span class='ocrx_word' id='word_1_108' title='bbox 1780 1564 2124 1632; x_wconf 88' lang='grc' dir='ltr'><strong><em>τάνθρώπου</em></strong></span> <span class='ocrx_word' id='word_1_109' title='bbox 2174 1567 2319 1635; x_wconf 87' lang='grc' dir='ltr'><strong><em>εἰρη-</em></strong></span> 
     </span>
    </p>

    <p class='ocr_par' dir='ltr' id='par_1_6' title="bbox 0 1642 2324 1729">
     <span class='ocr_line' id='line_1_13' title="bbox 0 1642 2324 1729; baseline 0.004 -37"><span class='ocrx_word' id='word_1_110' title='bbox 0 1649 225 1729; x_wconf 50' lang='lat' dir='ltr'><strong><em>suman)</em></strong></span> <span class='ocrx_word' id='word_1_111' title='bbox 247 1643 436 1702; x_wconf 88' lang='grc' dir='ltr'><strong><em>κότος·</em></strong></span> <span class='ocrx_word' id='word_1_112' title='bbox 486 1643 659 1704; x_wconf 76' lang='grc' dir='ltr'><strong><em>αὖθις</em></strong></span> <span class='ocrx_word' id='word_1_113' title='bbox 705 1642 763 1695; x_wconf 84' lang='grc' dir='ltr'><strong><em>δὲ</em></strong></span> <span class='ocrx_word' id='word_1_114' title='bbox 803 1646 1194 1714; x_wconf 79' lang='grc' dir='ltr'><strong><em>ἀκριβέστερον</em></strong></span> <span class='ocrx_word' id='word_1_115' title='bbox 1232 1647 1487 1713; x_wconf 84' lang='grc' dir='ltr'><strong><em>ἔγνωμεν.</em></strong></span> <span class='ocrx_word' id='word_1_116' title='bbox 1559 1649 1652 1697; x_wconf 83' lang='grc' dir='ltr'><strong><em>καὶ</em></strong></span> <span class='ocrx_word' id='word_1_117' title='bbox 1690 1646 1850 1712; x_wconf 83' lang='grc' dir='ltr'><strong><em>οἶμαί</em></strong></span> <span class='ocrx_word' id='word_1_118' title='bbox 1884 1664 1942 1714; x_wconf 91' lang='grc' dir='ltr'><strong><em>γε</em></strong></span> <span class='ocrx_word' id='word_1_119' title='bbox 1981 1650 2218 1713; x_wconf 85' lang='grc' dir='ltr'><strong><em>ἐμαυτὸν</em></strong></span> <span class='ocrx_word' id='word_1_120' title='bbox 2258 1644 2324 1701; x_wconf 69' lang='grc' dir='ltr'><strong><em>οὗ·</em></strong></span> 
     </span>
    </p>

    <p class='ocr_par' dir='ltr' id='par_1_7' title="bbox 7 1722 2319 1801">
     <span class='ocr_line' id='line_1_14' title="bbox 7 1722 2319 1801; baseline 0.004 -28"><span class='ocrx_word' id='word_1_121' title='bbox 7 1771 10 1784; x_wconf 25' lang='grc' dir='ltr'>ἑ</span> <span class='ocrx_word' id='word_1_122' title='bbox 247 1722 394 1775; x_wconf 90' lang='grc' dir='ltr'><strong><em>πολύ</em></strong></span> <span class='ocrx_word' id='word_1_123' title='bbox 432 1744 488 1776; x_wconf 94' lang='grc' dir='ltr'><strong><em>τι</em></strong></span> <span class='ocrx_word' id='word_1_124' title='bbox 526 1725 757 1780; x_wconf 83' lang='grc' dir='ltr'><strong><em>ἔλαττον</em></strong></span> <span class='ocrx_word' id='word_1_125' title='bbox 793 1729 946 1795; x_wconf 77' lang='grc' dir='ltr'><strong><em>ὑμῶν</em></strong></span> <span class='ocrx_word' id='word_1_126' title='bbox 974 1728 1278 1800; x_wconf 84' lang='grc' dir='ltr'><strong><em>δηχθῆναι·</em></strong></span> <span class='ocrx_word' id='word_1_127' title='bbox 1316 1733 1379 1780; x_wconf 86' lang='grc' dir='ltr'><strong><em>τὸ</em></strong></span> <span class='ocrx_word' id='word_1_128' title='bbox 1405 1732 1505 1796; x_wconf 80' lang='grc' dir='ltr'><strong><em>μὲν</em></strong></span> <span class='ocrx_word' id='word_1_129' title='bbox 1540 1732 1642 1799; x_wconf 83' lang='grc' dir='ltr'><strong><em>γάρ</em></strong></span> <span class='ocrx_word' id='word_1_130' title='bbox 1669 1729 1875 1796; x_wconf 78' lang='grc' dir='ltr'><strong><em>μᾶλλον</em></strong></span> <span class='ocrx_word' id='word_1_131' title='bbox 1916 1734 2093 1801; x_wconf 86' lang='grc' dir='ltr'><strong><em>φάναι</em></strong></span> <span class='ocrx_word' id='word_1_132' title='bbox 2132 1726 2194 1783; x_wconf 81' lang='grc' dir='ltr'><strong><em>οὗ</em></strong></span> <span class='ocrx_word' id='word_1_133' title='bbox 2219 1733 2319 1783; x_wconf 85' lang='grc' dir='ltr'><strong><em>θε-</em></strong></span> 
     </span>
    </p>

    <p class='ocr_par' dir='ltr' id='par_1_8' title="bbox 6 1805 2318 1884">
     <span class='ocr_line' id='line_1_15' title="bbox 6 1805 2318 1884; baseline 0.005 -28"><span class='ocrx_word' id='word_1_134' title='bbox 6 1826 10 1856; x_wconf 82' lang='grc'>;</span> <span class='ocrx_word' id='word_1_135' title='bbox 244 1813 408 1875; x_wconf 84' lang='grc' dir='ltr'><strong><em>μιτόν</em></strong></span> <span class='ocrx_word' id='word_1_136' title='bbox 449 1805 576 1862; x_wconf 79' lang='grc' dir='ltr'><strong><em>οὐδὲ</em></strong></span> <span class='ocrx_word' id='word_1_137' title='bbox 615 1815 773 1863; x_wconf 86' lang='grc' dir='ltr'><strong><em>ὅσιον</em></strong></span> <span class='ocrx_word' id='word_1_138' title='bbox 809 1817 969 1883; x_wconf 81' lang='grc' dir='ltr'><strong><em>ημῖν,</em></strong></span> <span class='ocrx_word' id='word_1_139' title='bbox 1014 1813 1072 1864; x_wconf 82' lang='grc' dir='ltr'><strong><em>εἴ</em></strong></span> <span class='ocrx_word' id='word_1_140' title='bbox 1102 1832 1188 1876; x_wconf 91' lang='grc' dir='ltr'><strong><em>τις</em></strong></span> <span class='ocrx_word' id='word_1_141' title='bbox 1225 1816 1432 1865; x_wconf 87' lang='grc' dir='ltr'><strong><em>ἐκεῖνον</em></strong></span> <span class='ocrx_word' id='word_1_142' title='bbox 1468 1813 1675 1880; x_wconf 82' lang='grc' dir='ltr'><strong><em>μᾶλλον</em></strong></span> <span class='ocrx_word' id='word_1_143' title='bbox 1714 1813 1900 1884; x_wconf 81' lang='grc' dir='ltr'><strong><em>ἐφίλει</em></strong></span> <span class='ocrx_word' id='word_1_144' title='bbox 1935 1815 2086 1880; x_wconf 80' lang='grc' dir='ltr'><strong><em>ὑμῶν</em></strong></span> <span class='ocrx_word' id='word_1_145' title='bbox 2123 1822 2225 1866; x_wconf 92' lang='grc' dir='ltr'><strong><em>τοῦ</em></strong></span> <span class='ocrx_word' id='word_1_146' title='bbox 2258 1833 2318 1867; x_wconf 87' lang='grc' dir='ltr'><strong><em>τε</em></strong></span> 
     </span>
    </p>

    <p class='ocr_par' dir='ltr' id='par_1_9' title="bbox 5 1859 2387 2051">
     <span class='ocr_line' id='line_1_16' title="bbox 5 1859 2387 2028; baseline 0.003 -85"><span class='ocrx_word' id='word_1_147' title='bbox 5 1859 11 2028; x_wconf 72' lang='grc' dir='ltr'>Ι</span> <span class='ocrx_word' id='word_1_148' title='bbox 246 1897 463 1963; x_wconf 85' lang='grc' dir='ltr'><strong><em>πατρὸς</em></strong></span> <span class='ocrx_word' id='word_1_149' title='bbox 486 1898 579 1947; x_wconf 80' lang='grc' dir='ltr'><strong><em>καὶ</em></strong></span> <span class='ocrx_word' id='word_1_150' title='bbox 605 1895 868 1967; x_wconf 87' lang='grc' dir='ltr'><strong><em>ἀδελφοῦ.</em></strong></span> <span class='ocrx_word' id='word_1_151' title='bbox 940 1900 1127 1949; x_wconf 85' lang='grc' dir='ltr'><strong><em>καίτοι</em></strong></span> <span class='ocrx_word' id='word_1_152' title='bbox 1155 1891 1216 1948; x_wconf 79' lang='grc' dir='ltr'><strong><em>οὗ</em></strong></span> <span class='ocrx_word' id='word_1_153' title='bbox 1244 1903 1383 1966; x_wconf 91' lang='grc' dir='ltr'><strong><em>μέγα</em></strong></span> <span class='ocrx_word' id='word_1_154' title='bbox 1412 1901 1620 1963; x_wconf 88' lang='grc' dir='ltr'><strong><em>ἰσχύειν</em></strong></span> <span class='ocrx_word' id='word_1_155' title='bbox 1646 1900 1822 1950; x_wconf 84' lang='grc' dir='ltr'><strong><em>ἔοικεν</em></strong></span> <span class='ocrx_word' id='word_1_156' title='bbox 1847 1903 1878 1966; x_wconf 83' lang='grc' dir='ltr'><strong><em>η</em></strong></span> <span class='ocrx_word' id='word_1_157' title='bbox 1908 1902 2078 1969; x_wconf 88' lang='grc' dir='ltr'><strong><em>φύσις</em></strong></span> <span class='ocrx_word' id='word_1_158' title='bbox 2103 1902 2160 1950; x_wconf 90' lang='grc' dir='ltr'><strong><em>ἐν</em></strong></span> <span class='ocrx_word' id='word_1_159' title='bbox 2198 1904 2318 1961; x_wconf 89' lang='grc' dir='ltr'><strong><em>τοῖς</em></strong></span> <span class='ocrx_word' id='word_1_160' title='bbox 2357 1903 2387 1953; x_wconf 88' lang='grc'><strong>3</strong></span> 
     </span>
     <span class='ocr_line' id='line_1_17' title="bbox 158 1976 2318 2051; baseline 0.003 -22"><span class='ocrx_word' id='word_1_161' title='bbox 158 1992 206 2034; x_wconf 82' lang='lat'><strong><em>15</em></strong></span> <span class='ocrx_word' id='word_1_162' title='bbox 246 1977 508 2048; x_wconf 86' lang='grc' dir='ltr'><strong><em>φαύλοις·</em></strong></span> <span class='ocrx_word' id='word_1_163' title='bbox 550 1980 669 2031; x_wconf 90' lang='grc' dir='ltr'><strong><em>οἶόν</em></strong></span> <span class='ocrx_word' id='word_1_164' title='bbox 695 1998 752 2031; x_wconf 92' lang='grc' dir='ltr'><strong><em>τι</em></strong></span> <span class='ocrx_word' id='word_1_165' title='bbox 787 1983 880 2032; x_wconf 81' lang='grc' dir='ltr'><strong><em>καὶ</em></strong></span> <span class='ocrx_word' id='word_1_166' title='bbox 918 1984 1049 2051; x_wconf 83' lang='grc' dir='ltr'><strong><em>περὶ</em></strong></span> <span class='ocrx_word' id='word_1_167' title='bbox 1085 1989 1281 2033; x_wconf 88' lang='grc' dir='ltr'><strong><em>τοῦτον</em></strong></span> <span class='ocrx_word' id='word_1_168' title='bbox 1319 1985 1415 2033; x_wconf 85' lang='grc' dir='ltr'><strong><em>τὸν</em></strong></span> <span class='ocrx_word' id='word_1_169' title='bbox 1449 1976 1777 2034; x_wconf 88' lang='grc' dir='ltr'><strong><em>Ὀπούντιον</em></strong></span> <span class='ocrx_word' id='word_1_170' title='bbox 1816 1985 1997 2033; x_wconf 88' lang='grc' dir='ltr'><strong><em>ἀκούω</em></strong></span> <span class='ocrx_word' id='word_1_171' title='bbox 2035 1988 2318 2050; x_wconf 87' lang='grc' dir='ltr'><strong><em>γεγονέναι</em></strong></span> 
     </span>
    </p>

    <p class='ocr_par' dir='ltr' id='par_1_10' title="bbox 5 2037 2316 2136">
     <span class='ocr_line' id='line_1_18' title="bbox 5 2037 2316 2136; baseline 0.002 -23"><span class='ocrx_word' id='word_1_172' title='bbox 5 2037 10 2105; x_wconf 53' lang='lat' dir='ltr'>i</span> <span class='ocrx_word' id='word_1_173' title='bbox 237 2065 501 2131; x_wconf 90' lang='grc' dir='ltr'><strong><em>χαρίεντα</em></strong></span> <span class='ocrx_word' id='word_1_174' title='bbox 549 2066 643 2115; x_wconf 83' lang='grc' dir='ltr'><strong><em>καὶ</em></strong></span> <span class='ocrx_word' id='word_1_175' title='bbox 690 2068 913 2133; x_wconf 79' lang='grc' dir='ltr'><strong><em>κομψὸν</em></strong></span> <span class='ocrx_word' id='word_1_176' title='bbox 971 2068 1257 2117; x_wconf 88' lang='grc' dir='ltr'><strong><em>νεανίσκον</em></strong></span> <span class='ocrx_word' id='word_1_177' title='bbox 1307 2064 1696 2133; x_wconf 78' lang='grc' dir='ltr'><strong><em>ἀποβαλόντα,</em></strong></span> <span class='ocrx_word' id='word_1_178' title='bbox 1754 2070 2019 2136; x_wconf 77' lang='grc' dir='ltr'><strong><em>ἡμέτερον</em></strong></span> <span class='ocrx_word' id='word_1_179' title='bbox 2067 2069 2316 2118; x_wconf 89' lang='grc' dir='ltr'><strong><em>κάκεῖνον</em></strong></span> 
     </span>
    </p>

    <p class='ocr_par' dir='ltr' id='par_1_11' title="bbox 4 2108 2315 2244">
     <span class='ocr_line' id='line_1_19' title="bbox 4 2108 2315 2244; baseline 0 -43"><span class='ocrx_word' id='word_1_180' title='bbox 4 2108 9 2244; x_wconf 51' lang='lat' dir='ltr'>f</span> <span class='ocrx_word' id='word_1_181' title='bbox 73 2163 218 2205; x_wconf 75' lang='lat' dir='ltr'>(299M)</span> <span class='ocrx_word' id='word_1_182' title='bbox 243 2151 491 2217; x_wconf 80' lang='grc' dir='ltr'><strong><em>ἑταῖρον,</em></strong></span> <span class='ocrx_word' id='word_1_183' title='bbox 542 2143 666 2198; x_wconf 57' lang='grc' dir='ltr'><strong><em>ἀλλ)</em></strong></span> <span class='ocrx_word' id='word_1_184' title='bbox 711 2152 862 2214; x_wconf 80' lang='grc' dir='ltr'><strong><em>ὅμως</em></strong></span> <span class='ocrx_word' id='word_1_185' title='bbox 900 2147 1129 2200; x_wconf 81' lang='grc' dir='ltr'><strong><em>ἔλαττον</em></strong></span> <span class='ocrx_word' id='word_1_186' title='bbox 1170 2147 1336 2201; x_wconf 79' lang='grc' dir='ltr'><strong><em>αὐτὸν</em></strong></span> <span class='ocrx_word' id='word_1_187' title='bbox 1376 2149 1702 2221; x_wconf 82' lang='grc' dir='ltr'><strong><em>λυπηθῆναί</em></strong></span> <span class='ocrx_word' id='word_1_188' title='bbox 1741 2164 1914 2219; x_wconf 91' lang='grc' dir='ltr'><strong><em>φασιν</em></strong></span> <span class='ocrx_word' id='word_1_189' title='bbox 1951 2152 1982 2219; x_wconf 86' lang='grc' dir='ltr'><em>ἢ</em></span> <span class='ocrx_word' id='word_1_190' title='bbox 2013 2150 2070 2200; x_wconf 83' lang='grc' dir='ltr'><strong><em>εἴ</em></strong></span> <span class='ocrx_word' id='word_1_191' title='bbox 2099 2169 2154 2201; x_wconf 94' lang='grc' dir='ltr'><strong><em>τι</em></strong></span> <span class='ocrx_word' id='word_1_192' title='bbox 2181 2149 2315 2201; x_wconf 81' lang='grc' dir='ltr'><strong><em>ἄλλο</em></strong></span> 
     </span>
    </p>

    <p class='ocr_par' dir='ltr' id='par_1_12' title="bbox 5 2227 2315 2303">
     <span class='ocr_line' id='line_1_20' title="bbox 5 2227 2315 2303; baseline 0 -21"><span class='ocrx_word' id='word_1_193' title='bbox 5 2245 8 2295; x_wconf 61' lang='grc' dir='ltr'>ξ</span> <span class='ocrx_word' id='word_1_194' title='bbox 239 2230 348 2282; x_wconf 79' lang='grc' dir='ltr'><strong><em>τῶν</em></strong></span> <span class='ocrx_word' id='word_1_195' title='bbox 375 2234 434 2282; x_wconf 88' lang='grc' dir='ltr'><strong><em>ἐκ</em></strong></span> <span class='ocrx_word' id='word_1_196' title='bbox 460 2240 558 2303; x_wconf 82' lang='grc' dir='ltr'><strong><em>τῆς</em></strong></span> <span class='ocrx_word' id='word_1_197' title='bbox 585 2235 766 2295; x_wconf 85' lang='grc' dir='ltr'><strong><em>οἰκίας</em></strong></span> <span class='ocrx_word' id='word_1_198' title='bbox 792 2232 1156 2284; x_wconf 86' lang='grc' dir='ltr'><strong><em>ἀπολωλέκει.</em></strong></span> <span class='ocrx_word' id='word_1_199' title='bbox 1233 2227 1357 2284; x_wconf 72' lang='grc' dir='ltr'><strong><em>ἀλλ’</em></strong></span> <span class='ocrx_word' id='word_1_200' title='bbox 1387 2236 1545 2299; x_wconf 80' lang='grc' dir='ltr'><strong><em>ὑμεῖς</em></strong></span> <span class='ocrx_word' id='word_1_201' title='bbox 1576 2251 1635 2301; x_wconf 93' lang='grc' dir='ltr'><strong><em>γε</em></strong></span> <span class='ocrx_word' id='word_1_202' title='bbox 1676 2237 1822 2285; x_wconf 91' lang='grc' dir='ltr'><strong><em>πάνυ</em></strong></span> <span class='ocrx_word' id='word_1_203' title='bbox 1862 2236 2114 2284; x_wconf 84' lang='grc' dir='ltr'><strong><em>ἐοίκατον</em></strong></span> <span class='ocrx_word' id='word_1_204' title='bbox 2142 2235 2315 2299; x_wconf 89' lang='grc' dir='ltr'><strong><em>ἀχθο-</em></strong></span> 
     </span>
    </p>

    <p class='ocr_par' dir='ltr' id='par_1_13' title="bbox 3 2298 2317 2407">
     <span class='ocr_line' id='line_1_21' title="bbox 3 2298 2317 2407; baseline 0.002 -42"><span class='ocrx_word' id='word_1_205' title='bbox 3 2298 8 2407; x_wconf 56' lang='grc' dir='ltr'>ἱ</span> <span class='ocrx_word' id='word_1_206' title='bbox 220 2320 387 2381; x_wconf 22' lang='grc' dir='ltr'><strong><em>,μένω</em></strong></span> <span class='ocrx_word' id='word_1_207' title='bbox 409 2315 476 2386; x_wconf 83' lang='grc' dir='ltr'><strong><em>τῇ</em></strong></span> <span class='ocrx_word' id='word_1_208' title='bbox 501 2318 793 2389; x_wconf 77' lang='grc' dir='ltr'><strong><em>συμφορᾷ·</em></strong></span> <span class='ocrx_word' id='word_1_209' title='bbox 812 2321 905 2370; x_wconf 85' lang='grc' dir='ltr'><strong><em>καὶ</em></strong></span> <span class='ocrx_word' id='word_1_210' title='bbox 933 2313 1091 2370; x_wconf 77' lang='grc' dir='ltr'><strong><em>οὐδὲν</em></strong></span> <span class='ocrx_word' id='word_1_211' title='bbox 1119 2320 1479 2384; x_wconf 83' lang='grc' dir='ltr'><strong><em>θαυμαστόν’</em></strong></span> <span class='ocrx_word' id='word_1_212' title='bbox 1501 2321 1628 2370; x_wconf 81' lang='grc' dir='ltr'><strong><em>ἐπεὶ</em></strong></span> <span class='ocrx_word' id='word_1_213' title='bbox 1650 2321 1743 2370; x_wconf 83' lang='grc' dir='ltr'><strong><em>καὶ</em></strong></span> <span class='ocrx_word' id='word_1_214' title='bbox 1768 2318 1835 2388; x_wconf 82' lang='grc' dir='ltr'><strong><em>τῇ</em></strong></span> <span class='ocrx_word' id='word_1_215' title='bbox 1863 2316 2029 2369; x_wconf 90' lang='grc' dir='ltr'><strong><em>πόλει</em></strong></span> <span class='ocrx_word' id='word_1_216' title='bbox 2048 2318 2199 2384; x_wconf 81' lang='grc' dir='ltr'><strong><em>ὑμῶν</em></strong></span> <span class='ocrx_word' id='word_1_217' title='bbox 2224 2321 2317 2370; x_wconf 83' lang='grc' dir='ltr'><strong><em>καὶ</em></strong></span> 
     </span>
    </p>

    <p class='ocr_par' dir='ltr' id='par_1_14' title="bbox 152 2393 2384 2812">
     <span class='ocr_line' id='line_1_22' title="bbox 152 2393 2315 2474; baseline -0 -19"><span class='ocrx_word' id='word_1_218' title='bbox 152 2414 202 2455; x_wconf 87' lang='grc'><strong><em>20</em></strong></span> <span class='ocrx_word' id='word_1_219' title='bbox 239 2399 307 2470; x_wconf 81' lang='grc' dir='ltr'><strong><em>τῇ</em></strong></span> <span class='ocrx_word' id='word_1_220' title='bbox 329 2393 546 2453; x_wconf 88' lang='grc' dir='ltr'><strong><em>Ἑλλάδι</em></strong></span> <span class='ocrx_word' id='word_1_221' title='bbox 572 2405 728 2472; x_wconf 86' lang='grc' dir='ltr'><strong><em>πάσῃ</em></strong></span> <span class='ocrx_word' id='word_1_222' title='bbox 758 2402 1046 2474; x_wconf 84' lang='grc' dir='ltr'><strong><em>ὠφέλιμος</em></strong></span> <span class='ocrx_word' id='word_1_223' title='bbox 1064 2400 1191 2471; x_wconf 88' lang='grc' dir='ltr'><strong><em>&lt;ἂν&gt;</em></strong></span> <span class='ocrx_word' id='word_1_224' title='bbox 1208 2401 1273 2473; x_wconf 82' lang='grc' dir='ltr'><strong><em>ἧν</em></strong></span> <span class='ocrx_word' id='word_1_225' title='bbox 1305 2410 1560 2464; x_wconf 90' lang='grc' dir='ltr'><strong><em>τοιοῦτος</em></strong></span> <span class='ocrx_word' id='word_1_226' title='bbox 1587 2405 1721 2473; x_wconf 84' lang='grc' dir='ltr'><strong><em>ἀνὴρ</em></strong></span> <span class='ocrx_word' id='word_1_227' title='bbox 1750 2405 1806 2454; x_wconf 83' lang='grc' dir='ltr'><strong><em>ἐν</em></strong></span> <span class='ocrx_word' id='word_1_228' title='bbox 1832 2403 1912 2470; x_wconf 73' lang='grc' dir='ltr'><strong><em>τῷ</em></strong></span> <span class='ocrx_word' id='word_1_229' title='bbox 1936 2404 2040 2470; x_wconf 80' lang='grc' dir='ltr'><strong><em>βίῳ</em></strong></span> <span class='ocrx_word' id='word_1_230' title='bbox 2071 2402 2315 2471; x_wconf 89' lang='grc' dir='ltr'><strong><em>διαγενό-</em></strong></span> 
     </span>
     <span class='ocr_line' id='line_1_23' title="bbox 237 2481 2313 2559; baseline 0.001 -24"><span class='ocrx_word' id='word_1_231' title='bbox 237 2502 404 2551; x_wconf 90' lang='grc' dir='ltr'><strong><em>μενος</em></strong></span> <span class='ocrx_word' id='word_1_232' title='bbox 425 2486 545 2548; x_wconf 86' lang='grc' dir='ltr'><strong><em>οἶος</em></strong></span> <span class='ocrx_word' id='word_1_233' title='bbox 568 2486 630 2557; x_wconf 84' lang='grc' dir='ltr'><strong><em>δὴ</em></strong></span> <span class='ocrx_word' id='word_1_234' title='bbox 653 2487 988 2559; x_wconf 87' lang='grc' dir='ltr'><strong><em>Χαρίδημος</em></strong></span> <span class='ocrx_word' id='word_1_235' title='bbox 1007 2491 1146 2554; x_wconf 88' lang='grc' dir='ltr'><strong><em>τάχα</em></strong></span> <span class='ocrx_word' id='word_1_236' title='bbox 1169 2485 1392 2554; x_wconf 84' lang='grc' dir='ltr'><strong><em>ἔμελλεν</em></strong></span> <span class='ocrx_word' id='word_1_237' title='bbox 1413 2489 1669 2538; x_wconf 82' lang='grc' dir='ltr'><strong><em>ἔσεσθαι.</em></strong></span> <span class='ocrx_word' id='word_1_238' title='bbox 1712 2481 1773 2538; x_wconf 81' lang='grc' dir='ltr'><strong><em>οὗ</em></strong></span> <span class='ocrx_word' id='word_1_239' title='bbox 1793 2488 1894 2555; x_wconf 83' lang='grc' dir='ltr'><strong><em>γὰρ</em></strong></span> <span class='ocrx_word' id='word_1_240' title='bbox 1918 2489 2085 2555; x_wconf 84' lang='grc' dir='ltr'><strong><em>ἔγωγε</em></strong></span> <span class='ocrx_word' id='word_1_241' title='bbox 2106 2489 2313 2538; x_wconf 81' lang='grc' dir='ltr'><strong><em>ἐκείνου</em></strong></span> 
     </span>
     <span class='ocr_line' id='line_1_24' title="bbox 237 2565 2311 2642; baseline 0 -21"><span class='ocrx_word' id='word_1_242' title='bbox 237 2573 528 2639; x_wconf 90' lang='grc' dir='ltr'><strong><em>μειρακίου</em></strong></span> <span class='ocrx_word' id='word_1_243' title='bbox 559 2574 717 2634; x_wconf 81' lang='grc' dir='ltr'><strong><em>ὄντος</em></strong></span> <span class='ocrx_word' id='word_1_244' title='bbox 757 2572 955 2625; x_wconf 80' lang='grc' dir='ltr'><strong><em>οὐδένα</em></strong></span> <span class='ocrx_word' id='word_1_245' title='bbox 988 2575 1158 2641; x_wconf 84' lang='grc' dir='ltr'><strong><em>ἔγνων</em></strong></span> <span class='ocrx_word' id='word_1_246' title='bbox 1197 2565 1569 2642; x_wconf 77' lang='grc' dir='ltr'><strong><em>εὐψυχότερον</em></strong></span> <span class='ocrx_word' id='word_1_247' title='bbox 1599 2566 1725 2622; x_wconf 77' lang='grc' dir='ltr'><strong><em>οὐδὲ</em></strong></span> <span class='ocrx_word' id='word_1_248' title='bbox 1753 2573 1980 2637; x_wconf 83' lang='grc' dir='ltr'><strong><em>ἄμεινον</em></strong></span> <span class='ocrx_word' id='word_1_249' title='bbox 2007 2574 2311 2641; x_wconf 90' lang='grc' dir='ltr'><strong><em>πεφυκότα.</em></strong></span> 
     </span>
     <span class='ocr_line' id='line_1_25' title="bbox 237 2651 2384 2727; baseline 0 -22"><span class='ocrx_word' id='word_1_250' title='bbox 237 2683 307 2690; x_wconf 86' lang='grc'>-</span> <span class='ocrx_word' id='word_1_251' title='bbox 348 2658 408 2706; x_wconf 90' lang='grc' dir='ltr'><strong><em>Τ.</em></strong></span> <span class='ocrx_word' id='word_1_252' title='bbox 450 2655 525 2706; x_wconf 83' lang='grc' dir='ltr'><strong><em>Εἴ</em></strong></span> <span class='ocrx_word' id='word_1_253' title='bbox 554 2674 614 2724; x_wconf 89' lang='grc' dir='ltr'><strong><em>γε</em></strong></span> <span class='ocrx_word' id='word_1_254' title='bbox 649 2651 807 2727; x_wconf 81' lang='grc' dir='ltr'><strong><em>ᾔδεις</em></strong></span> <span class='ocrx_word' id='word_1_255' title='bbox 845 2661 1002 2720; x_wconf 85' lang='grc' dir='ltr'><strong><em>ὅπως</em></strong></span> <span class='ocrx_word' id='word_1_256' title='bbox 1052 2657 1288 2709; x_wconf 89' lang='grc' dir='ltr'><strong><em>διέκειτο</em></strong></span> <span class='ocrx_word' id='word_1_257' title='bbox 1330 2660 1473 2726; x_wconf 84' lang='grc' dir='ltr'><strong><em>πρὸς</em></strong></span> <span class='ocrx_word' id='word_1_258' title='bbox 1513 2661 1601 2720; x_wconf 91' lang='grc' dir='ltr'><strong><em>σέ,</em></strong></span> <span class='ocrx_word' id='word_1_259' title='bbox 1653 2654 1797 2706; x_wconf 82' lang='grc' dir='ltr'><strong><em>πολύ</em></strong></span> <span class='ocrx_word' id='word_1_260' title='bbox 1847 2658 1912 2706; x_wconf 84' lang='grc' dir='ltr'><strong><em>ἂν</em></strong></span> <span class='ocrx_word' id='word_1_261' title='bbox 1958 2653 2165 2721; x_wconf 78' lang='grc' dir='ltr'><strong><em>μᾶλλον</em></strong></span> <span class='ocrx_word' id='word_1_262' title='bbox 2203 2657 2313 2705; x_wconf 85' lang='grc' dir='ltr'><strong><em>ἐνε-</em></strong></span> <span class='ocrx_word' id='word_1_263' title='bbox 2351 2657 2384 2705; x_wconf 92' lang='grc'>4</span> 
     </span>
     <span class='ocr_line' id='line_1_26' title="bbox 236 2733 2313 2812; baseline -0 -22"><span class='ocrx_word' id='word_1_264' title='bbox 236 2737 510 2806; x_wconf 82' lang='grc' dir='ltr'><strong><em>κωμίαζες</em></strong></span> <span class='ocrx_word' id='word_1_265' title='bbox 549 2735 732 2793; x_wconf 77' lang='grc' dir='ltr'><strong><em>αὐτόν.</em></strong></span> <span class='ocrx_word' id='word_1_266' title='bbox 795 2745 922 2808; x_wconf 83' lang='grc' dir='ltr'><strong><em>ἐμοὶ</em></strong></span> <span class='ocrx_word' id='word_1_267' title='bbox 957 2746 1058 2809; x_wconf 87' lang='grc' dir='ltr'><strong><em>μὲν</em></strong></span> <span class='ocrx_word' id='word_1_268' title='bbox 1094 2744 1196 2812; x_wconf 83' lang='grc' dir='ltr'><strong><em>γὰρ</em></strong></span> <span class='ocrx_word' id='word_1_269' title='bbox 1236 2740 1418 2792; x_wconf 82' lang='grc' dir='ltr'><strong><em>ἐδόκει</em></strong></span> <span class='ocrx_word' id='word_1_270' title='bbox 1441 2742 1623 2807; x_wconf 90' lang='grc' dir='ltr'><strong><em>κάμοῦ</em></strong></span> <span class='ocrx_word' id='word_1_271' title='bbox 1655 2746 1757 2790; x_wconf 93' lang='grc' dir='ltr'><strong><em>τοῦ</em></strong></span> <span class='ocrx_word' id='word_1_272' title='bbox 1785 2742 2014 2807; x_wconf 91' lang='grc' dir='ltr'><strong><em>πατρός,</em></strong></span> <span class='ocrx_word' id='word_1_273' title='bbox 2056 2733 2118 2789; x_wconf 78' lang='grc' dir='ltr'><strong><em>οὗ</em></strong></span> <span class='ocrx_word' id='word_1_274' title='bbox 2142 2742 2313 2804; x_wconf 92' lang='grc' dir='ltr'><strong><em>μόνον</em></strong></span> 
     </span>
    </p>

    <p class='ocr_par' dir='ltr' id='par_1_15' title="bbox 26 2813 2312 3062">
     <span class='ocr_line' id='line_1_27' title="bbox 87 2813 2308 2896; baseline -0.002 -19"><span class='ocrx_word' id='word_1_275' title='bbox 87 2813 91 2816; x_wconf 68' lang='lat'>,</span> <span class='ocrx_word' id='word_1_276' title='bbox 157 2837 205 2877; x_wconf 84' lang='lat'><strong><em>25</em></strong></span> <span class='ocrx_word' id='word_1_277' title='bbox 241 2825 350 2876; x_wconf 83' lang='grc' dir='ltr'><strong><em>τῶν</em></strong></span> <span class='ocrx_word' id='word_1_278' title='bbox 390 2824 574 2877; x_wconf 80' lang='grc' dir='ltr'><strong><em>ἄλλων</em></strong></span> <span class='ocrx_word' id='word_1_279' title='bbox 612 2828 938 2896; x_wconf 86' lang='grc' dir='ltr'><strong><em>ἀνθρώπων</em></strong></span> <span class='ocrx_word' id='word_1_280' title='bbox 979 2830 1039 2878; x_wconf 82' lang='grc' dir='ltr'><strong><em>σὲ</em></strong></span> <span class='ocrx_word' id='word_1_281' title='bbox 1068 2833 1362 2896; x_wconf 82' lang='grc' dir='ltr'><strong><em>προτιμᾶν,</em></strong></span> <span class='ocrx_word' id='word_1_282' title='bbox 1402 2828 1462 2886; x_wconf 82' lang='grc' dir='ltr'><strong><em>ὅς</em></strong></span> <span class='ocrx_word' id='word_1_283' title='bbox 1499 2841 1559 2892; x_wconf 88' lang='grc' dir='ltr'><strong><em>γε</em></strong></span> <span class='ocrx_word' id='word_1_284' title='bbox 1582 2827 1675 2875; x_wconf 86' lang='grc' dir='ltr'><strong><em>καὶ</em></strong></span> <span class='ocrx_word' id='word_1_285' title='bbox 1700 2827 1757 2875; x_wconf 86' lang='grc' dir='ltr'><strong><em>έν</em></strong></span> <span class='ocrx_word' id='word_1_286' title='bbox 1794 2823 1863 2892; x_wconf 82' lang='grc' dir='ltr'><strong><em>τῇ</em></strong></span> <span class='ocrx_word' id='word_1_287' title='bbox 1900 2826 2044 2889; x_wconf 81' lang='grc' dir='ltr'><strong><em>νόσῳ</em></strong></span> <span class='ocrx_word' id='word_1_288' title='bbox 2072 2821 2308 2892; x_wconf 82' lang='grc' dir='ltr'><strong><em>κάπειδὴ</em></strong></span> 
     </span>
     <span class='ocr_line' id='line_1_28' title="bbox 237 2905 2312 2978; baseline -0.001 -18"><span class='ocrx_word' id='word_1_289' title='bbox 237 2913 382 2974; x_wconf 84' lang='grc' dir='ltr'><strong><em>πρὸς</em></strong></span> <span class='ocrx_word' id='word_1_290' title='bbox 421 2905 575 2978; x_wconf 74' lang='grc' dir='ltr'><strong><em>αὐτῷ</em></strong></span> <span class='ocrx_word' id='word_1_291' title='bbox 613 2910 807 2976; x_wconf 87' lang='grc' dir='ltr'><strong><em>σχεδόν</em></strong></span> <span class='ocrx_word' id='word_1_292' title='bbox 845 2930 902 2962; x_wconf 92' lang='grc' dir='ltr'><strong><em>τι</em></strong></span> <span class='ocrx_word' id='word_1_293' title='bbox 937 2917 1018 2978; x_wconf 74' lang='grc' dir='ltr'><strong><em>τῷ</em></strong></span> <span class='ocrx_word' id='word_1_294' title='bbox 1054 2913 1286 2977; x_wconf 80' lang='grc' dir='ltr'><strong><em>θανάτῳ</em></strong></span> <span class='ocrx_word' id='word_1_295' title='bbox 1327 2907 1414 2978; x_wconf 82' lang='grc' dir='ltr'><strong><em>ἥν,</em></strong></span> <span class='ocrx_word' id='word_1_296' title='bbox 1466 2911 1559 2959; x_wconf 84' lang='grc' dir='ltr'><strong><em>καὶ</em></strong></span> <span class='ocrx_word' id='word_1_297' title='bbox 1605 2908 1756 2974; x_wconf 80' lang='grc' dir='ltr'><strong><em>ἡμῶν</em></strong></span> <span class='ocrx_word' id='word_1_298' title='bbox 1803 2906 1961 2958; x_wconf 83' lang='grc' dir='ltr'><strong><em>ἔνδον</em></strong></span> <span class='ocrx_word' id='word_1_299' title='bbox 2010 2909 2182 2956; x_wconf 84' lang='grc' dir='ltr'><strong><em>ὄντων</em></strong></span> <span class='ocrx_word' id='word_1_300' title='bbox 2219 2908 2312 2958; x_wconf 84' lang='grc' dir='ltr'><strong><em>καὶ</em></strong></span> 
     </span>
     <span class='ocr_line' id='line_1_29' title="bbox 26 2987 2309 3062; baseline -0.002 -18"><span class='ocrx_word' id='word_1_301' title='bbox 26 3007 216 3051; x_wconf 66' lang='grc'>(548311)</span> <span class='ocrx_word' id='word_1_302' title='bbox 237 2993 420 3045; x_wconf 81' lang='grc' dir='ltr'><strong><em>ἄλλων</em></strong></span> <span class='ocrx_word' id='word_1_303' title='bbox 470 2993 734 3062; x_wconf 80' lang='grc' dir='ltr'><strong><em>ξυγγενῶν</em></strong></span> <span class='ocrx_word' id='word_1_304' title='bbox 781 2998 875 3046; x_wconf 86' lang='grc' dir='ltr'><strong><em>καὶ</em></strong></span> <span class='ocrx_word' id='word_1_305' title='bbox 920 2993 1168 3045; x_wconf 84' lang='grc' dir='ltr'><strong><em>πολιτῶν</em></strong></span> <span class='ocrx_word' id='word_1_306' title='bbox 1209 2996 1303 3044; x_wconf 85' lang='grc' dir='ltr'><strong><em>καὶ</em></strong></span> <span class='ocrx_word' id='word_1_307' title='bbox 1338 2994 1629 3061; x_wconf 90' lang='grc' dir='ltr'><strong><em>γνωρίμων</em></strong></span> <span class='ocrx_word' id='word_1_308' title='bbox 1679 2994 1738 3041; x_wconf 85' lang='grc' dir='ltr'><strong><em>σὲ</em></strong></span> <span class='ocrx_word' id='word_1_309' title='bbox 1778 2987 2051 3055; x_wconf 83' lang='grc' dir='ltr'><strong><em>ὠνόμαζε,</em></strong></span> <span class='ocrx_word' id='word_1_310' title='bbox 2099 2992 2161 3041; x_wconf 87' lang='grc' dir='ltr'><strong><em>τὸ</em></strong></span> <span class='ocrx_word' id='word_1_311' title='bbox 2201 3006 2309 3040; x_wconf 87' lang='grc' dir='ltr'><strong><em>πα-</em></strong></span> 
     </span>
    </p>
   </div>
   <div class='ocr_carea' id='block_1_4' title="bbox 232 3196 2310 3759">
    <p class='ocr_par' dir='ltr' id='par_1_16' title="bbox 232 3196 2310 3759">
     <span class='ocr_line' id='line_1_30' title="bbox 378 3196 2309 3261; baseline -0.001 -13"><span class='ocrx_word' id='word_1_312' title='bbox 378 3208 402 3248; x_wconf 89' lang='grc'><strong>3</strong></span> <span class='ocrx_word' id='word_1_313' title='bbox 434 3206 584 3261; x_wconf 78' lang='grc' dir='ltr'><strong><em>δευρεὶ</em></strong></span> <span class='ocrx_word' id='word_1_314' title='bbox 612 3204 664 3247; x_wconf 88' lang='grc' dir='ltr'><strong>Μ</strong></span> <span class='ocrx_word' id='word_1_315' title='bbox 777 3207 805 3247; x_wconf 94' lang='grc'>4</span> <span class='ocrx_word' id='word_1_316' title='bbox 833 3198 1041 3260; x_wconf 81' lang='grc' dir='ltr'><strong><em>ἐντυχὼν</em></strong></span> <span class='ocrx_word' id='word_1_317' title='bbox 1070 3201 1243 3257; x_wconf 85' lang='lat' dir='ltr'>scripsi,</span> <span class='ocrx_word' id='word_1_318' title='bbox 1272 3199 1486 3258; x_wconf 81' lang='grc' dir='ltr'><strong><em>ἐνέτυχεν</em></strong></span> <span class='ocrx_word' id='word_1_319' title='bbox 1504 3199 1607 3244; x_wconf 88' lang='lat' dir='ltr'>libri</span> <span class='ocrx_word' id='word_1_320' title='bbox 1721 3203 1745 3242; x_wconf 90' lang='lat'>5</span> <span class='ocrx_word' id='word_1_321' title='bbox 1771 3196 2085 3256; x_wconf 81' lang='grc' dir='ltr'><strong><em>ἐπιστάμενος</em></strong></span> <span class='ocrx_word' id='word_1_322' title='bbox 2113 3197 2232 3247; x_wconf 81' lang='grc' dir='ltr'><strong><em>ἀλλὰ</em></strong></span> <span class='ocrx_word' id='word_1_323' title='bbox 2254 3201 2309 3247; x_wconf 80' lang='grc' dir='ltr'><strong><em>σὲ</em></strong></span> 
     </span>
     <span class='ocr_line' id='line_1_31' title="bbox 234 3266 2235 3330; baseline -0.004 -7"><span class='ocrx_word' id='word_1_324' title='bbox 234 3271 437 3323; x_wconf 74' lang='grc' dir='ltr'><strong><em>ἀκοῦσαι</em></strong></span> <span class='ocrx_word' id='word_1_325' title='bbox 457 3274 507 3317; x_wconf 91' lang='grc' dir='ltr'><strong>Μ</strong></span> <span class='ocrx_word' id='word_1_326' title='bbox 527 3269 842 3329; x_wconf 82' lang='grc' dir='ltr'><strong><em>ἐπιστάμενος</em></strong></span> <span class='ocrx_word' id='word_1_327' title='bbox 863 3266 974 3318; x_wconf 75' lang='grc' dir='ltr'><strong><em>ἀλλ’</em></strong></span> <span class='ocrx_word' id='word_1_328' title='bbox 996 3266 1061 3325; x_wconf 81' lang='grc' dir='ltr'><strong><em>ὡς</em></strong></span> <span class='ocrx_word' id='word_1_329' title='bbox 1079 3269 1253 3329; x_wconf 77' lang='grc' dir='ltr'><strong><em>ἢκουσε</em></strong></span> <span class='ocrx_word' id='word_1_330' title='bbox 1273 3267 1366 3330; x_wconf 83' lang='grc' dir='ltr'><strong><em>γὰρ</em></strong></span> <span class='ocrx_word' id='word_1_331' title='bbox 1386 3272 1439 3326; x_wconf 93' lang='grc' dir='ltr'><strong><em>Β,</em></strong></span> <span class='ocrx_word' id='word_1_332' title='bbox 1459 3270 1566 3315; x_wconf 83' lang='lat' dir='ltr'>item</span> <span class='ocrx_word' id='word_1_333' title='bbox 1587 3269 1666 3315; x_wconf 84' lang='lat' dir='ltr'><strong><em>sed</em></strong></span> <span class='ocrx_word' id='word_1_334' title='bbox 1684 3267 1866 3327; x_wconf 81' lang='grc' dir='ltr'><strong><em>ἥκουσα</em></strong></span> <span class='ocrx_word' id='word_1_335' title='bbox 1887 3270 1941 3323; x_wconf 89' lang='lat' dir='ltr'><strong><em>U,</em></strong></span> <span class='ocrx_word' id='word_1_336' title='bbox 1963 3283 2077 3315; x_wconf 84' lang='lat' dir='ltr'>corr.</span> <span class='ocrx_word' id='word_1_337' title='bbox 2100 3270 2235 3315; x_wconf 88' lang='lat' dir='ltr'>Dind.</span> 
     </span>
     <span class='ocr_line' id='line_1_32' title="bbox 234 3333 2307 3402; baseline -0.003 -12"><span class='ocrx_word' id='word_1_338' title='bbox 234 3350 259 3390; x_wconf 90' lang='grc'>6</span> <span class='ocrx_word' id='word_1_339' title='bbox 290 3342 482 3392; x_wconf 83' lang='grc' dir='ltr'><strong><em>τούτοιν</em></strong></span> <span class='ocrx_word' id='word_1_340' title='bbox 502 3345 583 3390; x_wconf 92' lang='lat' dir='ltr'><strong><em>UB</em></strong></span> <span class='ocrx_word' id='word_1_341' title='bbox 700 3347 723 3386; x_wconf 86' lang='lat'><strong>7</strong></span> <span class='ocrx_word' id='word_1_342' title='bbox 754 3340 930 3402; x_wconf 87' lang='grc' dir='ltr'><strong><em>μεσήνη</em></strong></span> <span class='ocrx_word' id='word_1_343' title='bbox 950 3342 989 3386; x_wconf 92' lang='lat' dir='ltr'><strong>U</strong></span> <span class='ocrx_word' id='word_1_344' title='bbox 1075 3340 1196 3398; x_wconf 85' lang='grc' dir='ltr'><strong><em>μετὰ</em></strong></span> <span class='ocrx_word' id='word_1_345' title='bbox 1227 3333 1283 3387; x_wconf 81' lang='grc' dir='ltr'><strong><em>οὗ</em></strong></span> <span class='ocrx_word' id='word_1_346' title='bbox 1302 3341 1383 3386; x_wconf 90' lang='lat' dir='ltr'><strong><em>UB</em></strong></span> <span class='ocrx_word' id='word_1_347' title='bbox 1498 3345 1523 3386; x_wconf 89' lang='lat'>9</span> <span class='ocrx_word' id='word_1_348' title='bbox 1553 3339 1770 3399; x_wconf 87' lang='grc' dir='ltr'><strong><em>φανερὸν</em></strong></span> <span class='ocrx_word' id='word_1_349' title='bbox 1789 3341 1870 3387; x_wconf 93' lang='lat' dir='ltr'><strong><em>UB</em></strong></span> <span class='ocrx_word' id='word_1_350' title='bbox 1900 3343 1979 3386; x_wconf 83' lang='grc' dir='ltr'><strong><em>καὶ</em></strong></span> <span class='ocrx_word' id='word_1_351' title='bbox 2008 3336 2222 3399; x_wconf 85' lang='grc' dir='ltr'><strong><em>φανερὸν</em></strong></span> <span class='ocrx_word' id='word_1_352' title='bbox 2242 3339 2307 3393; x_wconf 89' lang='grc' dir='ltr'><strong><em>Μ,</em></strong></span> 
     </span>
     <span class='ocr_line' id='line_1_33' title="bbox 233 3408 2306 3476; baseline -0.003 -13"><span class='ocrx_word' id='word_1_353' title='bbox 233 3412 446 3476; x_wconf 86' lang='grc' dir='ltr'><strong><em>φανερὸς</em></strong></span> <span class='ocrx_word' id='word_1_354' title='bbox 475 3415 512 3458; x_wconf 90' lang='grc' dir='ltr'><strong>Τ</strong></span> <span class='ocrx_word' id='word_1_355' title='bbox 640 3417 691 3459; x_wconf 87' lang='grc'><strong><em>12</em></strong></span> <span class='ocrx_word' id='word_1_356' title='bbox 722 3409 842 3459; x_wconf 84' lang='grc' dir='ltr'><strong><em>πολὺ</em></strong></span> <span class='ocrx_word' id='word_1_357' title='bbox 873 3408 940 3458; x_wconf 71' lang='grc' dir='ltr'><strong><em>ἔτι</em></strong></span> <span class='ocrx_word' id='word_1_358' title='bbox 969 3412 1050 3457; x_wconf 92' lang='lat' dir='ltr'><strong><em>UB</em></strong></span> <span class='ocrx_word' id='word_1_359' title='bbox 1177 3415 1228 3455; x_wconf 87' lang='grc'><strong><em>12</em></strong></span> <span class='ocrx_word' id='word_1_360' title='bbox 1259 3414 1497 3470; x_wconf 77' lang='grc' dir='ltr'><strong><em>δειχθῆναι</em></strong></span> <span class='ocrx_word' id='word_1_361' title='bbox 1526 3410 1670 3463; x_wconf 88' lang='lat' dir='ltr'>UBM,</span> <span class='ocrx_word' id='word_1_362' title='bbox 1702 3414 1926 3470; x_wconf 75' lang='grc' dir='ltr'><strong><em>δηχθῆναι</em></strong></span> <span class='ocrx_word' id='word_1_363' title='bbox 1958 3411 1996 3454; x_wconf 92' lang='grc' dir='ltr'><strong>Τ</strong></span> <span class='ocrx_word' id='word_1_364' title='bbox 2114 3414 2164 3455; x_wconf 88' lang='grc'><strong><em>13</em></strong></span> <span class='ocrx_word' id='word_1_365' title='bbox 2193 3408 2306 3467; x_wconf 81' lang='grc' dir='ltr'><strong><em>ὑμῖν</em></strong></span> 
     </span>
     <span class='ocr_line' id='line_1_34' title="bbox 232 3477 2310 3545; baseline -0.003 -11"><span class='ocrx_word' id='word_1_366' title='bbox 232 3488 379 3542; x_wconf 88' lang='lat' dir='ltr'>UBM,</span> <span class='ocrx_word' id='word_1_367' title='bbox 410 3483 520 3545; x_wconf 72' lang='grc' dir='ltr'><strong><em>ἡμῖν</em></strong></span> <span class='ocrx_word' id='word_1_368' title='bbox 550 3485 587 3529; x_wconf 88' lang='grc' dir='ltr'>Τ</span> <span class='ocrx_word' id='word_1_369' title='bbox 702 3482 899 3530; x_wconf 81' lang='grc' dir='ltr'><strong><em>ἐκείνων</em></strong></span> <span class='ocrx_word' id='word_1_370' title='bbox 929 3482 968 3526; x_wconf 91' lang='lat' dir='ltr'>U</span> <span class='ocrx_word' id='word_1_371' title='bbox 1086 3485 1138 3526; x_wconf 87' lang='lat'><strong><em>16</em></strong></span> <span class='ocrx_word' id='word_1_372' title='bbox 1164 3481 1392 3542; x_wconf 86' lang='grc' dir='ltr'><strong><em>χαρίεντα</em></strong></span> <span class='ocrx_word' id='word_1_373' title='bbox 1421 3481 1668 3540; x_wconf 83' lang='grc' dir='ltr'><strong><em>γεγονέναι</em></strong></span> <span class='ocrx_word' id='word_1_374' title='bbox 1697 3482 1801 3536; x_wconf 80' lang='lat' dir='ltr'><strong>(hoe</strong></span> <span class='ocrx_word' id='word_1_375' title='bbox 1829 3481 1943 3534; x_wconf 87' lang='lat' dir='ltr'><strong>ord.)</strong></span> <span class='ocrx_word' id='word_1_376' title='bbox 1973 3480 2014 3525; x_wconf 93' lang='lat' dir='ltr'>U</span> <span class='ocrx_word' id='word_1_377' title='bbox 2131 3485 2181 3525; x_wconf 82' lang='lat'><strong><em>17</em></strong></span> <span class='ocrx_word' id='word_1_378' title='bbox 2213 3477 2310 3528; x_wconf 77' lang='grc' dir='ltr'><strong><em>ἕτε-</em></strong></span> 
     </span>
     <span class='ocr_line' id='line_1_35' title="bbox 235 3546 2230 3618; baseline -0.006 -13"><span class='ocrx_word' id='word_1_379' title='bbox 235 3576 323 3618; x_wconf 83' lang='grc' dir='ltr'><strong><em>ρον</em></strong></span> <span class='ocrx_word' id='word_1_380' title='bbox 346 3558 396 3601; x_wconf 92' lang='grc' dir='ltr'><strong>Μ</strong></span> <span class='ocrx_word' id='word_1_381' title='bbox 474 3553 630 3603; x_wconf 81' lang='grc' dir='ltr'><strong><em>αὐτῶν</em></strong></span> <span class='ocrx_word' id='word_1_382' title='bbox 649 3555 691 3601; x_wconf 93' lang='lat' dir='ltr'>U</span> <span class='ocrx_word' id='word_1_383' title='bbox 771 3558 822 3599; x_wconf 90' lang='lat'><strong><em>18</em></strong></span> <span class='ocrx_word' id='word_1_384' title='bbox 841 3554 1020 3607; x_wconf 84' lang='grc' dir='ltr'><strong><em>οἰκείας</em></strong></span> <span class='ocrx_word' id='word_1_385' title='bbox 1039 3553 1089 3597; x_wconf 88' lang='grc' dir='ltr'><strong>Μ</strong></span> <span class='ocrx_word' id='word_1_386' title='bbox 1165 3548 1296 3611; x_wconf 75' lang='grc' dir='ltr'><strong><em>ἡμεῖς</em></strong></span> <span class='ocrx_word' id='word_1_387' title='bbox 1316 3553 1355 3596; x_wconf 94' lang='grc' dir='ltr'>Β</span> <span class='ocrx_word' id='word_1_388' title='bbox 1440 3546 1713 3610; x_wconf 79' lang='grc' dir='ltr'><strong><em>άχθομένωι</em></strong></span> <span class='ocrx_word' id='word_1_389' title='bbox 1736 3551 1774 3596; x_wconf 92' lang='lat' dir='ltr'>U</span> <span class='ocrx_word' id='word_1_390' title='bbox 1851 3554 1904 3595; x_wconf 87' lang='grc'><strong><em>20</em></strong></span> <span class='ocrx_word' id='word_1_391' title='bbox 1926 3547 1987 3598; x_wconf 71' lang='grc' dir='ltr'><strong><em>ἂν</em></strong></span> <span class='ocrx_word' id='word_1_392' title='bbox 2006 3550 2107 3596; x_wconf 83' lang='lat' dir='ltr'><strong>add.</strong></span> <span class='ocrx_word' id='word_1_393' title='bbox 2124 3551 2230 3595; x_wconf 87' lang='lat' dir='ltr'>Wil.</span> 
     </span>
     <span class='ocr_line' id='line_1_36' title="bbox 234 3613 2223 3683; baseline -0.003 -11"><span class='ocrx_word' id='word_1_394' title='bbox 234 3632 286 3673; x_wconf 87' lang='lat'><strong><em>23</em></strong></span> <span class='ocrx_word' id='word_1_395' title='bbox 308 3624 462 3675; x_wconf 80' lang='grc' dir='ltr'><strong><em>πολλὰ</em></strong></span> <span class='ocrx_word' id='word_1_396' title='bbox 484 3628 523 3672; x_wconf 92' lang='lat' dir='ltr'>U</span> <span class='ocrx_word' id='word_1_397' title='bbox 611 3631 666 3671; x_wconf 80' lang='lat'><strong><em>24</em></strong></span> <span class='ocrx_word' id='word_1_398' title='bbox 693 3625 992 3683; x_wconf 83' lang='grc' dir='ltr'><strong><em>ἐνεκομίαζες</em></strong></span> <span class='ocrx_word' id='word_1_399' title='bbox 1011 3624 1051 3669; x_wconf 93' lang='lat' dir='ltr'>U</span> <span class='ocrx_word' id='word_1_400' title='bbox 1082 3638 1139 3667; x_wconf 84' lang='lat' dir='ltr'><strong><em>m.</em></strong></span> <span class='ocrx_word' id='word_1_401' title='bbox 1170 3637 1238 3680; x_wconf 86' lang='lat' dir='ltr'><strong><em>pr.</em></strong></span> <span class='ocrx_word' id='word_1_402' title='bbox 1339 3626 1490 3669; x_wconf 84' lang='grc' dir='ltr'><strong><em>καλοῦ</em></strong></span> <span class='ocrx_word' id='word_1_403' title='bbox 1517 3635 1599 3680; x_wconf 86' lang='lat' dir='ltr'><strong><em>pro</em></strong></span> <span class='ocrx_word' id='word_1_404' title='bbox 1620 3615 1777 3678; x_wconf 80' lang='grc' dir='ltr'><strong><em>κάμοῦ</em></strong></span> <span class='ocrx_word' id='word_1_405' title='bbox 1795 3622 1845 3666; x_wconf 91' lang='grc' dir='ltr'><strong>Μ</strong></span> <span class='ocrx_word' id='word_1_406' title='bbox 1932 3625 1983 3666; x_wconf 84' lang='grc'><strong><em>25</em></strong></span> <span class='ocrx_word' id='word_1_407' title='bbox 2015 3613 2080 3674; x_wconf 67' lang='grc' dir='ltr'><strong><em>ὥς</em></strong></span> <span class='ocrx_word' id='word_1_408' title='bbox 2108 3637 2162 3679; x_wconf 84' lang='grc' dir='ltr'><strong><em>γε</em></strong></span> <span class='ocrx_word' id='word_1_409' title='bbox 2183 3621 2223 3666; x_wconf 94' lang='lat' dir='ltr'>U</span> 
     </span>
     <span class='ocr_line' id='line_1_37' title="bbox 232 3687 2040 3759; baseline -0.004 -17"><span class='ocrx_word' id='word_1_410' title='bbox 232 3702 285 3742; x_wconf 84' lang='lat'><strong><em>27</em></strong></span> <span class='ocrx_word' id='word_1_411' title='bbox 316 3702 397 3745; x_wconf 86' lang='grc' dir='ltr'><strong><em>καὶ</em></strong></span> <span class='ocrx_word' id='word_1_412' title='bbox 425 3699 680 3759; x_wconf 84' lang='grc' dir='ltr'><strong><em>γνωρίμων</em></strong></span> <span class='ocrx_word' id='word_1_413' title='bbox 710 3698 757 3741; x_wconf 92' lang='grc' dir='ltr'><strong>Μ</strong></span> <span class='ocrx_word' id='word_1_414' title='bbox 787 3700 884 3742; x_wconf 81' lang='grc' dir='ltr'><strong><em>τῶν</em></strong></span> <span class='ocrx_word' id='word_1_415' title='bbox 911 3697 1166 3755; x_wconf 85' lang='grc' dir='ltr'><strong><em>γνωρίμων</em></strong></span> <span class='ocrx_word' id='word_1_416' title='bbox 1194 3693 1274 3738; x_wconf 89' lang='lat' dir='ltr'><strong><em>UB</em></strong></span> <span class='ocrx_word' id='word_1_417' title='bbox 1390 3687 1600 3750; x_wconf 80' lang='grc' dir='ltr'><strong><em>ὀνόμαζε</em></strong></span> <span class='ocrx_word' id='word_1_418' title='bbox 1628 3692 1671 3738; x_wconf 92' lang='lat' dir='ltr'>U</span> <span class='ocrx_word' id='word_1_419' title='bbox 1784 3692 1840 3739; x_wconf 85' lang='grc' dir='ltr'><strong><em>τὸ</em></strong></span> <span class='ocrx_word' id='word_1_420' title='bbox 1873 3705 1959 3736; x_wconf 89' lang='lat' dir='ltr'><strong><em>om.</em></strong></span> <span class='ocrx_word' id='word_1_421' title='bbox 1990 3692 2040 3735; x_wconf 92' lang='lat' dir='ltr'>M</span> 
     </span>
    </p>
   </div>
  </div>
 </body>
</html>
